4230 6388
143 341 203 399 777

142 495 221 569 turi,
243 495 329 573 quod
351 494 478 556 coactio
503 493 657 556 meritum
681 507 747 554 non
767 492 933 555 excludat.

142 593 212 654 Nos
237 593 326 653 enim
350 593 466 654 damus
491 591 676 653 venerabili
699 590 795 652 116111
821 590 934 651 666116

143 689 299 766 66166666
310 689 531 750 Eduensiet...
547 685 782 749 archidiacono
796 687 932 748 Belnen.

143 787 305 848 Eduensis
331 786 483 847 dioecesis
503 801 564 862 per
589 785 721 846 nostras
745 784 874 844 litteras
899 783 934 842 16

143 883 327 955 616616116,
355 883 391 944 61
426 883 492 943 6161
527 880 707 959 adimplere
737 880 934 942 curaveritis

144 981 230 1059 quod
245 979 451 1048 mandamus,
468 979 532 1055 ipsi
555 993 614 1040 vos
633 979 675 1039 ad
695 979 739 1050 id,
758 978 934 1040 dummodo

143 1076 281 1154 praelato
301 1077 502 1137 subdiacono
514 1073 641 1152 aliquid
658 1075 858 1136 rationabile
867 1089 934 1135 non

144 1172 292 1246 obsistat,
300 1189 358 1250 per
368 1187 542 1234 censuram
553 1172 814 1233 ecclesiasticam
825 1172 935 1248 appel·

142 1271 267 1332 latione
279 1269 406 1332 remota
416 1269 624 1346 compellant.
637 1269 756 1330 Datum
764 1269 932 1341 Laterani,

144 1369 189 1428 IX
203 1367 363 1430 kalendas
378 1367 470 1440 maii,
487 1381 576 1430 anno
589 1365 714 1444 quinto.

462 1613 619 1701 dduxi

143 1759 196 1818 Act
223 1757 394 1829 abbatem,
428 1757 586 1830 priorem
612 1755 646 1816 et
676 1755 936 1816 tbescnrortnrn

182 1853 301 1915 Sancti
314 1854 462 1913 Martini
476 1853 740 1914 Bnrtcnrtensz's
755 1855 934 1914 Betcocen.

183 1952 350 2012 dtoeeests.

425 2043 554 2117 1316111.
572 2045 652 2102 1111.

174 2168 295 2232 [itemst.
307 2167 352 2218 lib.
364 2169 395 2226 V,
408 2167 481 2232 epist.
492 2167 549 2217 119.
560 2167 617 2216 1166.
628 2168 665 2218 La
675 2167 751 2216 Porta
764 2166 799 2217 du
810 2165 903 2229 Thell]

143 2283 198 2340 Dat
220 2283 262 2340 eis
281 2282 457 2356 provinciam
477 2281 659 2339 examinandi
683 2295 719 2338 61
738 2279 934 2337 excommuni-

177 2371 298 2428 cationis
311 2371 452 2427 senteutia
468 2384 557 2442 66166
574 2369 727 2442 preposito
737 2365 937 2426 suessionensi

178 2457 315 2516 adversus
340 2460 478 2514 loannem
501 2457 536 2514 de
560 2455 768 2529 Dcmpuobono
793 2455 823 2512 in
848 2469 935 2512 causa

178 2561 241 2618 666
262 2547 445 2616 interipsum
466 2545 583 2600 nomine
605 2543 713 2601 ilelidis
735 2543 800 2599 tilios
823 2558 882 2600 suaa
908 2548 937 2599 et

178 2635 341 2692 Gualterum
356 2631 477 2690 devilia
492 2633 613 2700 Novata,
630 2631 779 2687 'trecensis
793 2629 935 2698 dioecesis,

178 2735 264 2794 super
278 2719 460 2777 matrimonio
479 2717 652 2787 vertebatur,
667 2719 724 2774 lata
746 2716 847 2786 iuerat,
860 2717 936 2790 J'usta

177 2811 225 2879 sit,
236 2816 265 2867 et
276 2811 300 2866 si
314 2809 453 2866 canonica
469 2821 526 2864 non
539 2805 633 2875 luerit,
648 2820 714 2863 eom
726 2805 890 2864 revocandi.

182 2933 444 3004 Honorius,eto.,
454 2931 582 2993 dilectis
595 2930 673 2991 tiliis
684 2929 806 3002 abbati,
819 2929 935 3006 priori,

143 3031 353 3094 thesaurario
370 3029 483 3091 Sancti
497 3028 634 3090 Martini
643 3027 853 3089 Buriourten.
866 3027 938 3088 Bel·

144 3143 261 3190 vacen.
276 3127 441 3188 dioecesis.

183 3225 354 3287 lohannes
365 3223 405 3284 16
415 3221 661 3299 1666661666,
677 3221 829 3298 66116616
841 3221 937 3283 66116

145 3322 314 3399 661111666,
327 3319 630 3396 166661161116661,
642 3335 716 3379 cum
729 3317 937 3394 interipsum

145 3419 278 3480 66161116
293 3418 421 3479 Η611116
441 3416 617 3487 1111666666,
634 3419 667 3476 61
686 3414 878 3476 Gualterum
897 3414 938 3476 de

143 3516 232 3578 Villa
261 3515 392 3576 Novata
421 3516 559 3574 Trecen.
588 3512 743 3574 dioecesis
773 3527 935 3572 coram...

143 3611 320 3688 6161666116
337 3610 563 3681 suessionen,
576 3610 609 3670 et
623 3607 852 3684 conjudicibus
866 3608 937 3668 suis

144 3707 340 3770 auctoritate
355 3707 470 3769 nostra
492 3721 594 3766 causa
608 3703 811 3767 matrimonii
826 3705 939 3766 verte-

143 3807 245 3877 retur,
263 3805 350 3866 idem
371 3819 413 3865 ex
430 3819 470 3864 eo
491 3803 639 3864 sentiens
654 3801 801 3864 indebite
818 3817 854 3863 se
865 3817 939 3878 gra·

142 3902 232 3973 vari,
258 3900 344 3978 6661
373 3899 453 3961 dicti
472 3898 605 3978 judices
625 3897 661 3958 in
688 3900 760 3976 ejus
780 3897 939 3975 61661611-

145 3997 232 4058 cium
243 3995 422 4058 advocatos
432 3995 536 4071 partis
545 3993 694 4056 adversae
704 3994 740 4054 in
751 4007 937 4054 assessores

146 4093 313 4154 sumentes
335 4090 376 4151 ad
400 4090 576 4151 consilium
598 4088 824 4160 admittebant,
853 4090 937 4150 alias

145 4189 285 4251 sormam
296 4185 443 4247 mandati
452 4185 637 4262 Apostolici
647 4184 854 4256 excedentes,
864 4201 938 4246 nos·

143 4289 229 4349 tram
244 4283 447 4346 audientiam
465 4281 655 4360 appellavit.
665 4281 707 4343 At
718 4281 783 4358 ipsi
794 4281 934 4358 Judices,

144 4387 216 4462 ejus
235 4381 459 4459 appellatione
474 4379 671 4455 contempta,
684 4378 938 4454 promulgarunt

144 4477 497 4543 excommunicationis
512 4475 709 4536 sententiam
722 4475 757 4537 in
772 4475 935 4536 eumdem.

144 4577 305 4650 Quocirca
320 4573 514 4637 discretioni
530 4573 650 4634 vestrae
668 4587 729 4650 per
746 4573 937 4647 Apostolica

144 4674 267 4751 scripta
281 4672 476 4736 mandamus
492 4669 666 4748 quatenus,
682 4671 716 4729 si¹
726 4669 776 4731 est
790 4669 847 4742 ita,
866 4670 938 4732 dic-

143 4771 210 4832 tam
222 4767 574 4832 excommunicationis
586 4766 783 4827 sententiam
796 4767 869 4843 post
882 4783 937 4846 66-

143 4866 355 4943 6611611616111
381 4863 571 4942 hujusmodi
598 4861 840 4940 promulgatam
860 4863 938 4924 nul-

144 4963 210 5025 lam
226 4979 299 5024 esse
320 4963 450 5040 penitus
474 4959 677 5032 nuntiantes,
694 4958 837 5020 audiatis
855 4975 938 5022 cau-

145 5077 215 5122 sam
246 5061 279 5121 61
303 5075 376 5120 eam
398 5059 496 5136 juxta
524 5057 671 5134 priorum
700 5056 940 5120 continentiam

145 5158 342 5227 litterarum,
359 5153 581 5232 appellatione
605 5155 732 5214 remota
747 5153 813 5214 tine
831 5169 936 5215 cano-

144 5256 219 5316 nico
253 5252 450 5322 terminetis,
479 5249 656 5320 iacientes,
688 5253 749 5311 etc.
781 5249 938 5328 Alioquin

145 5355 266 5430 partes,
289 5346 616 5426 etc.,·appellantem,
633 5347 695 5406 eto.
713 5346 804 5417 Quod
823 5347 850 5408 si
870 5364 937 5409 non

145 5463 270 5520 omnes,
288 5448 349 5508 etc.
378 5445 496 5506 Datum
519 5442 687 5514 Laterani,
714 5445 758 5504 IX
778 5444 938 5506 kalendas

145 5545 236 5617 maii,
253 5560 341 5606 anno
356 5541 482 5621 quinto.

773 335 1001 396 EPISTOLAE.
1026 335 1104 394 LIB.
1128 335 1166 395 V.

1295 499 1473 588 CCCXLI

1077 636 1437 711 Adorebieptscopnm
1456 638 1693 702 Viennensem.

1272 755 1307 814 it
1322 757 1403 830 april.
1418 757 1497 816 liti.

1135 868 1228 933 [Gallio
1238 869 1389 928 Christiana,
1404 870 1471 930 XVI,
1484 869 1558 921 instr.
1570 869 1638 936 obs]

1041 974 1217 1034 lohannese
1231 975 1340 1034 decano
1357 976 1563 1035 Maurianensis
1577 977 1730 1051 episcopus

1324 1064 1449 1138 eligitur.

1028 1172 1195 1233 Honorius
1206 1173 1392 1249 episcopus,
1403 1189 1519 1235 servus
1527 1189 1698 1236 servorum
1708 1173 1779 1246 Dei,

988 1269 1174 1330 venerabili
1197 1267 1293 1331 tratri
1316 1269 1567 1346 archiepiscopo
1586 1271 1779 1344 Viennensi,

990 1365 1176 1428 salutemet
1190 1366 1406 1444 apostolicam
1420 1365 1693 1429 benedictionem.

1029 1462 1149 1525 Dilecii
1167 1463 1229 1524 filii
1249 1463 1430 1542 capitulum
1452 1464 1699 1526 Maurianensis
1720 1480 1780 1526 ec-

990 1559 1101 1622 clesiae
1129 1559 1224 1622 nobis
1252 1561 1373 1624 litteris
1400 1560 1654 1633 intimaverunt,
1682 1561 1780 1639 quod,

990 1656 1133 1717 ecclesia
1148 1656 1220 1733 ipsa
1237 1657 1379 1733 pastoris
1395 1658 1514 1719 solatio
1534 1657 1700 1730 destituta,
1717 1657 1782 1734 ipsi

990 1752 1185 1828 potestatem
1206 1753 1352 1830 eligendi
1375 1753 1438 1814 6111
1459 1753 1650 1831 episcopum
1665 1753 1783 1815 intres

991 1848 1096 1925 166166
1109 1849 1175 1910 1661
1189 1851 1368 1912 666661666
1381 1851 1602 1922 66616161661,
1619 1849 1666 1912 116
1684 1850 1783 1912 vide-

990 1945 1070 2007 licet
1088 1947 1124 2008 ut
1138 1946 1167 2006 is
1179 1962 1239 2023 pro
1256 1946 1362 2008 electo
1377 1946 1419 2006 ab
1434 1946 1586 2007 omnibus
1605 1946 1784 2008 1161616161

991 2043 1049 2119 661
1064 2043 1152 2104 66661
1162 2043 1286 2104 6166166
1302 2043 1343 2103 61
1357 2042 1434 2114 11116,
1446 2043 1500 2104 vel
1513 2043 1612 2105 etiam
1625 2043 1784 2104 6166166

991 2153 1106 2200 eorum
1131 2139 1160 2199 si
1178 2138 1297 2200 1611166
1317 2138 1695 2216 11666116161.11661666
1718 2140 1784 2200 duo

991 2235 1258 2312 ipsorum,tertio
1274 2235 1495 2304 discordante,
1510 2235 1666 2298 dilectum
1679 2235 1784 2298 tilium

990 2333 1009 2393 J
1012 2374 1032 2404 .,
1048 2332 1209 2392 16666661
1231 2332 1337 2408 166166
1357 2333 1520 2405 ecclesiae,
1537 2333 1657 2405 virum,
1674 2335 1710 2395 ut
1728 2349 1786 2394 as-

992 2429 1116 2501 serunt,
1140 2428 1288 2489 moribus
1312 2428 1346 2490 et
1368 2429 1464 2490 661616
1488 2431 1665 2501 1116161616,
1693 2430 1785 2491 6116

991 2524 1221 2601 spiritualibus
1237 2524 1270 2586 61
1283 2524 1522 2602 temporalibus
1531 2525 1705 2602 providum
1720 2527 1787 2587 ele·

991 2621 1176 2697 6166611116
1189 2622 1222 2683 61
1232 2621 1413 2698 capitulum
1424 2621 1623 2683 Viennensis
1635 2622 1785 2684 ecclesiae

991 2719 1097 2794 ipsam
1123 2718 1329 2790 electionem,
1355 2717 1449 2780 vobis
1477 2718 1517 2779 16
1546 2719 1788 2780 consuetudine

991 2815 1223 2892 praesentatam
1242 2815 1280 2876 ut
1294 2814 1536 2876 confirmaretis
1559 2811 1719 2886 eamdem,
1735 2815 1786 2876 ir-

991 2911 1089 2973 ritam
1104 2911 1313 2983 decrevistis,
1329 2927 1390 2987 616
1400 2926 1440 2972 66
1453 2912 1539 2989 6661
1554 2911 1619 2974 166
1632 2911 1785 2973 66666161

992 3008 1141 3070 ecclesiae
1169 3009 1354 3086 6666116166
1378 3009 1414 3071 16
1442 3009 1603 3071 electores
1629 3008 1785 3085 praeiatos

991 3121 1058 3166 non
1076 3105 1286 3167 contulerunt
1306 3107 1383 3168 vota
1404 3121 1476 3178 sua,
1500 3106 1630 3183 616616
1650 3104 1784 3182 quidam

991 3203 1078 3263 alius
1098 3203 1132 3262 in
1150 3203 1283 3265 eosdem
1303 3204 1416 3264 votum
1438 3219 1534 3262 suum
1559 3201 1734 3263 contulerit
1754 3202 1786 3263 si

992 3315 1106 3361 omnes
1120 3299 1185 3376 ipsi
1205 3299 1365 3362 electores
1385 3299 1511 3376 pariter
1531 3298 1783 3372 concordarent,

992 3395 1080 3456 alius
1094 3409 1173 3456 vero
1189 3393 1423 3471 appellationis
1445 3395 1652 3471 interjecisse
1672 3394 1785 3457 obsta-

992 3492 1103 3554 culum
1122 3491 1314 3566 dicebatur;
1336 3506 1439 3569 66616
1454 3490 1628 3568 praefatum
1650 3491 1784 3569 666116-

992 3589 1061 3650 lum
1088 3589 1193 3650 multa
1216 3587 1311 3650 nobis
1339 3588 1500 3650 instantia
1529 3587 1727 3666 supplicavit
1749 3589 1786 3651 61

992 3685 1186 3762 praedictum
1215 3685 1387 3758 decanum,
1410 3702 1508 3763 quem
1536 3685 1687 3747 ecclesiae
1714 3701 1784 3748 suae

992 3782 1160 3844 6111116661
1177 3799 1250 3845 6666
1264 3784 1449 3860 perutilem,
1466 3783 1515 3844 616
1529 3782 1568 3843 16
1582 3782 1786 3860 61661161166

993 3878 1221 3954 661661611616
1245 3879 1435 3954 6616666616
1460 3877 1641 3939 concedere
1667 3877 1786 3953 digna-

992 3989 1115 4034 remur.
1132 3975 1225 4035 Licet
1238 3973 1341 4048 igitur
1356 3972 1396 4034 de
1410 3973 1600 4050 provisione
1613 3972 1719 4048 ipsius
1735 3987 1786 4035 ec·

992 4070 1114 4142 clesiae,
1134 4069 1188 4130 661
1207 4085 1251 4130 ex
1269 4068 1399 4130 deiectu
1425 4068 1568 4144 pastoris
1592 4083 1693 4143 grave
1715 4069 1785 4129 dis-

991 4166 1148 4244 pendium
1168 4165 1343 4226 imminere
1364 4165 1536 4236 asseritur,
1553 4163 1785 4226 debitamsol-

992 4263 1196 4325 licitudinem
1211 4262 1404 4334 babeamus,
1421 4262 1499 4338 6616
1513 4263 1624 4324 tamen
1641 4277 1787 4339 6616666·

991 4359 1141 4437 praedicti
1156 4359 1273 4420 decani
1286 4360 1336 4421 est
1349 4358 1446 4421 nobis
1461 4359 1641 4435 incognita,
1656 4360 1788 4436 petitio·

993 4472 1067 4518 nem
1093 4456 1200 4533 ipsius
1225 4455 1362 4534 capituli
1395 4455 1545 4518 absolute
1574 4457 1785 4534 nequivimus

992 4553 1162 4615 exaudire.
1186 4555 1345 4616 (terentes
1371 4555 1481 4616 autem
1505 4554 1545 4614 de
1566 4554 1623 4616 tua
1645 4553 1786 4616 caritate

992 4651 1145 4712 fiduciam
1178 4652 1372 4729 specialem,
1401 4651 1603 4713 fraternitati
1632 4652 1697 4713 tuae
1724 4667 1793 4729 per

991 4748 1180 4825 Apostolica
1202 4749 1326 4826 scripta
1345 4749 1552 4820 mandamus,
1578 4747 1739 4826 quatenus
1755 4749 1786 4810 61

992 4846 1152 4907 16666661
1162 4846 1270 4924 166616
1285 4846 1455 4907 inveneris
1470 4845 1511 4906 ad
1527 4861 1612 4906 onus
1627 4845 1791 4908 idoneum·

992 4941 1190 5021 pontificalis
1205 4942 1319 5011 cilicii,
1341 4943 1374 5004 61
1395 4945 1503 5019 major
1524 4943 1556 5004 et
1573 4943 1688 5006 sanior
1707 4959 1784 5021 6616

991 5040 1097 5116 166166
1117 5039 1255 5116 capituli
1273 5039 1481 5100 consenserit
1502 5039 1537 5099 in
1554 5037 1717 5111 eumdem,
1735 5043 1782 5112 tu,

992 5151 1150 5213 processu
1177 5136 1353 5197 electionis
1382 5151 1440 5196 666
1464 5136 1662 5198 cassationis
1693 5151 1790 5212 prae--

992 5233 1100 5302 dictae,
1112 5247 1152 5294 ac
1162 5232 1423 5295 contradictione
1437 5248 1629 5310 paucorum,
1647 5232 1713 5292 nisi
1726 5232 1794 5293 ali—

993 5329 1069 5407 quid
1092 5329 1291 5392 rationabile
1313 5329 1496 5406 objecerint
1513 5332 1546 5392 et
1559 5329 1791 5406 probaverint,

993 5442 1200 5504 6666666616
1216 5427 1437 5496 obstantibus,
1455 5427 1548 5487 illum
1567 5425 1731 5502 praeficias
1749 5427 1793 5487 in·

993 5524 1182 5600 episcopum
1197 5523 1347 5585 ecciesiae
1362 5522 1574 5599 supradictae,
1598 5523 1793 5584 contradic·-

993 5621 1081 5682 tores
1094 5636 1154 5697 per
1168 5635 1343 5682 censuram
1356 5619 1628 5692 ecclesiasticam,
1641 5619 1791 5698 appella-
