4280 6404
308 265 369 324 299
925 267 1101 326 HONORII
1124 267 1169 328 111
1191 266 1339 326 OPERA.
1895 267 1958 327 300

302 423 480 501 praeposito
492 424 718 502 deiiegenebe
728 427 876 502 blegent.
888 425 1097 486 etwarmac.
1157 422 1278 484 dilecto
1299 423 1369 483 lilio
1387 425 1423 482 P.
1435 421 1795 500 albanensieptscopo‚
1808 425 1954 500 Aposto-

306 521 416 592 dirae,
433 522 574 584 salutem
588 525 623 585 et
636 521 809 602 apostolic.
824 521 1099 584 benedictionem.
1158 521 1230 590 licae
1255 519 1351 580 Sedis
1376 519 1497 595 legato,
1520 520 1662 582 salutem
1681 521 1716 582 et
1738 521 1956 598 apostolicam

344 620 394 680 Ex
403 620 498 696 parte
509 621 691 680 conventus
700 618 943 680 Sanctialbani
954 619 1100 694 Mogunt
1157 616 1433 680 benedictionem.

305 713 368 776 luit
394 717 597 792 propositum
621 731 733 776 coram
759 715 866 787 nobis,
894 716 981 792 quod
1001 729 1101 792 quum
1198 715 1331 776 Litteris
1365 713 1453 785 tuis,
1488 714 1525 774 in
1559 713 1674 788 vigilia
1709 715 1958 792 assumptionis

308 811 517 875 Christianus
532 813 697 890 qnondam
715 813 910 874 monasterii
922 812 974 872 sui
987 827 1104 874 mona·
1157 811 1261 872 beatae
1276 811 1403 883 Mariae,
1426 811 1539 874 animo
1562 810 1773 874 desiderante
1797 812 1955 889 receptis,

305 909 400 980 chus,
417 909 472 986 qui
488 909 651 970 violentas
675 925 792 970 manus
816 909 849 970 in
873 908 1010 970 Wolver
1023 910 1103 969 tunc
1157 909 1190 970 et
1206 909 1408 971 continentia
1422 908 1625 978 earumdem,
1637 924 1677 970 ac
1692 907 1747 978 iis,
1759 925 1831 984 qnae
1846 924 1955 970 vene-

304 1005 455 1068 abbatem
471 1005 505 1068 et
521 1005 679 1082 quosdam
697 1005 818 1068 tratres
839 1019 954 1068 eorum
976 1005 1101 1081 injecit,
1157 1005 1274 1067 rabilis
1288 1005 1390 1066 lrater
1402 1009 1516 1068 noster
1527 1005 1810 1067 Bethleemilanus
1824 1007 1958 1082 episco-

305 1103 340 1162 in
352 1101 502 1164 abbatem
523 1104 717 1166 monasterii
734 1103 846 1164 Sancti
860 1101 973 1163 Tisbet
988 1100 1106 1162 luisset
1158 1119 1219 1181 pus
1244 1103 1341 1164 nobis
1369 1103 1539 1178 proposuit
1561 1104 1639 1164 viva
1660 1118 1754 1173 voce,
1779 1117 1853 1162 cum
1873 1103 1956 1163 dili-

304 1201 511 1276 assumptus,
536 1200 608 1276 ipse
631 1199 792 1262 adversus
816 1199 991 1270 Gabenon‚
1014 1213 1103 1260 nunc
1158 1201 1269 1276 gentia
1284 1200 1472 1270 intellectis,
1484 1199 1652 1262 ferventer
1666 1200 1706 1260 ad
1722 1201 1816 1262 tuum
1826 1199 1859 1260 et
1873 1203 1958 1260 Ter-

304 1296 455 1358 abbatem
470 1312 586 1359 eorum
601 1311 677 1360 curn,
687 1295 882 1374 quibusdam
897 1311 940 1356 ex
952 1294 1102 1372 praedicti
1158 1314 1204 1358 raa
1221 1299 1350 1362 Sanctae
1372 1296 1556 1360 subsidium
1571 1297 1769 1373 aspirantes,
1787 1296 1952 1372 quaedam,

304 1394 500 1458 monasterii
516 1395 629 1456 Sancti
643 1393 763 1456 Albani
779 1393 950 1454 monacbis
965 1391 1103 1468 conspi-
1159 1409 1232 1472 quae
1247 1409 1348 1470 penes
1372 1409 1433 1456 nos
1449 1395 1545 1456 erant
1559 1394 1599 1454 de
1618 1393 1845 1470 redemptione
1857 1395 1954 1453 roto-

305 1491 393 1554 ravit
407 1492 447 1552 ad
462 1494 534 1568 ejus
551 1507 652 1568 agere
667 1491 916 1568 depositionem,
933 1489 987 1550 cui
1003 1488 1102 1549 subs·
1158 1507 1243 1562 rum,
1260 1491 1292 1550 et
1307 1489 1564 1567 quinquemillia
1575 1490 1951 1552 marcarnmdecamera

304 1587 382 1649 titui
405 1587 596 1659 affectabat,
628 1587 819 1662 intendens;
850 1588 907 1665 qui
934 1586 1034 1648 etiam
1063 1586 1105 1648 de
1159 1589 1284 1656 nostra,
1301 1588 1458 1654 continuo
1471 1587 1512 1647 ad
1527 1602 1609 1663 opus
1622 1588 1812 1664 hujusmodi
1835 1603 1954 1662 segre-

305 1685 451 1749 claustro
465 1685 579 1750 Talea.
596 1685 678 1746 duas
694 1685 858 1746 moniales
871 1684 1015 1744 educens
1029 1699 1105 1744 cor-
1159 1686 1320 1760 gavimus,
1333 1685 1366 1746 et
1376 1700 1432 1744 eas
1447 1683 1508 1746 tibi
1521 1699 1579 1761 per
1596 1685 1747 1745 eumdem
1762 1685 1954 1762 episcopum

304 1781 396 1857 rupit
423 1780 575 1852 alteram,
599 1781 728 1860 reliqua
758 1796 840 1844 naso
862 1781 895 1843 et
916 1779 1014 1840 labiis
1037 1795 1105 1840 mu·
1159 1782 1414 1854 destinavimus,
1445 1783 1479 1842 et
1505 1781 1643 1858 insuper
1670 1780 1764 1844 fratri
1793 1786 1951 1858 Aymaro,

305 1879 412 1948 blata,
429 1878 463 1940 et
481 1893 581 1957 quum
601 1877 641 1937 de
657 1877 805 1949 infamia,
823 1893 922 1956 quam
936 1877 977 1938 ad
993 1877 1105 1954 hujus·
1157 1879 1369 1941 thesaurario
1381 1878 1635 1940 demusmilitiae
1646 1879 1771 1955 Templi
1787 1879 1956 1940 Parisien-

308 1974 398 2038 modi
407 1975 534 2036 scelere
543 1975 673 2050 patrato
685 1976 983 2044 contraxerat,non
994 1975 1105 2050 posset

307 2072 491 2135 conventus
519 2087 539 2134 a
569 2070 635 2132 loci
668 2071 838 2132 ordinario
871 2087 908 2132 se
940 2086 1102 2148 purgare,

306 2169 435 2250 sponte,
451 2167 616 2232 abbatiam
632 2168 794 2228 removeri
810 2167 851 2228 ab
867 2183 906 2229 eo
922 2166 1106 2229 sententia-

307 2264 387 2328 liter
405 2265 568 2336 metuens,
585 2264 780 2340 resignavit.
806 2266 885 2325 Cum
906 2265 1014 2328 numm
1033 2265 1105 2342 ipse

306 2361 514 2440 postmodum
536 2361 645 2424 redire
669 2361 710 2424 ad
730 2377 843 2422 eorum
866 2362 1104 2424 monasterium

306 2475 367 2538 per
381 2459 445 2520 loci
460 2458 747 2537 metropolitanum
771 2461 932 2536 Magum,
949 2458 1105 2520 videlicet

306 2555 605 2634 archiepiscopum,
621 2555 1104 2636 niteretur,ipsidicenteseum

307 2654 342 2716 in
360 2654 497 2716 arctiori
512 2653 585 2715 loco
605 2653 803 2730 ponendum,
821 2653 876 2714 ubi
901 2652 1022 2714 delicta
1043 2669 1104 2714 sua

306 2752 442 2830 inpane
463 2751 590 2814 doloris
610 2754 643 2814 et
663 2751 873 2816 contritionis
896 2766 982 2828 aqua
1001 2751 1106 2812 delle-

305 2849 367 2921 ret,
384 2850 418 2910 et
432 2850 652 2926 proponentes
666 2848 750 2925 quod
764 2848 965 2910 monasterio
980 2862 1106 2910 renun-

306 2945 424 3008 tiasset
437 2945 594 3022 ipsorum,
604 2959 694 3008 exeo
708 2945 794 3022 quod
806 2943 945 3006 alterius
955 2944 1103 3022 regimen

306 3045 340 3108 et
354 3041 628 3118 gubernationem
643 3042 890 3120 assumpsisset,
905 3057 1034 3104 necnon
1048 3042 1103 3120 ip-

308 3141 379 3200 sius
403 3139 577 3210 malitiam,
603 3154 702 3216 quam
723 3139 852 3215 experti
872 3139 1013 3212 lucrant,
1035 3155 1105 3200 me·

306 3236 451 3309 tuentes,
467 3251 509 3298 ne
530 3236 638 3318 ipsum
659 3235 817 3317 praelatus
834 3235 1105 3314 archiepiscopus

306 3333 342 3395 in
359 3333 481 3397 dictum
502 3333 739 3399 monasterium
754 3332 940 3400 reduceret,
959 3332 1105 3405 nostram

308 3431 513 3492 audientiam
533 3430 754 3508 appellarunt.
780 3432 902 3493 Verum
919 3429 997 3508 quia
1019 3445 1106 3507 prae-

187 3553 192 3560 ·
306 3525 394 3592 latus
419 3527 601 3592 monachus
629 3527 772 3590 nondum
797 3527 839 3587 ab
864 3542 990 3598 eornm,
1007 3542 1106 3604 super

306 3623 381 3696 lroc,
389 3625 566 3690 vexatione
578 3624 852 3702 quievitdelendi
864 3637 965 3702 super
974 3623 1037 3688 boc
1047 3639 1107 3701 per

308 3721 425 3783 sedem
442 3721 664 3800 apostolicam
679 3721 859 3800 petierunt;
876 3721 1026 3788 nolentes
1042 3720 1106 3796 igi-

306 3820 361 3880 tur
374 3819 421 3892 ut,
439 3819 468 3880 si
481 3818 654 3898 praemissa
668 3819 808 3884 veritate
824 3819 985 3890 nituntur,
1007 3833 1107 3899 super

306 3915 496 3994 receptione
512 3917 617 3995 ipsius
628 3915 782 3978 monachi
798 3915 1026 3992 supradictum
1040 3931 1107 3976 mo-

307 4013 489 4079 nasterium
518 4015 729 4096 aggravetur,
759 4012 954 4079 discretioni
985 4014 1105 4074 vestrae

307 4127 367 4190 per
376 4113 565 4190 apostolica
576 4112 700 4193 scripta
714 4111 921 4183 mandamus,
930 4111 1104 4188 quatenus,

307 4210 335 4271 si
357 4211 410 4274 est
429 4211 487 4283 ita,
513 4211 676 4274 monacho
692 4209 755 4288 ipsi
777 4224 878 4287 super
899 4208 962 4270 hoc
983 4222 1105 4288 perpe-

306 4310 399 4370 tuum
414 4307 582 4372 silentium
594 4307 788 4396 imponatis,
806 4305 891 4384 quod
913 4305 941 4370 si
955 4320 1021 4366 non
1034 4319 1106 4366 om·-

306 4419 367 4465 nes
381 4404 423 4464 iis
439 4403 658 4480 exsequendis
669 4404 832 4467 interesse
843 4402 1029 4478 potueritis,
1040 4401 1106 4464 duo

306 4501 360 4563 vel
380 4501 465 4565 alter
484 4502 631 4564 vestrum
649 4516 687 4562 ea
703 4499 921 4560 nihilominus
936 4513 1104 4578 exsequa-

306 4599 498 4660 turbatum
518 4599 694 4668 Reate‚V11
708 4597 782 4656 idus
794 4595 1001 4676 septembris,
1014 4596 1103 4672 pont.

307 4697 413 4759 nostri
427 4711 515 4760 anno
530 4697 658 4774 quarto.

658 4856 749 4944 XIX

346 4985 400 5066 Ad
419 4984 614 5058 Pelopiam,
630 4983 857 5058 albanensem
870 4983 1071 5066 eneconem

477 5081 515 5140 ia
536 5081 651 5154 Sarte,
667 5081 708 5140 A.
723 5081 758 5140 S·
773 5078 934 5154 epotam.

592 5185 606 5240 l
622 5181 715 5242 octob.
733 5183 812 5242 1219.

414 5281 549 5348 [eosquos
560 5281 618 5334 aaa.
629 5281 674 5337 aas
686 5255 760 5340 Hiar..
777 5284 794 5330 t.
809 5277 876 5338 iiix,
889 5273 994 5340 paee]

306 5375 348 5432 De
362 5372 521 5447 pecuniam
532 5370 796 5444 crucesignatorum
808 5366 944 5428 auxilium
953 5361 1101 5422 mittenda.

346 5480 512 5546 Honorius
525 5479 699 5558 episcopus
714 5491 830 5538 servus
841 5487 1014 5542 servorum
1029 5470 1100 5542 Dei,

343 5593 384 5670 (1)
404 5594 505 5653 ileliae
518 5597 706 5652 converteret.

1159 1977 1216 2047 sie,
1229 1975 1459 2037 mandavimus
1470 1975 1543 2035 sine
1554 1991 1658 2046 mora,
1673 1978 1756 2036 utea
1769 1991 1842 2055 quae
1855 1975 1957 2038 babet

1159 2075 1200 2135 de
1213 2074 1372 2135 vicesima
1380 2073 1542 2144 Francia,
1553 2089 1637 2150 quae,
1650 2072 1734 2134 sicut
1748 2071 1949 2149 accepimus,

1159 2171 1248 2232 circa
1261 2185 1423 2232 summam
1436 2169 1603 2230 sexdecim
1614 2168 1754 2230 millium
1764 2157 1952 2230 marcarum

1159 2268 1358 2338 ascendunt,
1384 2266 1515 2328 studeat
1547 2266 1678 2327 divisim
1713 2282 1773 2343 per
1804 2265 1954 2328 diversos

1159 2365 1292 2426 nuntios
1314 2363 1491 2441 prudentes
1506 2365 1539 2425 et
1554 2364 1678 2435 lideles,
1700 2363 1760 2423 sub
1773 2364 1953 2441 episcopo-

1158 2477 1232 2524 rum
1245 2461 1429 2524 etaliorum
1445 2461 1633 2522 testimonio
1645 2449 1786 2538 signata,
1803 2461 1837 2522 in
1848 2461 1954 2538 ipsius

1158 2563 1270 2622 Terrae
1298 2558 1481 2620 subsidium
1508 2558 1663 2620 celeriter
1687 2558 1866 2626 destinare,
1893 2557 1954 2620 tibi

1159 2658 1200 2722 ab
1216 2657 1298 2736 ipsis
1312 2656 1439 2719 nuntiis
1454 2657 1488 2716 in
1502 2655 1701 2721 venerabilis
1717 2655 1830 2717 lratris
1846 2656 1956 2718 nostri

1159 2753 1356 2832 patriarchae
1367 2769 1407 2816 ac
1418 2752 1558 2814 illustris
1567 2753 1656 2830 regis
1667 2753 1954 2830 ierosolymitani,

1159 2868 1199 2914 ac
1222 2851 1455 2928 magistrorum
1476 2849 1667 2926 Hospitalis,
1695 2853 1728 2912 et
1747 2849 1892 2926 Templi,
1913 2865 1953 2911 ac

1159 2951 1276 3012 domus
1294 2947 1560 3018 Teutonicorum,
1581 2947 1614 3009 et
1637 2947 1799 3024 principis
1817 2947 1954 3008 exerci-

1158 3047 1212 3108 tus
1237 3047 1469 3112 Romanorum,
1489 3043 1667 3123 praesentia
1691 3043 1890 3114 exhibenda,
1920 3043 1955 3104 et

1159 3140 1375 3220 expendenda
1389 3156 1448 3218 per
1466 3142 1509 3212 te,
1524 3156 1598 3200 cum
1612 3140 1908 3215 ipsorumconsilio
1921 3141 1954 3202 et

1160 3239 1302 3302 aliorum
1317 3254 1398 3316 quos
1413 3237 1536 3298 videris
1549 3237 1769 3310 advocandos,
1787 3235 1884 3318 prout
1897 3251 1955 3297 res

1160 3336 1326 3398 videbitur
1340 3334 1518 3414 postulare.

1202 3437 1289 3494 Sane
1303 3432 1339 3493 in
1353 3431 1563 3494 Provinciam
1578 3434 1636 3494 aut
1650 3431 1687 3493 in
1700 3432 1864 3496 Graeciam
1877 3431 1955 3492 nul-

1160 3531 1211 3598 los
1226 3530 1361 3590 omnino
1377 3543 1435 3606 pro
1451 3527 1599 3589 subsidio
1611 3531 1724 3590 Terrae
1739 3531 1869 3593 sancta
1884 3545 1958 3592 cru-

1161 3629 1350 3704 cesignatos
1371 3626 1569 3702 direximus3
1598 3626 1675 3696 sed,
1701 3642 1775 3688 cum
1804 3625 1954 3688 baeretici

1160 3723 1354 3799 albigenses
1383 3723 1544 3784 adversus
1570 3723 1748 3784 Ecclesiam
1771 3723 1953 3784 deteriores

1160 3821 1372 3896 insurgerent
1392 3817 1578 3891 Saracenis,
1600 3821 1632 3880 et
1655 3820 1722 3880 alia
1738 3823 1830 3896 parte
1846 3823 1952 3880 Cons-

1161 3915 1441 3993 tantinopolitano
1455 3916 1595 3992 imperio
1616 3916 1812 3978 amissionis
1833 3917 1957 3979 dicere·

1160 4017 1215 4078 tur
1229 4014 1412 4092 periculum
1425 4012 1610 4086 imminere,
1627 4012 1741 4074 fideles
1754 4029 1820 4075 non
1838 4029 1959 4076 cruce-

1161 4115 1310 4189 signatos
1349 4111 1390 4172 ad
1426 4111 1685 4178 succurrendum
1721 4127 1780 4187 per
1824 4114 1955 4172 nostras

1161 4210 1289 4273 litteras
1325 4209 1553 4280 incitavimus,
1583 4223 1742 4288 expresso
1771 4209 1805 4269 in
1833 4209 1957 4270 litteris

1161 4296 1256 4384 ipsis,
1290 4308 1326 4370 ut
1361 4306 1473 4368 nullus
1501 4307 1750 4382 crucesignatus
1779 4305 1821 4368 ad
1844 4308 1957 4368 Terrae

1163 4405 1292 4467 Sanctae
1318 4403 1502 4466 subsidium
1517 4402 1584 4464 alio
1606 4405 1816 4466 convertetur
1831 4401 1879 4482 (l)
1894 4404 1958 4464 iter

1162 4519 1270 4565 suum.
1297 4501 1400 4572 Unde,
1428 4501 1505 4564 licet
1531 4499 1625 4562 multi
1649 4499 1690 4562 do
1714 4515 1800 4564 novo
1825 4515 1955 4562 crucem

1160 4597 1955 4676 contraipsosnlbigensesassumpserint,nullos

1159 4701 1271 4762 tamen
1288 4694 1537 4768 crucesignatos
1561 4710 1620 4769 pro
1639 4695 1824 4770 saepedictae
1844 4697 1955 4757 Terrae
1983 4721 1985 4726 ·

1162 4794 1292 4856 sancte
1304 4808 1464 4856 succursu
1479 4793 1595 4854 contra
1608 4791 1684 4853 illos
1699 4792 1868 4854 eredimus
1878 4807 1958 4869 pro-

1161 4892 1312 4956 cessisse.
1333 4893 1438 4962 Porro
1452 4905 1553 4965 super
1567 4888 1654 4952 lacto
1673 4889 1840 4953 vicesimae
1862 4889 1956 4950 nobis

1159 4989 1259 5051 aliter
1269 4987 1442 5060 scriberes,
1456 4987 1485 5048 si
1497 5003 1548 5055 ea,
1560 5003 1633 5064 quae
1645 4986 1686 5048 de
1699 4987 1757 5050 tuo
1767 4987 1800 5048 et
1814 4986 1956 5048 aliorum

1161 5086 1301 5148 fratrum
1326 5087 1515 5154 nostrorum
1544 5083 1685 5146 consilio
1710 5083 1750 5144 de
1778 5082 1836 5144 illa
1864 5081 1958 5145 luere

1159 5184 1330 5260 disposita,
1358 5182 1478 5244 melius
1500 5182 1538 5254 in,
1550 5181 1743 5248 memoriam
1766 5195 1953 5242 revocares.

1160 5283 1252 5343 Sicut
1273 5279 1360 5342 erum
1384 5281 1476 5356 potes
1498 5279 1657 5351 recolere,
1680 5279 1721 5343 ab
1741 5279 1813 5355 ipso
1830 5278 1957 5339 nostrae

1159 5377 1376 5458 promotionis
1400 5378 1549 5448 exordio,
1577 5375 1619 5449 ad
1641 5377 1865 5452 suspicionem
1883 5375 1952 5438 tol-

1159 5475 1301 5548 lendam,
1311 5474 1373 5538 luit
1387 5475 1428 5538 de
1443 5475 1583 5537 consilio
1594 5474 1759 5538 communi
1770 5473 1955 5554 provisum,
