4280 6404
1739 279 1825 362 'm

182 305 241 366 209

797 301 1206 381 fflfflfflmfflu

181 463 427 540 temporalium,
460 459 520 523 tibi
559 461 690 538 tuisque
728 459 975 522 successoribus
1030 459 1098 520 tula
1112 459 1329 522 ecclesiarum
1341 461 1380 520 de
1391 461 1510 536 Anglia
1522 463 1718 538 contrajura
1732 463 1825 538 regia

182 562 337 622 duximus
351 559 547 621 auctoritate
562 558 774 634 praesentium
790 558 975 618 conceden-
1030 557 1062 617 et
1071 557 1328 618 consuetudines
1343 558 1543 634 approbatas
1553 558 1714 620 hactenus
1730 561 1762 628 et
1772 560 1827 620 ob·

182 659 257 718 dam
279 658 314 718 ut
332 659 369 718 tu
395 658 539 732 itemque
561 671 770 716 successores
793 655 841 715 tui
866 655 975 714 admi·
1030 656 1180 715 servatas
1207 656 1331 716 temere
1359 657 1543 727 venientes,
1574 656 1666 730 regia
1691 655 1826 718 licentia

182 756 363 816 nistrantes
377 755 412 825 ip
426 753 540 814 eadem
558 753 699 814 ecclesia
715 769 814 828 quum
839 767 975 812 necesse
1031 767 1095 811 nou
1107 753 1207 828 petita
1224 751 1420 813 vacantibus
1436 751 1587 816 ecclesiis
1597 753 1638 814 ad
1648 753 1826 814 electiones

180 853 284 913 luerit
297 850 473 926 corrigatis
494 851 527 910 et
551 849 738 912 reformetis
759 865 798 910 ac
822 847 974 910 statuatis
1030 850 1199 925 pastorum
1224 865 1289 910 non
1311 851 1384 911 siue
1407 851 1511 926 ipsius
1533 851 1622 926 regis
1635 853 1825 928 contemptu

182 949 271 1011 sicut
285 965 424 1026 quaeque
438 963 498 1024 pro
513 951 658 1024 tempore
674 963 734 1008 suo
754 947 975 1022 cognoveritis
1030 947 1222 1020 procedunt,
1250 943 1334 1008 alias
1370 947 1597 1026 multipliciter
1626 949 1826 1025 injicientes

183 1047 292 1108 officio
307 1046 469 1120 indigere,
486 1044 746 1108 contradictores
766 1045 795 1104 si
819 1045 875 1120 qui
898 1042 975 1104 lue·
1031 1043 1147 1103 eidem.
1175 1042 1258 1115 Quia
1282 1044 1385 1120 igitur
1409 1062 1542 1106 causam
1565 1045 1713 1122 praedicti
1736 1048 1825 1123 regis

163 1215 164 1218 Ἴ
183 1145 252 1205 rint
266 1144 319 1205 vel
333 1143 475 1204 rebelles
486 1157 546 1218 per
558 1157 718 1202 censuras
730 1141 975 1204 ecclesiasticas
1031 1141 1197 1218 propriam
1212 1143 1416 1217 reputemus,
1445 1141 1596 1204 nolentes
1618 1160 1693 1204 eum
1712 1145 1747 1205 in
1763 1161 1823 1206 suo

182 1242 333 1305 submota
358 1241 580 1318 appellatione
614 1238 862 1315 compescendo.
884 1239 975 1298 Nulli
1026 1239 1102 1312 jnre
1120 1237 1187 1313 pati
1196 1233 1374 1314 jacturam,
1390 1239 1658 1302 discretionituae
1671 1258 1730 1318 per
1742 1249 1825 1320 apo-

182 1355 262 1415 ergo
286 1338 455 1399 hominum
486 1338 594 1408 liceat,
624 1338 685 1398 etc.
715 1337 834 1398 Datum
863 1339 975 1397 Romae
1031 1335 1146 1394 stolica
1162 1336 1284 1412 scripta
1301 1335 1506 1408 mandamus,
1521 1339 1683 1414 quatenus
1698 1339 1823 1414 praela-

183 1436 268 1513 apud
298 1435 454 1496 Sanctum
483 1436 630 1504 Petrum,
647 1436 676 1494 X
703 1432 863 1496 kalendas
883 1433 973 1505 maii,
1030 1435 1080 1492 tus
1095 1433 1129 1493 et
1140 1433 1286 1508 capitula
1308 1434 1463 1495 uteidem
1485 1435 1555 1510 regi
1572 1435 1657 1496 sicut
1671 1437 1825 1499 convenit

181 1532 392 1610 pontificatus
407 1531 512 1594 nostri
528 1547 615 1594 anno
626 1531 735 1592 tertio.

483 1709 675 1796 dicuni

183 1846 235 1904 Ad
242 1847 282 1902 P.
292 1841 803 1912 Norwiccnsemctcctttm,a.8.
811 1840 973 1915 apulum.

460 1963 494 2020 23
514 1963 594 2034 april.
613 1961 692 2019 lala.

184 2087 185 2090 ’
213 2071 331 2135 [lingent.
344 2069 389 2119 lib.
401 2069 443 2128 ΙΙΙ,
456 2069 529 2132 epist.
540 2068 596 2118 423.
608 2069 665 2118 iles.
677 2069 713 2118 La
724 2068 799 2118 Porta
808 2067 842 2116 du
851 2065 944 2130 Thau]

286 2176 402 2234 Mandat
417 2183 445 2233 ut
458 2182 569 2232 tueatur
582 2175 659 2248 regis
671 2173 784 2247 angliae
792 2171 867 2245 jura.

221 2295 398 2366 Honorius,
415 2294 490 2366 etc,
501 2291 701 2353 dilectoiilio
713 2295 749 2352 Ρ.
765 2287 974 2352 Norwicensi

181 2393 297 2462 electo,
314 2391 510 2467 apostolicae
526 2389 620 2451 Sedis
636 2389 756 2463 legato.

223 2492 329 2560 Quum
349 2488 565 2548 charissimus
585 2487 621 2546 in
636 2487 766 2547 Christo
789 2484 877 2545 filius
892 2499 974 2544 nos-

180 2588 233 2648 ter
246 2587 411 2647 Henricus
427 2601 488 2646 rex
501 2585 681 2660 Anglorum
702 2583 841 2644 illustris
854 2596 974 2643 cruce-

183 2683 345 2760 signatus,
376 2682 520 2758 pupillus
541 2681 699 2742 custodiae
721 2679 814 2740 Sedis
834 2681 976 2756 Aposto-

183 2780 257 2840 licae
273 2779 450 2840 derelictus
466 2777 526 2838 sub
544 2778 657 2838 nostra
677 2777 880 2854 protectione
895 2789 976 2838 oon-

181 2877 289 2948 sistat,
314 2877 399 2937 sicut
420 2879 498 2954 jura
521 2879 594 2952 ejus
618 2875 690 2936 sine
718 2874 831 2935 nostra
850 2872 973 2950 injuria

180 2975 321 3036 detineri
337 2990 403 3034 non
414 2974 553 3050 possunt
566 2973 608 3033 ab
624 2970 789 3049 aliquibus
805 2970 972 3047 usurpata,

180 3073 230 3132 sic
258 3071 298 3132 ad
322 3087 439 3131 manus
469 3069 618 3148 ejusdem
647 3067 761 3130 eadem
788 3065 974 3128 reuocanda

180 3169 359 3230 efficaciter
373 3184 434 3229 nos
449 3168 542 3230 decet
552 3167 723 3229 intendere
736 3169 889 3242 tanquam
900 3171 976 3225 cau·

180 3280 252 3326 sam
279 3266 448 3342 propriam
470 3265 718 3341 prosequentes.
739 3262 895 3323 volentes
910 3261 976 3338 igi-

180 3362 237 3423 tur
259 3360 406 3438 eJusdem
432 3363 520 3436 regis
544 3359 753 3422 indemnitati
773 3358 974 3436 providendo

183 3475 389 3531 succurrere,
406 3459 460 3519 cui
473 3457 683 3534 nequivimus
698 3471 874 3517 occurrere
889 3470 976 3532 prae-

180 3557 338 3628 cavenda,
370 3555 564 3616 discretioni
598 3556 664 3616 tuae
698 3569 757 3630 per
787 3553 974 3630 apostolica

180 3653 303 3728 scripta
324 3652 530 3720 mandamus,
547 3652 709 3727 quatenus
725 3651 845 3722 castra,
869 3649 976 3710 domi-

181 3750 248 3822 nia,
263 3748 502 3826 possessiones,
520 3747 553 3812 et
574 3747 641 3810 alia
656 3748 768 3808 omnia
787 3747 828 3808 ad
848 3747 974 3824 praela·

179 3847 249 3910 tum
264 3861 375 3922 regem
388 3847 516 3923 dejure
535 3845 730 3924 spectantia,
743 3847 841 3922 prout
856 3859 977 3904 secun-

181 3944 258 4004 dum
271 3945 482 4005 consilium...
499 3943 639 4004 rectoris
659 3945 692 4005 et
708 3941 975 4002 consiliariorum

179 4041 269 4116 regis
284 4041 419 4103 utilitati
435 4043 506 4117 eJus
521 4038 679 4116 expedire
693 4039 827 4112 videris,
842 4039 974 4099 studeas

180 4138 221 4199 ad
232 4139 321 4213 regis
331 4138 513 4198 dominium
526 4151 696 4198 revocare.
709 4135 974 4198 contradictores

180 4235 209 4296 si
220 4237 274 4311 qui
290 4235 410 4298 luerint
429 4234 481 4296 vel
494 4233 646 4305 rebelles,
663 4247 908 4310 percensuram
919 4249 975 4294 eo-

181 4332 403 4394 clesiasticam
430 4330 652 4409 appellatione
673 4331 854 4408 postposita
880 4346 974 4390 com-

182 4429 355 4507 pescendo.
369 4431 487 4491 Datum
500 4432 613 4490 Romae
634 4428 720 4504 apud
736 4429 893 4488 Sanctum
908 4430 975 4488 Pe·

180 4529 267 4594 trum
282 4542 370 4588 nono
385 4525 545 4612 kalendas
556 4525 636 4586 maii
651 4521 739 4586 anuo
754 4523 864 4586 tertio.

501 4711 653 4804 CUM

459 4857 510 4914 Ad
524 4848 694 4914 eumdem.

462 4975 497 5032 23
512 4975 592 5047 april.
611 4974 690 5030 lile.

218 5090 335 5156 [Regest.‚
345 5089 389 5140 lib.
401 5089 445 5150 ΙΙΙ,
460 5103 501 5153 ep.
515 5087 569 5138 423.
583 5089 640 5138 iiss.
656 5089 691 5138 La
706 5089 779 5138 Porta
797 5087 831 5137 du
842 5085 935 5150 Thali]

1030 1528 1226 1602 deserentes,
1250 1530 1291 1591 ad
1323 1531 1512 1608 hujusmodi
1543 1532 1722 1593 electiones
1756 1533 1823 1594 nisi

1030 1627 1121 1701 prius
1146 1627 1250 1702 ipsius
1270 1629 1359 1704 regis
1376 1629 1477 1706 petita
1504 1629 1640 1691 licentia
1663 1646 1729 1692 non
1745 1647 1825 1707 pro-
1893 1659 1900 1664 ·

1030 1722 1157 1796 cedant,
1175 1726 1207 1785 et
1231 1725 1271 1786 ab
1287 1725 1362 1786 aliis
1384 1727 1517 1803 injuriis
1541 1726 1581 1787 de
1606 1728 1822 1789 caeterocon-

1030 1821 1360 1897 quiescant„monaas
1371 1825 1568 1900 propensius
1583 1825 1616 1886 et
1629 1824 1779 1897 inducas,
1790 1827 1822 1888 et

1031 1918 1058 1977 si
1071 1919 1228 1996 expedire
1243 1919 1377 1991 videris,
1387 1937 1447 1997 per
1460 1937 1634 1982 censuram
1646 1922 1823 1984 ecclesias-

1030 2017 1129 2076 ticam
1154 2017 1376 2096 appellatione
1390 2019 1517 2078 remota
1537 2019 1668 2094 cognita
1683 2019 1823 2080 veritate

1030 2113 1219 2188 compellas.
1237 2115 1360 2175 Datum·
1378 2117 1490 2176 Romae
1507 2115 1593 2190 apud
1621 2117 1654 2174 S.
1675 2117 1821 2187 Petrum,

1031 2225 1117 2272 nono
1129 2210 1288 2271 kalendas
1302 2211 1391 2282 maii,
1409 2226 1496 2272 anno
1513 2211 1622 2273 tertio.

1071 2311 1107 2368 ln
1122 2309 1273 2370 eumdem
1282 2309 1414 2372 modum
1425 2310 1539 2372 curua
1550 2309 1716 2385 praelatos,
1727 2309 1826 2372 atoa-

1030 2405 1134 2482 pitula
1148 2405 1327 2468 Hiberniae.

1396 2521 1455 2607 Μ

1090 2656 1141 2714 Ad
1153 2657 1319 2716 cumdem
1332 2657 1591 2716 Norwiccnsem
1608 2656 1762 2718 electum.

1312 2765 1347 2824 23
1362 2766 1442 2840 april.
1461 2768 1539 2824 lala.

1055 2874 1176 2936 [Reqest.,
1188 2872 1234 2922 lib.
1248 2873 1293 2932 ΙΙΙ,
1304 2873 1376 2938 epist.
1385 2871 1441 2922 399.
1452 2875 1509 2926 llas.
1523 2875 1559 2927 ln
1573 2875 1648 2925 Porta
1657 2875 1692 2924 dn
1703 2875 1797 2938 Theti]

1030 2970 1145 3030 Mandat
1165 2978 1196 3028 ut
1214 2968 1298 3028 saciat
1319 2970 1437 3028 firmiter
1457 2971 1603 3029 observari
1619 2971 1781 3053 iuramenta
1805 2989 1822 3032 a

1160 3059 1344 3132 magnatibus
1359 3061 1421 3132 regi
1435 3061 1547 3133 Angiiae
1563 3062 1697 3134 prestita.

1070 3169 1248 3242 Honorius,
1265 3169 1340 3240 etc,
1353 3167 1471 3247 (electo
1483 3167 1702 3248 Norwicen.).

1070 3269 1150 3326 Cum
1163 3281 1299 3326 causam
1310 3265 1475 3327 carissimi
1486 3267 1522 3326 in
1535 3267 1666 3330 Christo
1680 3267 1740 3327 iilii
1753 3284 1826 3328 uos-

1029 3364 1073 3425 tri
1088 3364 1177 3440 regis
1189 3363 1370 3438 anglorum
1385 3362 1525 3425 illustris
1536 3365 1705 3440 propriam
1715 3366 1824 3425 omni-

1031 3461 1136 3522 modis
1167 3464 1375 3537 reputemus,
1403 3461 1544 3523 libenter
1571 3464 1642 3539 eJus
1671 3461 1824 3539 precibus

1030 3559 1283 3635 acquiescimus,
1310 3559 1366 3636 qui
1396 3557 1578 3636 proiectum
1606 3574 1825 3636 procuramus

1031 3655 1180 3733 eiusdem
1191 3656 1291 3718 etiam
1309 3671 1375 3718 non
1397 3657 1518 3746 rogati.
1542 3659 1593 3717 Ex
1606 3657 1701 3733 parte
1714 3655 1823 3733 siqui·

1030 3753 1104 3814 dem
1128 3753 1234 3830 ipsius
1260 3753 1356 3836 nobis
1378 3752 1439 3816 luit
1464 3753 1633 3816 humiliter
1656 3753 1826 3832 supplica-

1030 3853 1123 3923 tum,
1158 3852 1195 3913 ut
1232 3866 1304 3912 cum
1342 3851 1491 3914 universi
1523 3852 1695 3926 magnates
1730 3851 1825 3926 regni

1029 3948 1158 4024 angliae
1182 3963 1295 4009 coram
1323 3948 1442 4017 dilecto
1473 3947 1541 4008 filio
1573 3949 1686 4008 nostro
1715 3950 1753 4008 G.
1778 3947 1824 4008 ti-

1030 4045 1092 4107 tuli
1115 4045 1228 4107 Sancti
1262 4045 1397 4106 Martini
1422 4045 1615 4121 presbytero
1651 4044 1824 4116 cardinali,

1030 4145 1108 4205 tunc
1120 4129 1318 4218 apostolicae
1330 4141 1425 4202 Sedis
1435 4141 1556 4216 legato,
1567 4141 1724 4218 jurarint,
1740 4141 1826 4216 quod

1032 4241 1186 4312 bonores,
1201 4241 1234 4300 et
1245 4241 1322 4316 jnra
1338 4237 1430 4314 regia
1452 4237 1693 4315 promovebunt
1712 4237 1824 4300 tideli-

1030 4339 1092 4408 ter,
1100 4338 1133 4398 et
1146 4337 1336 4408 servabunt,
1346 4337 1379 4396 et
1390 4334 1476 4412 quod
1493 4335 1644 4412 superiis
1655 4336 1777 4397 rectori
1792 4337 1825 4398 et

1031 4433 1235 4496 consiliariis
1247 4434 1336 4510 regis
1345 4432 1645 4509 ejusdemtideliter
1660 4432 1824 4506 obedient,

1030 4534 1063 4593 et
1078 4531 1229 4608 potenter
1251 4533 1418 4604 assistent,
1436 4531 1533 4608 prout
1552 4530 1587 4591 in
1605 4530 1826 4594 instrumento

1030 4628 1179 4690 coniecto
1206 4629 1327 4690 exinde
1354 4630 1476 4691 dicitur
1499 4628 1629 4706 plenius
1650 4627 1823 4701 contineri,

1030 4741 1090 4786 nos
1102 4725 1292 4804 juramenta
1305 4725 1495 4802 hujusmodi
1506 4725 1691 4803 approbare
1705 4727 1825 4786 aucto-

1032 4823 1130 4884 ritate
1145 4823 1335 4900 apostolica
1351 4822 1577 4899 dignaremur.
1588 4825 1633 4883 De
1645 4822 1704 4884 tua
1715 4822 1826 4898 itaque

1030 4920 1231 4982 discretione
1242 4920 1373 4997 plenam
1386 4920 1421 4980 in
1437 4919 1575 4980 Domino
1596 4919 1752 4981 fiduciam
1767 4919 1827 4982 ob-

1030 5017 1053 5080 ti
1058 5018 1257 5102 nentesper
1271 5017 1459 5094 apiostolica
1474 5017 1536 5079 tibi
1548 5017 1673 5096 scripta
1687 5017 1827 5079 manda-

1029 5131 1114 5186 mus,
1146 5117 1308 5191 quatenus
1329 5115 1520 5191 juramenta
1544 5115 1713 5190 praedicta,
1741 5114 1828 5176 sicut

351 5197 430 5254 idem
448 5203 648 5272 argumentum
663 5209 697 5251 ⁸0
711 5209 807 5268 supra.
1032 5211 1168 5288 praelato
1189 5212 1259 5288 regi
1275 5211 1400 5272 rideris
1420 5210 1589 5288 expedire,
1611 5212 1752 5272 firmiter
1767 5210 1827 5270 ob-

222 5313 421 5376 Carissimus
435 5314 469 5374 in
482 5311 711 5374 Christolilius
725 5313 838 5373 noster
853 5309 976 5371 Henri-
1031 5309 1160 5370 servari
1184 5308 1323 5380 iaciens,
1344 5311 1473 5386 juratos
1497 5309 1538 5370 ad
1560 5309 1826 5370 observationem

179 5428 238 5472 cus
246 5427 307 5472 rex
315 5412 496 5487 anglorum
507 5409 648 5470 illustris
660 5425 754 5468 suam
765 5408 805 5468 ad
818 5423 877 5468 nos
890 5423 975 5484 quae·
1031 5422 1146 5466 eorum
1162 5422 1221 5483 per
1240 5423 1416 5468 censuram
1429 5407 1690 5468 ecclesiasticam
1707 5405 1826 5496 appel-

177 5509 355 5572 rimoniam
370 5507 560 5602 destinavit,
579 5506 663 5584 quod
680 5505 808 5583 praelati
829 5505 862 5566 et
877 5505 973 5582 capi-
1032 5505 1156 5566 latione
1169 5506 1295 5567 remota
1309 5504 1497 5584 compellas.
1523 5505 1640 5565 Datum
1662 5503 1825 5580 utsupra.
