4230 6388
160 291 219 365 817
262 235 263 238 Ἴ
766 283 1115 348 ,ΕΡΙΒΤΟΜΈΗΒΙΒᾸ
1138 282 1177 342 Vl
1460 283 1461 286 ’
1710 327 1713 332 -
1737 278 1801 342 818

160 447 301 512 fratrum
316 445 349 519 et
362 445 466 520 etiam
479 445 642 528 laicorum
656 443 882 508 coemeterium
900 443 955 505 tu·
971 471 975 480 ·
1008 444 1127 504 Datum
1141 441 1310 514 Laterani,
1320 443 1406 504 lilii
1421 439 1581 507 kalendas
1597 438 1698 518 junii,
1718 448 1802 517 poue

156 544 307 606 mutetur
330 543 397 634 qui,
410 545 571 620 tempore
594 542 723 612 mortis,
737 542 772 602 in
794 555 835 604 eo
855 539 955 602 fuerit
1001 539 1152 602 ’dicatus
1167 539 1273 601 nostri
1287 553 1375 600 auno
1391 540 1516 617 quinto.
1722 552 1725 560 ⁴

162 640 400 717 deprehensus.
440 709 444 714 ,
1290 655 1294 666 ·
1332 640 1336 694 5
1368 657 1371 660 ·
1474 637 1476 640 ·
1569 653 1592 685 η

156 792 160 800 .
202 737 519 814 Octavumut,juxta
534 734 952 806 moremCisteroiensium,
1003 770 1006 778 ·
1227 781 1229 784 .
1286 735 1514 839 cccxciv

161 835 213 898 ter
235 835 272 895 in
295 849 382 906 anno
407 834 448 894 ad
474 835 594 904 minus,
620 833 767 894 candelis
792 831 976 901 accensis·
1037 837 1040 842 ’
1231 880 1236 886 .
1352 877 1355 884 ι
1606 873 1609 882 ι
1789 869 1793 878 .

158 929 317 992 monachi
332 928 433 1002 fures,
452 930 650 992 incendiarii
670 930 702 990 et
721 929 954 1006 proprietatem
1006 908 1060 968 Ad
1074 905 1256 986 'albertum
1282 907 1575 984 qrclrteptscopum
1594 905 1803 978 Maddssbttf·

161 1026 333 1102 habentes,
373 1027 703 1094 excommunicantur
734 1025 775 1092 in,
801 1023 977 1088 omnibus
1005 1059 1021 1068 -
1047 999 1235 1076 demittet
1250 1002 1469 1072 medericum
1479 1000 1802 1090 Hsslbssfttadettttm

162 1122 374 1184 monasteriis
389 1123 471 1184 etin
486 1121 629 1198 capitulo
645 1121 835 1197 generali.¹
974 1126 976 1138 ’
1048 1094 1081 1156 ⁶3
1103 1095 1346 1175 moneodanum
1363 1097 1684 1174 Metftssbltftissftssssm
1705 1093 1800 1168 cpis-

202 1220 334 1280 Nonum
350 1220 385 1280 ut
398 1217 482 1290 nulli
497 1217 660 1280 monacho
675 1217 777 1279 liceat
789 1216 862 1295 post
880 1213 953 1277 fac·
967 1221 972 1231 “
1048 1204 1158 1264 00Ρο3·
1185 1265 1190 1276 .
1218 1221 1219 1226 ’
1299 1266 1332 1323 il
1348 1257 1417 1323 mais
1428 1219 1511 1323 ,im
1610 1262 1614 1270 .

161 1317 229 1378 tam
252 1315 491 1393 professionem
513 1316 562 1376 uti
577 1314 732 1377 camiseis
754 1315 811 1376 aut
826 1313 955 1392 lintea·
1136 1380 1141 1392 Ι
1249 1359 1260 1372 .,
1350 1361 1352 1369 ,
1394 1355 1414 1370 .,
1466 1347 1514 1390 4.

157 1410 306 1471 'minibus
332 1410 441 1483 lineis,
470 1411 527 1472 sed
552 1410 631 1472 solis
653 1411 759 1471 lancis
784 1411 850 1473 sint
874 1425 956 1470 con·
1086 1379 1730 1470 [ammaum⁰⁰⁶³333¹b²¹²¹¹²uffiimit]
1782 1427 1785 1435 ·

160 1509 255 1580 tenti,
286 1508 434 1584 exeeptis
458 1507 671 1570 femoralibus
704 1508 761 1569 aut
792 1506 954 1586 mappulis
1008 1486 1057 1544 Eis
1078 1486 1195 1544 mandat
1212 1494 1243 1544 ut
1262 1486 1395 1554 Hanrico,
1416 1487 1512 1544 comiti
1530 1487 1665 1557 Ascania,
1684 1500 1800 1543 excom·

162 1605 204 1665 ad
221 1605 425 1666 auricularia
440 1605 650 1676 involvenda,
674 1604 740 1664 nisi
759 1603 799 1664 de
823 1603 955 1664 miseri„
976 1611 977 1618 ι
1044 1575 1188 1631 muniente
1201 1573 1237 1632 ob
1251 1575 1459 1632 mutilationem
1473 1575 1587 1634 Ger-noti
1602 1573 1722 1645 abbatis,
1735 1590 1799 1647 per·

162 1702 276 1762 cordia
292 1702 426 1763 senibus
440 1702 612 1773 scabiosis,
629 1702 681 1762 vel
696 1700 878 1778 juvenibus
898 1699 954 1759 in·
1044 1663 1172 1720 sonelem
1183 1662 1406 1722 satisfactionem
1416 1669 1626 1735 competentem
1639 1663 1799 1736 injungant.

160 1797 267 1858 firmis
283 1798 354 1860 baec
367 1797 581 1874 indulgentur
594 1799 635 1859 ad
647 1799 788 1874 tempus.
1008 1815 1014 1824 ·
1047 1787 1214 1874 Honorius
1239 1787 1423 1865 episcopus,
1453 1787 1528 1862 etc,
1553 1787 1800 1851 venerabilibus

200 1895 369 1956 Decimum
391 1897 427 1956 ut
450 1911 512 1956 sex
537 1895 673 1957 abbates
695 1911 755 1972 per
770 1892 953 1974 'duodecim
1008 1885 1165 1947 matribus
1182 1885 1316 1946 alberto
1337 1885 1585 1963 archiepiscopo
1600 1885 1800 1962 Magdebur-

161 1991 315 2052 dioecesis
329 1995 464 2053 Reman.
484 1993 676 2069 provincias,
692 1991 838 2068 quolibet
851 2005 950 2061 anno,
1008 1983 1112 2059 gensi,
1127 1985 1161 2044 et
1174 1979 1343 2044 Friderico
1359 1983 1629 2045 Halberstadensi
1644 1981 1801 2046 etEkke-

160 2088 341 2149 secundum
356 2089 429 2151 loca
441 2083 504 2150 'sibi
515 2090 649 2166 proprie¹
661 2087 873 2164 assignanda,
883 2087 953 2148 bini
1008 2078 1112 2140 harde
1127 2079 1393 2155 Merseburgensi
1409 2079 1584 2158 episcopis,
1600 2079 1752 2142 salutem.

160 2185 193 2246 et
209 2184 290 2256 bini,
303 2186 505 2246 monasteria
515 2186 753 2247 monachorum
773 2186 805 2246 et
820 2183 952 2244 monia·
1049 2179 1153 2248 Quum
1175 2155 1297 2236 nobilis
1323 2177 1375 2236 tit
1395 2177 1573 2248 ‘Hessrissub
1599 2191 1709 2238 6οωθὸ
1732 2179 1800 2237 AS·

160 2281 242 2342 lium
260 2282 406 2354 visitent,
427 2283 632 2359 inquirentes
659 2282 699 2343 de
726 2281 816 2343 statu
839 2295 953 2341 eorum
1008 2274 1119 2345 cariae,
1145 2272 1433 2334 Helberstadensis
1462 2273 1627 2346 dioecesis,
1653 2274 1695 2334 ad
1719 2287 1801 2335 nos-

159 2379 229 2439 tem
242 2379 330 2439 circa
344 2379 531 2455 spiritualia
545 2395 642 2455 quam
656 2379 746 2439 circa
758 2376 953 2455 temporalia
1008 2371 1093 2432 tram
1108 2371 1268 2431 accedens
1286 2370 1509 2446 praesentiam,
1530 2370 1713 2448 postularet
1729 2371 1804 2432 ins-

159 2471 347 2547 diligenter,
382 2474 415 2535 et
445 2472 599 2549 quicquid
630 2472 822 2534 invenirent
847 2470 955 2531 corri—
1008 2467 1127 2539 tantur,
1142 2469 1178 2528 ut
1192 2465 1233 2527 ab
1253 2467 1607 2528 excommunicationis
1622 2467 1799 2540 sententia,

159 2567 304 2643 gendum
330 2569 459 2630 tamin
486 2569 593 2644 capite
619 2583 717 2644 quam
739 2568 775 2628 in
798 2565 954 2627 membris
1009 2564 1062 2626 cui
1089 2563 1130 2624 ob
1156 2563 1398 2636 mutilationem
1430 2562 1542 2626 dilecti
1564 2565 1627 2636 filii
1653 2565 1799 2638 Gernoti,

159 2664 319 2740 scriptum
334 2664 480 2725 referant
492 2665 533 2724 ad
550 2664 729 2739 capitulum
744 2662 910 2738 generale.
1008 2660 1137 2722 abbatis
1161 2660 1355 2724 monasterii
1381 2660 1645 2737 Nieuburgensis
1673 2661 1803 2722 denun-

201 2761 418 2824 Undecimum
430 2762 466 2821 ut
475 2760 505 2821 si
517 2760 696 2821 monachus
710 2759 761 2820 rel
772 2774 954 2821 conuersus
1009 2755 1111 2820 tiatus
1126 2755 1237 2826 fuerat
1255 2755 1438 2833 subjacere,
1455 2757 1496 2820 ad
1512 2757 1676 2818 cautelam
1692 2758 1804 2820 absol-

161 2861 202 2920 de
221 2857 464 2920 incontinentia
488 2858 541 2918 vel
574 2857 614 2918 de
638 2854 876 2932 dilapidatione
898 2855 956 2916 aut
1009 2868 1161 2916 seramus
1187 2853 1354 2928 eumdem;
1382 2869 1454 2928 noe,
1487 2854 1566 2930 quia
1593 2854 1801 2918 denuntiatio

161 2957 202 3018 de
226 2955 392 3016 discordia
408 2954 501 3015 inter
518 2953 644 3014 fratres
666 2953 870 3023 seminanda,
896 2967 955 3028 per
1009 2951 1082 3028 ipsa
1096 2949 1271 3012 videbatur
1285 2950 1348 3012 rite
1360 2949 1448 3012 facta
1461 2951 1575 3023 fuisse,
1592 2951 1679 3014 sicut
1690 2952 1805 3014 archi-

161 3053 281 3114 fratres
306 3067 417 3112 eoram
450 3050 680 3112 visitatoribus
709 3050 792 3112 citra
816 3049 954 3110 formam
1009 3048 1249 3125 episcoporum,
1266 3048 1496 3125 episcoporum
1507 3049 1539 3110 et
1549 3049 1691 3110 aliorum
1702 3065 1801 3126 quam

156 3149 278 3226 judicii
296 3147 535 3220 'continentum
562 3148 659 3224 juxta
684 3141 899 3222 quantitatem
924 3146 956 3206 et
1010 3146 1155 3222 plurium
1165 3145 1285 3208 litterae
1298 3145 1394 3212 nobis
1407 3146 1540 3207 direciae
1556 3146 1687 3224 plenius
1702 3146 1804 3208 conti·

160 3245 352 3323 qualitatem
362 3259 529 3317 excessus,
543 3243 723 3305 secundum
737 3243 885 3318 regulam
896 3257 956 3320 per
1009 3242 1116 3306 naban
1122 3243 1142 3315 t,
1153 3245 1182 3320 ej
1188 3259 1225 3302 us
1234 3243 1401 3304 instantiae
1412 3258 1479 3304 uon
1489 3242 1644 3312 duximus
1653 3258 1802 3306 annuen-

161 3357 218 3405 eos
233 3357 379 3418 congrue
394 3343 585 3418 castigetur.
1010 3341 1103 3414 dnm;
1115 3339 1173 3400 sed
1184 3340 1271 3400 idem
1282 3339 1440 3401 comesde
1451 3356 1510 3400 sua
1521 3340 1628 3412 salute
1639 3341 1802 3402 sollicitus

201 3441 449 3511 Duodecimum,
466 3441 501 3500 ut
515 3455 576 3500 nec
587 3438 688 3500 abbas
700 3453 762 3499 nec
772 3437 955 3500 monachus
1010 3437 1140 3512 demum
1155 3437 1250 3499 nobis
1267 3440 1301 3498 et
1319 3437 1477 3499 fratribus
1492 3439 1615 3500 uostris
1630 3439 1803 3502 humiliter

160 3537 196 3597 in
215 3536 290 3598 urbi
310 3537 363 3599 vel
385 3538 494 3598 castro
519 3535 575 3596 ubi
595 3535 832 3597 monasterinm
855 3536 954 3596 situm
1010 3535 1218 3613 supplicavit,
1231 3536 1267 3596 ut
1276 3534 1318 3596 ad
1327 3535 1588 3612 componendum
1596 3535 1685 3598 inter
1694 3537 1803 3612 ipsum

160 3635 221 3705 est,
236 3633 315 3694 alibi
332 3649 430 3710 quam
445 3634 480 3693 in
493 3633 695 3694 monasterio
710 3633 831 3694 audeat
846 3632 955 3708 hospi·
1010 3635 1043 3694 et
1063 3633 1300 3706 monasterium
1320 3633 1536 3694 memoratum
1558 3632 1729 3716 intendere
1747 3633 1802 3697 di·.

159 3731 237 3803 tari,
261 3731 327 3791 nisi
348 3731 425 3791 talis
448 3731 548 3791 fuerit
568 3729 654 3792 forte
675 3729 785 3792 viator
801 3730 857 3805 qui
880 3743 954 3790 cum
1009 3745 1200 3805 queremur.
1215 3730 1308 3790 Unde
1330 3730 1568 3806 compositione
1586 3731 1674 3792 inter
1694 3731 1803 3806 ipsum

159 3827 352 3890 festinantia
370 3830 508 3888 Romam
527 3828 628 3904 petat,
650 3827 704 3888 vel
725 3827 863 3888 alterius
877 3823 956 3903 pro·
1009 3828 1042 3887 et
1052 3826 1208 3887 dilectum
1220 3826 1324 3900 filium
1337 3825 1545 3902 Rodegerum
1559 3826 1757 3894 monachum
1770 3827 1803 3886 et

160 3925 292 3996 uiuciae,
309 3928 346 3986 ut
360 3941 501 4000 persona
515 3940 588 4002 quae
605 3925 804 4000 cumaliquo
821 3925 954 4000 potente
1009 3924 1258 3998 procuratorem
1288 3923 1482 3996 monasterii
1513 3923 1590 3982 ante
1622 3922 1713 3994 dicti,
1746 3921 1803 4000 qui

160 4021 298 4083 honeste
314 4023 470 4092 moretur,
493 4021 529 4082 ut
550 4021 580 4080 si
601 4020 685 4082 forte
704 4020 876 4081 humiliter
896 4035 956 4096 pe·
1009 4018 1199 4081 mandatum
1213 4018 1280 4078 tam
1303 4019 1345 4078 ad
1365 4018 1626 4094 componendum
1641 4033 1740 4096 quam
1760 4017 1803 4080 ad

159 4119 243 4180 tenti
266 4117 446 4193 hospitium
468 4117 571 4178 fuerit
599 4116 808 4191 denegatum,
831 4132 955 4192 ponan·
1009 4114 1173 4191 agendum
1187 4113 1339 4185 habebat,
1364 4114 1530 4176 mediante
1550 4115 1663 4176 nostro
1680 4117 1713 4176 ct
1733 4114 1804 4178 fra·

160 4215 214 4276 tur
229 4214 350 4276 exinde
372 4211 554 4292 culpabiles
564 4213 660 4290 Juxta
676 4213 954 4276 existimationem
1009 4213 1097 4274 trum
1122 4213 1312 4273 nestrorum
1335 4211 1455 4284 stadie,
1477 4212 1655 4282 celebrata,
1670 4228 1743 4290 quae
1766 4213 1803 4274 in

160 4312 297 4388 capituli
311 4303 490 4387 'generalis
1009 4309 1085 4370 aliis
1122 4308 1243 4370 litteris
1277 4307 1399 4370 nostris
1432 4308 1564 4385 plenius
1603 4310 1802 4384 continetur,

200 4411 269 4471 Nos
284 4409 388 4486 igitur
401 4409 524 4471 restris
540 4407 837 4485 supplicationibus
851 4407 954 4468 incli·
1008 4408 1119 4484 ipsum
1142 4406 1295 4468 comitem
1315 4409 1449 4482 recepto
1469 4406 1510 4466 ab
1530 4422 1569 4468 eo
1587 4407 1805 4484 corporaliter

160 4508 242 4581 nati,
253 4523 355 4583 supra
370 4506 458 4567 dicta
477 4505 623 4581 capitula
636 4506 721 4567 sicut
737 4505 873 4582 provide
886 4507 955 4567 sta-
1005 4505 1206 4582 iuramento,
1224 4506 1256 4566 et
1268 4503 1485 4566 nibilominus
1499 4504 1709 4582 fidejussoria
1722 4521 1804 4566 oau-

159 4605 230 4668 tuta
264 4605 351 4676 sunt,
381 4582 579 4664 auctoritate
606 4603 796 4679 apostoliea
830 4603 954 4664 contir-
1011 4602 1099 4664 tione
1110 4601 1364 4678 quingentarum
1377 4602 1599 4674 marcharum,
1612 4602 1805 4664 absolvite·

159 4716 287 4762 mamus
302 4701 335 4762 et
347 4700 522 4776 praesentis
538 4699 653 4775 scripti
669 4699 855 4774 patrocinio
869 4714 955 4760 com·
1010 4699 1114 4760 cimus
1138 4701 1236 4776 juxta
1259 4698 1399 4760 formam
1428 4699 1585 4760 Ecclesiae
1611 4699 1803 4762 cousuetam

159 4797 336 4869 munimus
377 4797 425 4860 lta
457 4798 569 4859 tamen
605 4796 692 4874 quod
727 4795 848 4860 exinde
892 4811 955 4858 nee
1009 4797 1220 4874 injungentes
1244 4796 1350 4856 eidem
1373 4812 1447 4873 quae
1473 4796 1515 4865 ad
1539 4812 1686 4874 praeseus
1704 4800 1803 4874 juxta

160 4893 323 4962 ecclesiis,
349 4909 410 4954 nec
434 4894 601 4970 aliquibus
626 4892 843 4959 ecclesiarum
868 4909 956 4970 pree·
1008 4893 1165 4955 Ecclesiae
1187 4897 1344 4956 Romana
1358 4891 1642 4968 consuetudinem,
1656 4895 1801 4959 vidimus

160 4990 238 5053 latis
272 4990 502 5066 praejudicium
537 4993 724 5066 generetur.
756 4990 851 5054 Nulli
875 5006 954 5067 ergo
1009 4990 1225 5069 injungenda,
1238 4990 1341 5050 salvis
1356 4990 1521 5051 mandatis
1536 4991 1613 5052 aliis
1625 5009 1725 5068 super
1735 4977 1803 5062 hoc

160 5087 295 5148 omnino
309 5087 479 5146 bominum
494 5087 594 5149 liceat
608 5087 694 5148 banc
707 5089 862 5165 paginam
876 5104 955 5148 nos·
1008 5104 1068 5164 per
1089 5104 1150 5149 nos
1169 5087 1329 5148 faciendis
1349 5088 1466 5163 eidem.
1491 5089 1575 5160 Quia
1598 5105 1678 5150 vero
1702 5105 1803 5164 super

159 5187 220 5245 trae
247 5183 508 5246 confirmationis
527 5183 723 5259 infringere,
745 5185 799 5248 vel
818 5185 850 5245 ei
869 5199 954 5246 ausu
1008 5185 1216 5251 mutilatione
1244 5184 1394 5261 praedicti
1410 5185 1550 5248 abbatis
1576 5187 1659 5248 adeo
1682 5185 1803 5250 validae

159 5280 338 5342 temerario
353 5280 532 5342 contraire.
554 5281 589 5342 Si
604 5281 678 5358 quis
693 5283 804 5346 autem
818 5283 882 5344 boc
898 5283 953 5344 at·
1008 5283 1285 5360 praesumptiones
1310 5284 1387 5344 sunt
1411 5285 1526 5344 contra
1551 5283 1704 5346 comitem
1728 5299 1802 5346 ma-

158 5378 289 5442 tentare
303 5377 563 5455 praesumpserit,
571 5379 834 5456 indignationem
846 5380 955 5441 omni·
1007 5380 1183 5450 moratum,
1196 5383 1233 5440 ut
1242 5379 1468 5454 proscaudalo
1478 5379 1623 5442 tollendo
1634 5379 1801 5454 cogendus

160 5477 303 5550 potentis
330 5475 390 5536 Dei
421 5476 454 5538 et
485 5473 657 5538 beatorum
681 5476 772 5538 Petri
787 5478 834 5544 get
857 5477 952 5538 Pauli
1007 5477 1054 5542 ad
1078 5475 1338 5539 satisfactionem
1370 5491 1550 5554 congruam
1578 5476 1802 5540 exhibendam

161 5573 384 5650 apostolurum
411 5575 483 5652 ejus
508 5587 544 5634 se
568 5574 700 5638 nouerit
726 5573 949 5638 incursurum.
1007 5574 1125 5636 merito
1161 5573 1325 5647 uideatur,
1361 5573 1565 5644 fraternitati
1590 5574 1711 5661 vestrm
1742 5590 1802 5652 per
