4300 6392
149 265 210 322 377
770 259 997 322 EPISTOLAE.
1020 259 1099 320 LIB.
1123 259 1181 319 iv:
1736 267 1795 326 ³78

150 419 400 500 gnitexercibta
408 419 732 496 Christianismum
740 433 947 495 nequaquam
1002 417 1372 480 ordinisetvsdacensi
1383 417 1568 492 abbatibus,
1580 419 1794 485 abrincensis

151 517 323 582 sufficiant
341 517 383 577 ad
399 515 591 594 praedictam
606 515 753 580 incolere
766 514 946 586 civitatem,
1003 518 1036 578 et
1064 515 1322 578 Cenomanensis
1348 515 1555 588 dioecesium,
1576 521 1609 579 et
1634 520 1794 595 magisne

151 617 186 680 et
225 614 404 692 procedere
428 613 473 674 ad¹
494 613 578 674 alias
604 611 846 690 impugnandas
876 611 948 674 sins
1003 613 1192 675 scholarum
1206 614 1447 690 indegavensi,
1466 615 1606 676 salutem
1622 615 1795 693 etaposto·

152 710 949 790 quibuscumillatenerlacnristienisnonpos-
1004 711 1106 772 licam·
1117 711 1395 774 benedictionem.
1606 713 1608 719 ’

152 810 209 882 sit,
222 807 714 872 nonrestatnisianteamcum
731 807 824 870 tanta
840 803 950 881 gloria
1042 808 1210 870 accedens
1235 809 1318 870 olim
1343 809 1384 870 ad
1409 809 1622 886 praesentiam
1647 811 1796 873 nostram

153 906 376 984 conquisitam
395 904 617 980 ignominiose
631 903 796 974 deserere,
811 904 869 964 aut
887 903 950 964 cir·
1003 905 1204 968 uenerabilis
1219 906 1324 968 frater
1340 907 1453 969 noster
1467 909 1695 970 Nannetensis
1705 909 1796 985 epis-

154 1003 360 1066 cumetantes
392 1017 586 1079 expugnare
608 1001 764 1072 viriliter,
781 1002 814 1063 et
827 999 948 1061 Chris·
1003 1018 1105 1080 oopns
1126 1001 1343 1081 (Stephanus)
1361 1003 1541 1080 postulauit
1561 1006 1794 1066 excommuni-

154 1101 248 1164 tiano
260 1099 389 1162 nomini
398 1099 567 1177 praeeunte
576 1097 705 1176 judicio
717 1096 861 1160 feliciter
875 1094 950 1158 snb·
1004 1085 1145 1162 cationis
1156 1101 1189 1162 et
1198 1099 1366 1163 interdicti
1380 1101 1571 1172 sententias,
1586 1117 1668 1178 quas
1681 1102 1719 1162 in
1731 1118 1796 1164 no-

154 1201 288 1276 jugare.
325 1197 394 1258 Nos
436 1195 570 1274 quidem
614 1194 736 1258 futuris
779 1193 949 1274 praeterita
1004 1197 1103 1260 bilem
1117 1197 1227 1259 virum
1251 1197 1404 1260 comitem
1423 1198 1603 1260 Britannias
1618 1213 1658 1262 ac
1671 1201 1796 1262 terram

157 1295 370 1372 coaptantes,
392 1293 452 1354 illa
473 1292 625 1354 videmur
649 1293 800 1369 tempora
827 1291 951 1354 intueri
1006 1309 1101 1356 snam
1115 1309 1176 1371 pro
1190 1293 1351 1357 violentia
1364 1293 1565 1365 libertatum,
1581 1309 1622 1355 sc
1635 1295 1748 1356 multis
1765 1297 1799 1358 et
1830 1274 1835 1292 ¹

158 1391 283 1470 quibus
309 1389 493 1454 blachabaei
526 1389 640 1452 sancta
670 1403 742 1458 sua,
765 1387 950 1466 profligatis
1005 1389 1163 1467 grauibus
1184 1389 1314 1451 damnis
1330 1389 1364 1452 et
1377 1389 1511 1466 injuriis
1526 1390 1568 1451 ab
1589 1390 1663 1466 ipso
1677 1391 1803 1453 comite

157 1488 327 1564 gentibus,
342 1503 418 1548 cnm
427 1501 548 1561 magna
560 1485 674 1563 populi
688 1485 741 1547 sui
753 1485 869 1548 laetitia
879 1499 953 1546 res-
1006 1490 1104 1565 atque
1119 1488 1202 1556 suis,
1217 1485 1328 1549 sibiet
1343 1487 1491 1549 ecolesiae
1507 1503 1576 1552 suae
1588 1503 1628 1550 ac
1640 1491 1712 1566 eJus
1724 1487 1801 1550 snb·

157 1586 346 1657 taurarunl,
362 1583 450 1650 etde
464 1584 586 1646 divinae
600 1583 734 1660 pietatis
749 1581 951 1644 mundmtla
1006 1584 1084 1646 ditis
1094 1583 1262 1660 irrogetis,
1274 1584 1390 1646 fractis
1398 1585 1497 1649 edam
1508 1584 1703 1661 quibusdam
1713 1601 1801 1648 com·

159 1681 374 1754 confidentes,
391 1695 563 1758 speramus
578 1680 665 1758 qnod
686 1679 853 1742 modernis
868 1680 953 1740 tem·
1007 1681 1227 1761 positionibus
1253 1681 1340 1742 inter
1365 1696 1421 1742 eos
1443 1681 1548 1754 initis,
1571 1681 1740 1756 intulerat,
1765 1685 1800 1746 et

161 1779 297 1858 poribus
319 1779 391 1840 baec
417 1778 453 1840 in
477 1777 598 1854 populo
627 1775 816 1840 Christiano
835 1775 954 1840 debeat
1007 1777 1283 1854 metropolitauus
1322 1777 1531 1854 postmodnm
1566 1779 1799 1852 confirmarat,

159 1875 276 1966 latitia
301 1875 467 1938 innovari.
491 1876 663 1936 Menenius
685 1873 788 1948 igitur
812 1873 952 1936 univer·
986 1948 988 1956 ἲ
1008 1887 1137 1934 necnon
1155 1871 1232 1932 illes
1255 1887 1338 1949 quas
1359 1871 1448 1934 mem
1470 1873 1748 1948 metropolitauus
1764 1873 1804 1934 im

158 1974 261 2036 tatem
277 1973 433 2044 vestram,
447 1987 603 2048 rogamus
617 1971 650 2034 et
665 1969 884 2034 obsecramus.
895 1984 955 2046 per
986 2051 988 2058 Α
1009 1969 1207 2046 provinciali
1219 1967 1360 2030 concilio
1373 1968 1643 2044 promulgaverat
1655 1970 1691 2030 in
1704 1985 1800 2032 enm-

160 2069 393 2148 aspersionem
407 2068 580 2144 sanguinis
595 2070 674 2130 lesu
687 2066 821 2138 Christi,
838 2067 956 2144 qnate-
986 2069 989 2151 ζ
1010 2067 1094 2138 dem,
1114 2065 1303 2142 apostolico
1330 2065 1514 2126 munimine
1540 2065 1703 2128 roborari.
1729 2067 1804 2130 Nos

160 2184 224 2229 nns
236 2166 369 2231 accensi
385 2166 484 2243 nujus
494 2165 620 2227 laetitiae
630 2163 808 2235 desiderio,
824 2163 866 2224 ad
876 2162 957 2224 snb-
1009 2165 1120 2225 antem
1147 2161 1277 2224 dilectis
1305 2161 1385 2222 tiliis
1411 2163 1539 2224 cantori
1567 2165 1602 2228 et
1631 2163 1803 2239 magistris

161 2264 352 2328 tentionem
376 2262 544 2324 exercitus
577 2261 759 2338 saepedicti,
785 2259 956 2322 renovatis
987 2259 1800 2336 ¹Jnelloetitaetio,canoniciscenomanensibus,

161 2361 284 2422 animis
306 2361 339 2422 et
358 2359 498 2432 viribus,
518 2360 554 2419 in
572 2359 673 2420 tantae
699 2355 957 2435 opportunitatis
987 2375 988 2378 ¹
1010 2358 1160 2418 dedimus
1176 2357 1210 2416 in
1225 2355 1400 2427 mandatis,
1417 2357 1463 2427 ut,
1484 2356 1514 2418 si
1536 2373 1646 2418 comes
1660 2357 1804 2435 predio-t

162 2457 303 2520 artioralc
339 2457 534 2520 intendatis.
564 2457 633 2518 Nos
662 2455 773 2518 antem
807 2453 957 2516 factasa
1012 2458 1063 2518 tus
1091 2455 1266 2533 praestaret
1290 2453 1332 2516 de
1358 2455 1487 2515 damnis
1512 2457 1545 2516 et
1577 2455 1712 2532 injuriis
1735 2458 1806 2518 tam

166 2554 330 2632 principio
345 2553 569 2629 indulgentias
586 2553 796 2623 innovantes,
805 2549 957 2614 omnibns
1012 2554 1101 2614 circa
1116 2552 1285 2614 libertates
1301 2567 1399 2628 quam
1411 2551 1479 2612 alia
1491 2551 1676 2614 manifestis
1690 2567 1805 2614 eman-

168 2652 225 2728 qui
240 2650 388 2712 laborem
410 2651 511 2713 istum
523 2650 560 2710 in
575 2649 719 2726 propriis
731 2647 883 2725 personis
900 2663 959 2708 su-
988 2677 989 2688 2
1012 2650 1099 2721 dam,
1126 2665 1165 2710 ao
1187 2647 1305 2710 deinde
1332 2647 1563 2720 sufficientem,
1588 2649 1676 2725 qnod
1700 2651 1808 2722 staret,

163 2748 297 2820 bierint,
314 2749 348 2810 st
356 2746 523 2824 expensis,
540 2759 581 2806 ac
594 2744 643 2806 eis
656 2744 885 2812 nihilominus,
902 2743 957 2820 qni
1009 2745 1312 2825 pericopes-dubiis,
1321 2745 1520 2816 cautionem,
1528 2744 1720 2808 relaxarent
1731 2759 1805 2806 san-

165 2860 232 2908 non
249 2846 284 2906 in
296 2843 440 2921 propriis
457 2843 609 2920 personis
620 2841 835 2912 accesserint,
851 2840 908 2904 sed
923 2840 958 2900 in
1012 2844 1136 2906 tentiae
1162 2842 1378 2914 memoratam
1411 2842 1561 2920 alioquin
1589 2843 1691 2919 ipsas,
1717 2843 1804 2906 sicut

165 2942 321 3018 expensis
346 2940 415 3001 suis
446 2943 543 3016 juxta
564 2939 739 3000 facultates
765 2953 842 3000 snas
869 2938 959 3000 viros
1013 2939 1257 3002 rationabiliter
1266 2941 1377 3001 essent
1390 2939 1478 3012 latae,
1496 2939 1693 3001 auctoritate
1702 2943 1817 3016 Apoe'

167 3039 302 3101 idoneos
327 3037 578 3108 destinaverint,
592 3051 721 3100 necnon
743 3037 775 3098 et
796 3035 873 3098 aliis
889 3032 958 3111 qui,
1013 3037 1388 3114 tolicafacereninsqne
1401 3036 1442 3098 ad
1455 3027 1715 3098 satisfactionem
1729 3051 1807 3098 con·

166 3137 246 3198 licet
260 3137 294 3197 in
312 3136 432 3198 alienis
446 3135 613 3212 expensis,
626 3135 662 3194 in
685 3132 831 3210 propriis
849 3133 961 3194 tamen
1014 3149 1132 3212 gruem
1144 3132 1575 3196 inviolabiliterobseruari.

167 3233 321 3310 personis
331 3232 544 3304 accesserint,
556 3231 688 3308 plenam
699 3245 834 3292 suorum
848 3243 962 3306 pecca·
1056 3234 1227 3310 Quumque
1241 3245 1342 3308 super
1355 3229 1399 3290 iis
1411 3229 1565 3306 jamdicti
1581 3229 1711 3305 judices
1730 3245 1809 3306 pro·

170 3335 288 3402 torum,
305 3331 346 3393 de
367 3329 486 3407 quibus
507 3328 677 3390 fuerintet
691 3327 790 3389 corde
812 3326 960 3396 contriti,
1017 3329 1207 3397 cessissent,
1231 3329 1326 3405 parte
1347 3326 1477 3388 comitis
1505 3325 1702 3404 appellante,
1732 3341 1806 3386 me-

167 3443 212 3489 ex
239 3443 297 3490 cre
322 3426 481 3499 confessi,
511 3427 645 3487 veniam
674 3422 901 3500 indulgemus,
930 3425 964 3484 et
1015 3426 1348 3502 moratusepiscopus
1361 3425 1394 3486 et
1413 3424 1645 3501 procuratores
1664 3423 1806 3494 comitis,

168 3525 204 3585 in
232 3525 451 3588 retributione
479 3525 646 3602 justorum
681 3521 798 3584 aeterni
834 3519 963 3598 praemii
1017 3525 1174 3586 videlicet
1187 3523 1352 3585 Oliverins
1365 3521 1471 3593 miles,
1489 3521 1546 3599 qui
1559 3521 1600 3582 ad
1611 3519 1808 3597 litigandum

169 3621 367 3698 pollicemur
389 3620 614 3696 augmentum.
628 3620 735 3695 Hujus
750 3631 880 3695 quoque
905 3632 963 3678 re·
1019 3623 1052 3684 et
1066 3620 1339 3698 componendum,
1355 3620 1389 3681 et
1407 3619 1606 3682 Rotonensis
1625 3617 1739 3686 abbas,
1753 3617 1810 3694 qni

170 3717 340 3780 missionis
376 3717 530 3781 volumus
565 3717 600 3778 et
635 3713 847 3778 concedimus
887 3727 964 3777 esse
1019 3719 1060 3781 ad
1075 3718 1337 3796 componendum
1359 3716 1504 3794 speciale
1528 3715 1720 3778 mandatnm
1746 3715 1812 3775 bn„

171 3815 352 3894 participes
362 3816 459 3892 juxta
472 3812 692 3891 quantitatem
706 3810 847 3875 subsidii
857 3813 890 3873 et
902 3811 964 3872 de·
1019 3817 1151 3888 bebant,
1167 3816 1203 3876 ia
1213 3817 1329 3877 nostra
1340 3813 1597 3890 comparuerunt
1610 3812 1787 3889 presentia
1801 3831 1810 3872 ε

171 3912 317 3976 notionis
330 3911 496 3982 affectum,
509 3925 626 3974 omnes
642 3908 753 3988 qniad
767 3907 965 3970 subventio·
1021 3914 1140 3992 quibns
1163 3912 1319 3974 dilectum
1345 3911 1451 3972 filium
1478 3912 1627 3972 nostrum
1647 3909 1707 3969 Th.
1723 3907 1811 3970 tituli

173 4025 249 4070 nem
261 4008 411 4085 praedicti
420 4008 547 4084 negotii
565 4006 606 4069 de
621 4006 718 4068 bonis
737 4005 806 4072 suis
819 4019 966 4080 congrue
1023 4011 1153 4072 sanctas
1181 4007 1316 4070 Sabinae
1346 4005 1573 4084 presbyterum
1608 4004 1813 4066 cardinalem

171 4105 417 4177 ministrabunt,
435 4105 492 4169 aut
512 4103 704 4181 impendent
718 4101 897 4163 consilium
913 4101 967 4164 vel
1023 4105 1246 4168 concessimus
1259 4103 1455 4175 auditorem,
1468 4099 1815 4179 quomedmte,am1.

173 4203 338 4265 aumlium
351 4203 583 4280 opportunum.
1023 4202 1176 4264 cabiliter
1190 4199 1342 4278 provenit
1353 4199 1548 4275 compositio
1565 4197 1734 4268 intereos,
1749 4213 1814 4257 cu-

492 4340 652 4430 LXXIV
792 4411 802 4425 Ι
1020 4305 1076 4378 jus
1091 4300 1240 4360 tenorem
1255 4297 1295 4357 de
1310 4295 1413 4358 verbo
1430 4295 1472 4356 ad
1493 4294 1629 4357 verbnm
1642 4293 1817 4372 praesenti-

1023 4397 1085 4458 bus
1096 4394 1257 4472 jnssimus
1273 4393 1439 4464 annotari,
1456 4391 1512 4470 qni
1526 4390 1605 4452 talis
1620 4392 1695 4453 est:

175 4469 227 4528 Ad
240 4467 520 4536 saviniacensem
533 4466 567 4527 et
588 4466 818 4525 Vadocensem
832 4460 971 4522 abbates
1065 4495 1103 4554 In
1117 4491 1205 4553 hanc
1224 4489 1364 4551 sormam
1379 4487 1630 4566 communionis
1644 4489 1717 4548 tam
1728 4484 1819 4562 epis,

219 4563 253 4625 e‘
267 4563 476 4639 'mmmm
490 4566 684 4672 mmmm
700 4560 920 4634 Andeffavm‘·
1025 4606 1127 4667 copus
1142 4588 1377 4655 Nannetensis‚
1394 4602 1493 4666 quam
1513 4585 1745 4662 procuratores
1757 4597 1818 4644 co·

460 4665 495 4722 ²⁸
507 4679 620 4738 lanum·
636 4663 716 4726 ¹²²⁰·
1026 4687 1127 4758 mitis,
1142 4685 1372 4746 convenerunt
1387 4704 1396 4744 ε

261 4761 397 4826 [bouquet
409 4761 512 4812 Recneil
528 4761 572 4812 des
585 4761 660 4818 ilict..
675 4766 694 4811 t.
708 4761 775 4818 xlx,
792 4773 818 4824 p.
832 4757 892 4816 scm

378 4843 487 4903 neget,
503 4839 549 4890 fib·
561 4840 603 4898 w,
615 4839 690 4904 epis,-
702 4839 770 4900 040¹]
850 4877 858 4889 .
1067 4785 1096 4844 l.
1120 4784 1235 4844 Comes
1248 4779 1430 4842 Britanniae
1448 4779 1600 4840 restituet
1617 4777 1772 4854 episcopo
1786 4775 1820 4838 et

177 4931 282 4988 Notum
302 4929 345 4987 eis
368 4927 434 4986 facit
455 4943 486 4985 se
510 4927 692 4986 concordiam
714 4941 765 5002 pro
790 4925 867 4983 bono
895 4923 974 4997 pacis
1027 4879 1309 4956 oepnulooermm
1322 4891 1428 4948 sum
1442 4878 1474 4936 ot
1488 4874 1730 5032 mdmtusfflf
1743 4887 1821 5034 Ἦ

214 5019 289 5074 inter
310 5016 485 5089 Stephanum
508 5018 722 5074 nannetensem
751 5015 919 5088 episcopum
941 5025 975 5068 ac
1028 4977 1140 5087 ⁰f³pf⁰⁵
1154 4976 1340 5084 tamp‘ffffl
1355 4987 1453 5082 {uam
1466 4987 1627 5081 99r⁸¹¹⁰⁸⁹
1696 5067 1703 5079 ‚
1721 4985 1756 5032 ¹¹¹

215 5095 973 5168 Petrumconritemltritsnniaeinitamconfirmavisse,
1029 5087 1298 5150 111111111111111
1322 5071 1410 5144 111111,
1436 5067 1762 5143 1111111,1ῑ111118111111
1788 5067 1822 5126 at

215 5195 316 5266 euque
329 5191 456 5260 mancat,
476 5198 516 5260 ur,
533 5205 600 5248 aurs
620 5192 759 5263 ipsorum,
774 5189 837 5246 uec
855 5202 973 5260 mmm·
1029 5170 1223 5232 exsomnes
1257 5168 1352 5240 anas,
1387 5181 1594 5243 quocumque
1619 5163 1728 5231 modo,
1752 5164 1821 5222 tam

216 5283 291 5351 sitio,
302 5281 385 5354 cujus
396 5289 478 5338 tenor
492 5279 617 5336 insertus
631 5286 684 5346 est,
701 5293 752 5352 per
766 5291 919 5334 censuram
932 5289 977 5332 ec
1030 5281 1090 5344 per
1105 5279 1254 5343 aequam
1273 5280 1333 5341 per
1347 5278 1438 5334 sune,
1454 5262 1620 5333 extortas;
1635 5261 1669 5321 et
1682 5257 1823 5336 quitabit

217 5370 406 5430 ctesiasticam
421 5367 539 5428 tirmiter
553 5365 728 5424 observetur.
1031 5377 1143 5425 coram
1155 5359 1324 5439 jndicibus
1339 5359 1495 5436 homagia
1509 5361 1544 5420 et
1557 5356 1775 5425 sacramenta,
1792 5353 1823 5414 si

223 5467 390 5531 Honorius
427 5466 624 5543 episcopus,
654 5479 770 5524 semus
804 5475 977 5523 servorum
1032 5475 1096 5537 qua
1114 5458 1231 5558 babuit
1252 5457 1294 5518 ab
1319 5455 1508 5520 bominibus
1523 5451 1669 5531 episcopi
1685 5451 1719 5510 in
1735 5464 1824 5525 prm·

183 5565 256 5637 Dei,
270 5563 399 5625 dilectis
411 5561 539 5623 filiisde
555 5560 732 5622 saviniaco
747 5557 978 5621 cisterciensis
1027 5555 1191 5633 judicium
1207 5553 1311 5630 ipsius
1325 5553 1482 5630 episcopi.
