4280 6404
301 363 362 421 eas
455 334 459 343 ’
849 361 856 368 ·
919 359 1094 420 nononu
1117 359 1161 418 111
1183 359 1330 418 orans.

303 519 361 582 Dei
389 521 531 598 gratiam
557 521 602 606 ad.
628 522 690 583 hoc
720 536 802 598 opus
826 517 936 580 idonei
965 516 1095 580 latitent
1503 527 1587 630 CXI

303 615 389 704 lutra
405 614 579 682 ecclesiam
599 619 667 682 otio
695 613 1005 694 comtemplationis,
1030 629 1093 676 va·
1467 632 1471 647 .

303 717 416 777 cantes
441 707 648 794 ample'iibus
662 709 848 777 infecundae
862 704 1028 784 ilitcbelis,
1042 699 1095 772 ti·
1227 676 1279 736 Λα
1295 676 1464 737 &mltum
1482 675 1517 736 θ’
1534 675 1724 749 camimum
1743 675 1863 736 sam

302 813 416 876 dentes
431 799 541 874 tarnen
556 812 708 874 subtilius
720 809 925 877 inhaerendo,
940 808 996 886 qui
1011 793 1047 869 s'e
1059 807 1094 868 in
1443 773 1645 834 mmm·

303 911 432 973 cultura
444 910 623 974 Dominicae
640 911 748 972 vineae
760 925 825 969 non
841 907 1000 968 curarunt
1013 903 1095 967 bac-
1426 891 1458 950 ¹⁷
1471 883 1569 966 a'prllls
1583 891 1662 950 1219·

304 1012 398 1095 tenus
419 1023 589 1081 exercere,
611 1000 689 1084 Lpae
712 1004 873 1076 secundae,
894 1001 951 1065 sed
971 1001 1091 1080 lyppae,
1176 1007 1295 1070 tanget,
1309 1006 1353 1056 un.
1365 1005 1560 1071 irrepentes.
1573 1007 1629 1058 uss.
1642 997 1917 1070 eunomiumne]

302 1103 396 1184 quasi
420 1093 621 1166 connubiu'm
639 1101 869 1182 aspernand03
886 1101 974 1178 ipsos
989 1113 1048 1177 per
1060 1097 1094 1162 te
1148 1112 1296 1185 vituperat
1305 1113 1487 1185 prepositum
1494 1127 1579 1185 super
1588 1095 1780 1170 inobedientia
1789 1119 1817 1170 et
1827 1111 1944 1170 mandat

301 1218 342 1266 ac
355 1201 667 1264 alioseoclesiarum
679 1200 843 1278 praelatos,
869 1215 911 1260 ne
933 1213 1007 1259 oum
1025 1199 1094 1260 tota
1184 1207 1213 1256 ut
1228 1201 1291 1258 siue
1305 1199 1441 1258 dilatione
1460 1199 1610 1273 prebende
1627 1199 1789 1260 conteratur
1800 1201 1943 1274 magistro

302 1299 355 1362 die
378 1301 466 1360 circa
487 1299 756 1376 propagationem
777 1313 817 1357 ac
837 1294 1028 1357 dilationem
1044 1294 1094 1354 vi·
1183 1287 1299 1346 tacebo.

302 1413 374 1458 neae
390 1396 569 1458 Dominicae
582 1393 734 1457 steterint
759 1379 869 1464 otiosi,
893 1391 977 1469 quod
998 1405 1094 1452 nemo
1189 1403 1367 1476 Honorius,
1380 1405 1455 1476 epo„
1468 1404 1599 1468 dilectis
1614 1405 1828 1468 fflfisdeeano
1841 1406 1945 1488 0193.

302 1489 359 1555 eo's
380 1490 586 1566 conduxerit,
610 1491 742 1554 valeant
752 1489 923 1557 'excusari
939 1488 1094 1550 duximus
1149 1500 1254 1577 pitulo
1268 1502 1380 1564 sancti
1395 1501 1586 1564 Anamari,

302 1590 507 1662 excitandos,
533 1591 569 1652 ut
602 1591 635 1651 et
658 1590 693 1650 in
720 1585 783 1648 hec
812 1586 984 1648 undecima
1012 1585 1095 1646 hora
1189 1595 1495 1658 otimdpectofflm
1498 1641 1557 1658 ,,,,,
1572 1573 1944 1674 pfaepospovegpmdo'.
2071 1631 2074 1638 .

301 1687 455 1749 00¹¹d110fi
485 1685 722 1760 massdffiltfflffl
759 1685 835 1762 Llae
863 1681 1096 1757 ingrediantur
1150 1691 1239 1754 disse
1251 1693 1429 1754 recolimus
1446 1696 1549 1756 semel
1566 1697 1600 1756 et
1619 1694 1738 1756 iterum
1752 1695 1788 1756 in
1805 1694 1944 1756 manda-

302 1779 488 1846 CUbiffllum
500 1785 533 1845 θῑ
545 1783 678 1845 Vissfflffl
695 1781 826 1844 DOfflissi
850 1779 1004 1843 studitam
1018 1791 1096 1855 lim·
1149 1789 1202 1862 ns,
1218 1793 1254 1853 ut
1264 1790 1382 1852 dilecto
1393 1790 1462 1852 filio
1473 1792 1631 1868 magistro
1642 1791 1776 1862 laccho,
1789 1791 1943 1868 scriptori

177 1919 181 1929 ,
304 1897 437 1958 pagare,
454 1881 636 1944 laboraturi
649 1881 743 1957 qnasi
758 1878 852 1940 brevi
873 1879 965 1940 ¹10?ae
987 1875 1095 1952 seatio
1150 1887 1273 1960 nostro,
1288 1887 1322 1948 in
1337 1887 1480 1949 ecclesia
1493 1890 1602 1950 vestra
1624 1885 1834 1965 praebendale
1848 1888 1945 1950 bene-

302 1980 336 2040 io
351 1979 477 2050 eadem,
494 1981 527 2039 et
538 1977 649 2038 diurni
669 1975 799 2036 denarii
819 1975 960 2052 pretium
980 1988 1096 2048 recep-
1149 1983 1260 2044 ficium
1280 1984 1481 2059 assignaret3
1507 1985 1564 2048 sed
1586 1986 1658 2063 ipse
1679 1985 1712 2046 id
1730 1985 1862 2047 allicere
1876 1997 1943 2046 nou

302 2077 380 2137 iuri.
390 2075 549 2146 Quocirca
559 2071 760 2135 fraternitati
769 2074 835 2134 iure
843 2067 1094 2148 perApeeiolica
1149 2077 1297 2148 curante,
1308 2077 1502 2152 scripsimus
1513 2079 1631 2141 iterato
1640 2078 1806 2150 eidam,ut
1817 2088 1945 2154 praece-

304 2173 425 2249 scripta
450 2171 654 2242 mandamus,
680 2169 842 2246 quatenus
868 2167 903 2229 in
923 2165 1094 2244 provincia
1149 2173 1701 2252 denteminobedientiamexpiaret
1714 2190 1773 2252 per
1787 2173 1945 2238 obedieu-

304 2265 1096 2347 tuaquatuorvirosopinionlssiuceraeaclittera·
1150 2270 1547 2350 tiamsuhsequentem,et
1556 2272 1779 2350 praebendam,
1792 2273 1819 2334 si
1832 2288 1895 2349 qua
1910 2273 1944 2332 iu

303 2372 386 2432 turae
401 2369 559 2445 probate.
578 2367 712 2429 veltres
727 2382 786 2427 seu
808 2365 924 2426 saltem
939 2362 1021 2424 duos
1036 2377 1097 2422 cu·
1150 2365 1290 2430 ecclesia
1305 2366 1464 2443 predicta
1476 2369 1622 2440 vacaret,
1634 2368 1801 2430 conferret
1813 2369 1875 2441 iul,
1891 2369 1944 2430 vel

301 2468 497 2543 justumque
508 2465 684 2541 religionis
705 2463 760 2526 vel
775 2461 913 2532 ordinis,
925 2461 959 2522 et
972 2459 1097 2520 Cister-
1151 2464 1357 2541 procuratori
1376 2467 1450 2542 ejus
1469 2466 1604 2528 nomine
1622 2483 1683 2528 suo
1699 2465 1882 2528 liberaliter
1905 2481 1945 2528 ac

304 2562 427 2624 ciensis
450 2561 646 2639 praesertim,
669 2560 725 2622 cul
746 2559 904 2620 Dominus
927 2554 1096 2619 benedixit
1151 2561 1302 2624 libenter.
1322 2561 1585 2624 Nihilominus...
1601 2563 1729 2627 cantori
1747 2564 1942 2626 Noviomeu.

304 2674 323 2720 a
348 2660 435 2720 mari
461 2663 567 2736 usque
596 2659 637 2720 ad
656 2665 749 2718 mare
764 2657 868 2733 ipsius
889 2652 1094 2716 extendendo
1151 2659 1287 2735 suisque
1306 2658 1443 2736 collegis
1459 2660 1666 2733 mandantes,
1686 2660 1721 2722 ut
1733 2659 1944 2737 prehendam

300 2757 468 2834 palmites,
486 2757 601 2832 eligas,
613 2755 674 2832 ‘qui
696 2769 795 2832 super
822 2753 963 2816 nitentes
982 2751 1095 2813 asinos
1150 2756 1185 2816 in
1196 2756 1283 2818 dicta
1294 2759 1435 2820 ecclesia
1451 2759 1602 2835 proximo
1613 2761 1805 2820 vacaturam
1819 2759 1943 2820 denun-

299 2855 533 2926 ‘escendentem
543 2853 766 2930 habentesque
778 2851 880 2914 vitam
893 2849 1095 2925 inpatientia
1150 2855 1278 2917 ciarent
1291 2859 1413 2918 nostrae
1424 2855 1595 2920 donationi
1605 2863 1781 2928 servatam,
1791 2867 1945 2932 personae

304 2953 337 3014 et
362 2953 500 3012 mortem
524 2952 559 3011 in
577 2947 752 3018 desiderio,
769 2948 885 3026 sponte
899 2947 1003 3008 velint
1017 2945 1094 3007 aui·
1151 2950 1278 3014 idoneae
1304 2953 1550 3025 conterendam,
1575 2953 1791 3016 decernentes
1811 2953 1943 3014 irritum

302 3063 374 3108 mas
388 3063 467 3107 suas
489 3045 610 3107 offerre
630 3044 831 3111 discrimini,
844 3058 884 3104 ac
898 3039 1095 3104 benedicere
1150 3049 1183 3110 et
1204 3048 1314 3121 inane,
1338 3050 1366 3110 si
1391 3050 1468 3128 quid
1492 3053 1608 3112 contra
1633 3049 1774 3111 sormam
1796 3050 1944 3111 mandati

304 3145 443 3206 Domino
458 3143 578 3221 parati.
602 3157 661 3220 pro
682 3141 786 3219 ipsius
807 3140 940 3202 nomine
961 3137 990 3200 si
1013 3153 1095 3214 Orus
1150 3145 1255 3208 nostrl
1277 3147 1318 3208 de
1342 3147 1415 3224 ipsa
1441 3147 1647 3224 contingeret
1667 3147 1765 3208 aliter
1781 3147 1943 3215 ordinari,

303 3241 405 3303 buerit
417 3241 613 3318 martyrium
629 3239 804 3310 sustinere,
819 3253 858 3299 ac
877 3237 968 3314 ipsos
992 3251 1095 3312 usque
1150 3243 1410 3307 contradictores
1434 3258 1575 3304 censura
1601 3242 1830 3306 ecclesiastica
1852 3259 1944 3304 corn-

303 3338 344 3402 ad
368 3339 488 3401 testim
523 3337 611 3400 beati
642 3337 777 3398 Martini
813 3335 856 3398 ad
884 3333 1095 3412 presentiam
1151 3339 1329 3416 pescend0;
1347 3341 1403 3418 qui
1421 3340 1591 3402 humiliter
1604 3339 1826 3416 impleverunt
1840 3356 1943 3416 apos-

303 3437 450 3498 nostram
471 3435 701 3507 transmittas,
731 3433 910 3496 secundun
934 3431 1097 3494 circums-
1151 3437 1287 3498 tonsum
1327 3453 1428 3514 super
1467 3436 1656 3514 huusmoui
1696 3436 1946 3500 denuntiatione

303 3533 464 3610 pectionis
474 3533 671 3610 Apostolicae
682 3530 923 3608 providentiam
940 3543 1005 3590 una
1021 3543 1095 3589 cum
1151 3535 1353 3596 mandatum.
1387 3534 1521 3596 Interim
1548 3549 1628 3596 vero
1654 3533 1813 3610 magister
1842 3536 1945 3596 Walt.

289 3629 381 3702 illis,
398 3647 480 3707 quos
494 3630 535 3691 de
547 3630 728 3706 provinciis
749 3629 828 3690 aliis
843 3628 885 3690 ad
909 3642 970 3687 nos
996 3641 1094 3686 man·
1151 3631 1292 3692 clericus
1307 3631 1349 3692 a'd
1362 3631 1575 3708 presentiam
1586 3632 1733 3692 nostram
1743 3631 1903 3693 accedeus
1914 3633 1947 3694 et

303 3727 419 3789 damus
444 3727 627 3788 transmitti
653 3726 693 3788 ad
719 3725 930 3788 solitudinem
945 3722 1097 3784 diversa·
1150 3740 1318 3799 asserens,
1331 3727 1947 3806 quoddictusprreposltusprornittens

302 3841 376 3890 rum
390 3825 536 3900 effitiunt
551 3822 774 3894 destinandos,
792 3824 827 3886 lli
838 3823 872 3883 iu
888 3821 938 3881 01⁸
950 3821 1095 3894 sunssess·
1150 3825 1257 3887 eidem
1272 3840 1308 3886 se
1328 3825 1364 3885 iu
1382 3823 1586 3901 praebendali
1605 3824 1766 3887 beneflcio
1788 3826 1945 3902 provisu-

301 3926 351 3986 tes
375 3923 540 3998 legatione
554 3937 612 3998 pro
627 3922 757 3983 Christo
771 3916 980 3981 reconciliari
998 3914 1097 3976 obse-
1147 3938 1236 3992 rum,
1253 3922 1424 3998 assignata
1444 3922 1508 3998 ipsi
1529 3937 1640 3984 annua
1660 3923 1819 4000 pensione
1830 3923 1875 3984 ed
1890 3923 1945 3983 di-

302 4022 396 4082 crent
422 4019 499 4082 illas
521 4022 597 4092 Deo,
623 4019 720 4096 quasi
749 4032 808 4095 per
832 4017 933 4093 ipsos,
958 4013 1096 4076 Dommo
1150 4018 1345 4081 mittendum
1384 4019 1517 4080 scholas
1554 4020 1705 4082 eumdem
1734 4020 1876 4092 induxit,
1914 4021 1947 4083 et

301 4118 511 4190 exhortante,
528 4132 568 4179 ac
589 4119 746 4194 tanquam
767 4115 857 4178 cives
871 4111 1096 4190 apostolorum
1149 4115 1357 4194 postmodum
1391 4115 1620 4192 promissionis
1657 4133 1726 4178 suae
1760 4117 1943 4189 immemor,

302 4217 336 4277 et
363 4215 536 4277 domestici
559 4214 638 4284 Dei,
660 4212 793 4274 easdem
814 4209 915 4272 verbo
937 4206 1095 4272 doctrine
1151 4229 1352 4290 quamquam
1376 4211 1423 4274 ibi
1447 4213 1559 4291 plures
1579 4213 1764 4292 prebende
1782 4213 1945 4285 vacarint,

301 4313 500 4383 illuminent,
529 4326 644 4387 paoem
674 4308 828 4386 gentibus
852 4305 1028 4370 tribuendo
1057 4320 1096 4366 ac
1149 4310 1185 4372 iu
1204 4309 1296 4372 nulla
1316 4309 1468 4387 ipsarum
1491 4309 1555 4372 sibi
1577 4311 1718 4384 curavit,
1735 4327 1835 4388 quum
1856 4323 1949 4372 oom-

303 4425 377 4470 curn
401 4407 606 4469 exultatione
629 4406 670 4468 ad
693 4421 753 4466 nos
767 4421 833 4466 seu
858 4404 901 4466 ad
920 4404 1096 4470 nominum
1152 4407 1248 4469 mode
1272 4408 1418 4488 potuerit
1448 4405 1634 4489 providere,
1660 4408 1702 4469 ad
1723 4406 1948 4480 venerabilem

303 4507 411 4588 potius
425 4504 629 4568 revertentes
641 4501 781 4580 justitiae
795 4500 983 4578 manipulos
1005 4501 1096 4560 ret'e-
1150 4504 1288 4566 fratrem
1328 4507 1479 4566 nostrum
1521 4503 1716 4566 ambianen.
1755 4503 1948 4580 episcopum

303 4605 388 4676 rant,
408 4605 442 4665 et
464 4601 506 4664 ab
529 4601 645 4662 eodem
668 4599 745 4661 vitae
765 4599 917 4659 senatum
934 4595 1097 4672 recipiant
1152 4614 1295 4678 suosque
1330 4601 1476 4676 collegas
1502 4600 1633 4672 litteras
1666 4600 1872 4676 apostolicas
1905 4601 1946 4663 de

302 4701 465 4776 sanguine
484 4697 618 4775 proprio
642 4696 795 4758 laureati.
817 4694 909 4766 Quod
933 4694 962 4756 si
984 4693 1097 4754 forsan
1152 4696 1333 4773 praemissis
1348 4696 1474 4758 nullam
1490 4695 1649 4758 iacientes
1662 4695 1793 4774 penitus
1805 4699 1948 4760 mentio·

303 4797 431 4875 praelati
446 4812 572 4866 eornm.
585 4795 641 4872 aui
651 4793 781 4858 animas
792 4808 869 4854 suas
882 4791 998 4868 sponte
1009 4787 1099 4866 peri·
1152 4805 1228 4858 nem
1248 4793 1391 4856 obtinuit
1420 4792 1482 4854 sub
1504 4793 1567 4854 trac
1588 4793 1708 4863 torma,
1734 4796 1770 4857 ut
1790 4794 1947 4858 videlicet

303 4895 377 4956 culo
396 4893 554 4955 duxerint
576 4890 776 4963 offerendas,
803 4888 1098 4956 voluntatieorum
1152 4891 1259 4968 ipsum
1278 4890 1314 4952 iu
1333 4889 1471 4968 praelata
1486 4890 1627 4954 ecclesia
1642 4891 1678 4952 io
1693 4890 1829 4954 tratrem
1844 4893 1877 4954 et
1891 4909 1951 4957 ca-

303 4989 576 5069 praesumpseriut
620 4987 762 5056 obviari,
808 4985 1098 5064 praesumptionem
1153 4987 1309 5050 nouioum
1337 4987 1442 5064 recipi
1470 4985 1885 5066 iacientes,·praebeudam,
1919 4990 1948 5050 sl

302 5102 418 5152 eorum
444 5087 626 5151 monitione
654 5086 825 5164 premissa
840 5099 899 5163 per
922 5099 1098 5147 censuram
1153 5099 1218 5163 qua
1236 5083 1372 5148 vacaret
1395 5083 1527 5153 ibidem,
1550 5085 1604 5146 vel
1625 5087 1820 5162 quantocies
1845 5101 1950 5164 super

302 5187 574 5258 ecclesiasticam,
600 5185 823 5264 appellatione
843 5183 981 5258 remota,
1008 5200 1101 5246 coru·
1153 5181 1217 5248 hoc
1254 5197 1290 5244 sa
1321 5181 1461 5244 facultas
1493 5181 1856 5260 offerret,ap0st01iea
1884 5183 1950 5245 sibl

303 5301 430 5372 pascas.
1153 5279 1351 5341 auctoritate
1380 5279 1580 5354 conferrent,
1605 5280 1865 5342 contradictores
1890 5297 1950 5359 per

342 5382 460 5454 Datum
474 5379 640 5444 Laterani.
1154 5391 1329 5438 censuram
1344 5377 1606 5439 ecclesiasticam
1620 5376 1844 5458 appellatione
1858 5382 1951 5456 post·

1155 5475 1261 5550 positu
1280 5474 1528 5552 compescendo.
1545 5475 1690 5548 Quarum
1703 5475 1949 5552 occasioueju·

1154 5571 1245 5633 dices
1268 5571 1462 5636 ambianen.
1477 5585 1537 5631 vos
1555 5569 1788 5647 multipliciter
1811 5572 1946 5650 inquie-

1154 5670 1235 5740 tant,
1247 5664 1406 5744 rna'gittro
1417 5665 1753 5733 Willalmooauonico
1763 5670 1876 5732 Arieu.
1890 5687 1950 5748 per

2119 991 2122 1056 l
