4248 6410
348 273 411 336 cae

664 435 830 524 CLXXV

373 575 425 634 Ad
447 571 676 647 praepositum
702 570 736 632 et
757 569 943 642 capitulum
962 569 1004 628 cte
1027 569 1125 630 Novo

683 667 814 728 Castro.

618 777 635 838 9
651 777 776 852 ianuarii
790 778 879 852 tiit.

503 885 546 950 [W
548 884 664 942 urtwain,
674 885 737 936 Nor.
749 883 832 942 Sunt,
840 883 895 940 XII,
902 897 928 948 p.
940 879 1006 946 iti]

371 985 449 1044 Boua
462 983 534 1042 Novi
546 982 635 1042 Casiri
648 981 798 1040 confirmat
808 988 837 1038 et
846 981 876 1038 in
891 980 1065 1054 potentinus
1075 993 1127 1036 sua

688 1069 816 1142 susctpit.

393 1168 558 1232 Honorius
572 1167 883 1248 episcopusservus
894 1181 1066 1226 servorum
1072 1164 1142 1236 Dei,

353 1265 485 1328 dilectis
500 1265 590 1338 filiis,
606 1263 783 1341 praeposito
793 1264 826 1324 et
840 1261 985 1338 capitulo
998 1261 1038 1322 de
1051 1262 1144 1322 Nouo

355 1363 482 1436 Castro,
507 1361 646 1424 salutem
675 1361 709 1422 et
741 1359 957 1438 apostolicam
984 1357 1143 1420 benedic-

355 1459 491 1522 tionem.

395 1558 475 1618 Cum
485 1571 505 1616 a
517 1553 612 1616 nobis
623 1554 745 1632 petitur
759 1554 843 1632 qued
849 1555 975 1632 justum
985 1553 1078 1615 estet
1089 1551 1146 1614 hn-

310 1641 313 1663 '
356 1654 498 1725 nestum,
526 1652 593 1714 tam
619 1652 714 1728 vigor
737 1651 913 1728 aequitatis,
942 1665 1041 1729 quam
1064 1649 1145 1710 erdo

355 1749 462 1826 exigit
473 1749 624 1821 rationis,
636 1750 674 1810 ut
684 1747 717 1809 id
729 1764 788 1826 per
797 1746 1055 1808 sollicitudinem
1066 1760 1146 1806 nos-

354 1847 439 1908 tram
452 1845 493 1906 ad
508 1844 653 1906 debitum
675 1845 875 1921 perducatur
895 1843 1060 1906 effectum.
1081 1845 1146 1902 Ea-

355 1943 500 2022 propter,
516 1942 629 2003 dilecti
637 1943 671 2002 in
679 1942 818 2004 Domino
831 1940 904 2012 filii,
916 1939 1037 2001 vestris
1045 1939 1144 2016 justis

355 2037 508 2118 precibus
515 2037 679 2110 incHnati,
688 2038 980 2114 personasvestras
991 2037 1025 2098 et
1035 2035 1145 2098 locum

354 2137 392 2198 in
405 2151 470 2214 quo
485 2135 598 2198 diuino
611 2134 692 2196 estis
706 2133 863 2211 obsequio
877 2133 1057 2210 mancipati
1070 2147 1144 2194 cum

355 2231 508 2296 omuibus
522 2231 628 2302 bonis,
642 2247 715 2307 quae
730 2231 765 2291 in
783 2229 1033 2308 praesentiarum
1047 2229 1147 2290 ratio·

355 2329 511 2392 nobiliter
537 2327 695 2406 possidet,
724 2327 839 2388 autin
866 2327 1024 2398 futurum,
1044 2326 1144 2404 justis

354 2425 472 2498 modis,
494 2427 673 2502 praestaute
688 2425 838 2497 Domino,
857 2425 979 2500 poterit
991 2424 1143 2501 adipisci,

355 2521 418 2584 sub
432 2521 520 2584 boati
536 2523 626 2584 Petri
645 2523 679 2584 et
692 2523 805 2584 nostra
822 2521 1024 2599 protectione
1039 2521 1146 2582 susci-

356 2617 476 2695 pimus.
502 2617 697 2694 Specialiter
715 2617 826 2680 autem
854 2617 1081 2694 possessiones
1105 2631 1145 2679 ac

353 2713 421 2776 alia
431 2713 518 2776 bona
527 2714 649 2786 vestra,
661 2713 795 2776 sicuteu
810 2714 921 2776 omnia
931 2715 1021 2792 juste
1033 2729 1073 2776 ac
1084 2729 1145 2791 pa-

355 2810 449 2872 cifice
462 2810 648 2888 possidetis,
673 2809 766 2871 vobis
786 2813 819 2872 et
839 2825 898 2886 per
911 2826 969 2872 vos
995 2811 1144 2872 ecelesiae

354 2908 474 2970 vestrae
489 2906 883 2984 auctoritatelpostolica
898 2907 1143 2980 confirmamus,

357 3001 689 3081 etpraesentisscripii
700 3003 883 3078 patrocinio
891 3005 1142 3064 communimus.

357 3099 450 3162 Nulli
459 3115 538 3176 ergo
553 3099 687 3161 omnino
700 3099 870 3162 hominum
879 3100 979 3162 liceat
988 3099 1075 3162 banc
1084 3117 1146 3178 pa·

355 3197 467 3274 ginam
482 3198 604 3266 nostrae
615 3196 876 3258 confirmationis
887 3197 921 3258 et
930 3198 1144 3274 protectionis

357 3295 550 3370 iufringere,
563 3293 617 3356 vel
630 3294 662 3355 ei
674 3310 759 3354 ausu
773 3295 950 3356 temerario
966 3295 1142 3359 contraire.

355 3391 391 3454 Si
406 3392 480 3468 quis
494 3391 603 3452 autem
625 3391 688 3452 hoo
710 3391 873 3452 attentare
884 3392 1142 3468 presumpserit,

355 3487 615 3562 indignationem
646 3487 879 3565 omnipotentis
901 3488 976 3558 Dei,
1000 3491 1031 3550 et
1059 3487 1143 3551 bea·

354 3585 463 3646 torum
486 3584 576 3645 Petri
592 3585 625 3646 et
643 3585 738 3646 Pauli
763 3585 986 3662 apostolorum
1004 3588 1086 3662 ejus,
1108 3601 1143 3648 se

354 3681 485 3755 noverit
498 3681 720 3742 incursurum.

395 3778 513 3839 Datum
525 3777 692 3848 Laterani,
703 3775 816 3839 vidus
827 3777 987 3856 janumii,
1004 3778 1142 3856 pontifi·

355 3874 448 3936 catus
468 3874 572 3936 nostri
587 3889 675 3935 anno
686 3873 811 3951 quinto.

654 4039 843 4129 CLXXVI

353 4179 406 4238 Ad
426 4177 634 4252 nmpistrum
654 4175 844 4250 Hospitalis
861 4175 997 4238 θωπείαν
1018 4178 1144 4238 Multa

599 4273 895 4336 Pannonicorum.

656 4383 744 4456 tljsn.
759 4383 838 4442 fist.

451 4485 588 4550 [Streblka
601 4485 661 4537 Tab.
675 4486 811 4544 rimmo..
823 4501 849 4551 p.
862 4486 918 4550 280,
936 4501 962 4538 n.
974 4486 1042 4552 NH]

352 4581 506 4642 coufirmat
527 4581 621 4639 ordini
644 4581 884 4641 theutonicorum
910 4599 993 4642 usum
1021 4584 1141 4643 mantel·

377 4673 468 4730 lomm
483 4678 512 4730 et
526 4671 646 4728 aliarum
659 4671 781 4729 vestium
797 4672 954 4731 moundum
967 4679 1114 4732 statutum.

392 4780 559 4841 Honorius
568 4779 752 4856 episcopus,
764 4795 878 4844 servus
889 4795 1060 4842 servornm
1071 4781 1141 4855 Dei,

351 4875 430 4938 filiis
445 4877 634 4939 Hermanno
653 4878 810 4955 magistro
826 4879 860 4940 et
875 4877 1044 4949 iratribus,
1065 4880 1140 4952 etc„

350 4974 491 5036 salutem
505 4973 537 5034 et
550 4975 765 5050 apostolicam
780 4974 1053 5037 benedictionem.

390 5073 447 5143 Ha,
458 5086 530 5148 quae
539 5071 662 5132 statuta
672 5073 750 5133 sunt
759 5072 895 5147 provide
905 5071 1142 5147 etApostolicae

352 5169 446 5235 Sedis
461 5167 643 5229 munimine
658 5168 824 5238 roborata,
838 5167 1035 5230 inconcussa
1050 5168 1143 5231 decet

350 5267 383 5329 et
396 5264 524 5327 illibata
545 5265 673 5326 servari
690 5265 723 5326 et
745 5265 891 5340 gaudere
913 5265 1071 5342 perpetua
1084 5265 1143 5325 fir-

349 5363 475 5424 mitate.
490 5363 568 5421 Cum
583 5360 686 5436 igitur
697 5359 846 5422 ordinem
862 5361 1002 5424 fratrum
1017 5363 1141 5439 Hospi-

347 5459 425 5522 talis
440 5455 733 5532 Hierosolymitani
750 5455 838 5518 circa
856 5471 1018 5534 pauperes
1037 5461 1071 5519 et
1089 5459 1143 5518 in-

350 5555 473 5625 firmos,
497 5552 635 5615 fratrum
654 5567 734 5614 vero
756 5552 883 5616 militiae
904 5553 1030 5630 Templi
1053 5555 1140 5616 circa

967 265 1142 328 HONORII
1164 265 1209 326 111
1230 267 1377 328 OPERA.

1937 273 2003 332 636

1200 424 1339 486 clericos
1357 423 1392 486 st
1411 425 1533 486 milites
1547 439 1587 488 ac
1607 427 1693 488 alios
1713 426 1833 491 mames
1847 429 1882 488 ln
1897 429 2001 492 domo

1198 524 1310 582 vestra
1337 521 1520 584 statueritis
1547 521 1803 598 observandum,
1828 526 1927 603 idque
1953 529 2001 588 sit

1200 617 1295 678 Sedis
1319 618 1518 693 apostolica
1544 620 1719 696 privilegio
1744 621 1997 698 confirmatum

1199 714 1397 776 auctoritate
1417 714 1512 776 robis
1534 718 1749 792 praesentium
1773 719 1997 796 indulgemus,
2084 693 2086 720 ¹

1200 813 1246 882 ut,
1263 811 1388 872 nullius
1418 812 1680 874 contradictione
1708 814 1870 886 obstante,
1890 817 2000 880 libere

1200 908 1339 968 utamini
1348 909 1514 970 mantellis
1523 909 1997 983 otaliisvestibus,secundum

1200 1005 1359 1066 statutum
1383 1005 1511 1066 ordinis
1536 1007 1651 1078 vestri,
1677 1010 1792 1070 nostro
1820 1008 1999 1086 privilegio

1199 1099 1639 1173 confirmatum,districtius
1652 1102 1852 1176 inhibentes,
1866 1107 1998 1183 nequis

1199 1197 1232 1257 id
1246 1198 1456 1274 aliquatenus
1469 1198 1646 1274 probibere
1660 1201 1712 1261 vel
1728 1201 1889 1277 impedire
1904 1217 1996 1280 prae-

1200 1295 1319 1356 sumat.
1336 1294 1428 1356 Nulli
1448 1309 1527 1372 ergo
1547 1296 1681 1358 omnino
1703 1297 1875 1359 bominum
1896 1300 1998 1362 liceat

1200 1390 1287 1452 hanc
1299 1391 1455 1468 paginam
1470 1393 1592 1453 nostrae
1612 1395 1838 1458 concessionis
1855 1397 1887 1458 et
1899 1396 1996 1458 inbi-

1200 1487 1339 1550 bitionis
1359 1487 1554 1563 intringere,
1579 1489 1632 1550 vel
1655 1490 1687 1550 ei
1709 1505 1793 1552 ausu
1816 1492 1998 1554 temerario

1199 1584 1377 1646 contraire.
1393 1585 1428 1646 Si
1443 1586 1516 1661 quis
1531 1586 1641 1646 autem
1657 1586 1719 1648 boc
1734 1589 1898 1650 stentare
1911 1606 1996 1666 prae-

1199 1681 1387 1758 sumpserit,
1404 1681 1665 1756 indignationem
1684 1685 1918 1760 omnipotentis
1933 1689 1995 1747 Dei

1199 1779 1232 1840 et
1241 1777 1412 1840 beatorum
1421 1779 1510 1840 Petri
1520 1782 1553 1841 et
1562 1781 1656 1840 Pauli
1667 1782 1895 1857 apostolorum
1905 1787 1991 1861 eJus,

1199 1890 1235 1936 se
1260 1876 1391 1937 noverit
1416 1876 1638 1938 incursurum.
1672 1881 1792 1940 Datum
1822 1881 1992 1952 Laterani,

1198 1973 1227 2034 V
1241 1971 1315 2032 idus
1320 1972 1481 2048 januarii,
1494 1973 1641 2050 pontific
1649 1975 1755 2036 nostri
1766 1989 1853 2038 anno
1864 1977 1993 2054 quinto,

1492 2131 1709 2222 CLXXVII.

1244 2266 1298 2324 sd
1316 2265 1526 2339 magistrum
1545 2266 1579 2326 et
1597 2267 1730 2339 batres
1748 2269 1942 2344 Hospitalis

1345 2363 1380 2422 S·
1397 2364 1525 2423 Marta
1545 2363 1840 2426 lbmdontcorum.

1502 2465 1591 2537 sinn.
1605 2467 1688 2524 frit.

1250 2557 1385 2621 [Strsllnlfe.
1398 2560 1501 2612 Tabula
1513 2561 1567 2612 ord.
1579 2561 1716 2622 Tbuuton..
1730 2578 1756 2628 p.
1769 2563 1824 2622 m,
1835 2579 1861 2615 n.
1870 2565 1940 2631 m}

1199 2655 1296 2714 ordini
1304 2655 1478 2716 Thoumnico
1488 2657 1618 2716 concedit
1629 2661 1824 2720 immunitates
1833 2664 1994 2736 Hospitalis

1511 2753 1540 2804 et
1556 2748 1676 2819 Templi.

1238 2843 1407 2904 Honorius
1417 2844 1603 2922 episcopus,
1611 2861 1727 2908 servus
1737 2863 1907 2910 servorum
1916 2851 1988 2922 Dei,

1199 2938 1327 3000 dilectis
1341 2939 1421 3000 filiis
1436 2943 1625 3003 Hermanno
1639 2944 1799 3018 magistro
1818 2945 1851 3006 et
1868 2944 1987 3007 fratri-

1198 3033 1260 3096 bus
1281 3037 1462 3114 Hospitalis
1484 3039 1614 3100 Sanctae
1632 3041 1748 3102 Maria
1769 3040 1991 3105 Tbeutonico-

1198 3147 1272 3192 rum
1291 3133 1594 3210 Hierosolymitani,
1616 3135 1757 3198 salutem
1777 3139 1811 3199 et
1830 3141 1990 3215 apostuli-

1199 3242 1270 3288 cam
1285 3226 1559 3292 benedictionem.

1237 3325 1355 3386 Vestra
1381 3324 1512 3402 religio,
1535 3329 1630 3405 crrjus
1653 3327 1760 3390 bonus
1785 3330 1867 3391 odor
1891 3331 1988 3408 longe

1198 3421 1328 3498 lateque
1356 3421 1562 3496 diffunditur,
1584 3427 1762 3502 specialem
1792 3429 1988 3504 spostolicae

1199 3517 1293 3580 Sedis
1310 3517 1458 3582 favorem
1472 3521 1505 3582 et
1519 3521 1660 3598 gratiam
1675 3525 1892 3598 promeretur.
1909 3527 1988 3586 Cum

1197 3615 1301 3692 igitur
1314 3617 1463 3678 ordinem
1476 3616 1614 3680 fratrum
1628 3620 1809 3696 Hospitalis
1823 3623 1985 3684 Hieroso·

1198 3712 1348 3790 lymituni
1362 3713 1451 3774 circa
1463 3729 1625 3791 pauperes
1636 3717 1669 3776 et
1677 3717 1839 3788 infirmos,
1849 3719 1987 3781 fratrum

1197 3825 1276 3871 vero
1291 3809 1418 3870 nnlitiae
1433 3811 1559 3886 Templi
1572 3811 1661 3874 circa
1674 3813 1815 3876 clericos
1825 3816 1858 3877 et
1867 3815 1988 3878 milites

1197 3921 1237 3967 ac
1251 3906 1335 3967 alios
1350 3905 1470 3968 fratres
1484 3908 1520 3975 in
1535 3907 1631 3970 domo
1645 3909 1754 3972 vestra
1769 3911 1905 3988 provide
1918 3914 1988 3974 ins-

1196 4003 1331 4065 titutum
1352 4003 1563 4066 laudabiliter
1577 4005 1770 4080 observetis
1792 4023 1853 4070 nos
1867 4010 1986 4072 volen-

1195 4101 1258 4166 tes,
1272 4101 1308 4162 ut
1322 4100 1395 4162 sitis
1414 4116 1511 4177 pares
1528 4101 1563 4162 in
1583 4104 1793 4166 assecutione
1806 4107 1987 4182 apostolici

1196 4194 1360 4266 beneficii,
1378 4197 1496 4273 quibus
1511 4197 1545 4258 in
1558 4199 1750 4274 operatione
1760 4201 1918 4262 virtutum
1932 4205 1986 4279 pio

1198 4293 1335 4354 studetis
1355 4294 1521 4370 preposito
1538 4294 1718 4372 adequari,
1740 4311 1854 4359 omnes
1880 4297 1985 4360 liher-

1197 4389 1293 4460 tates,
1319 4389 1542 4452 immunitates
1566 4405 1606 4453 ac
1630 4391 1866 4468 indulgentias,
1880 4411 1985 4456 vene-

1197 4487 1310 4548 randis
1332 4486 1483 4548 domibus
1502 4488 1733 4564 praedictorum
1753 4491 1933 4567 Hospitalis
1955 4494 1987 4555 et

1196 4583 1322 4660 Templi
1335 4583 1377 4644 ab
1386 4585 1575 4660 Apostolica
1587 4586 1670 4648 Sede
1680 4601 1868 4657 concessas,
1875 4589 1986 4650 domui

1196 4682 1316 4742 vestras
1328 4680 1538 4742 concedimus
1549 4701 1557 4757 ;
1569 4685 1612 4752 et,
1622 4683 1659 4744 ut
1670 4684 1719 4744 eis
1729 4685 1870 4746 utamini
1884 4685 1986 4748 libere

1197 4777 1282 4838 sicut
1295 4775 1357 4849 illi,
1375 4775 1469 4838 vobis
1486 4779 1684 4842 auctoritate
1704 4783 1917 4857 praesentium
1932 4784 1986 4844 in-

1197 4872 1380 4948 dulgemus.
1415 4873 1507 4935 Nulli
1537 4889 1616 4951 ergo
1648 4877 1781 4939 omnino
1815 4877 1984 4940 bominum

1197 4968 1297 5032 liceat
1319 4969 1405 5032 banc
1428 4971 1583 5046 paginam
1613 4973 1733 5034 nostra
1762 4973 1986 5038 concessionis

1197 5065 1388 5143 infringere,
1402 5068 1455 5128 vel
1469 5068 1501 5128 el
1516 5082 1598 5129 ausu
1614 5070 1792 5131 temerarie
1808 5073 1983 5134 contraire.

1198 5163 1232 5222 Si
1248 5164 1321 5240 quis
1335 5165 1445 5224 autem
1466 5163 1530 5225 hoc
1549 5165 1712 5227 attentare
1726 5169 1984 5246 presumpserit,

1196 5259 1461 5336 indignationem
1480 5261 1715 5339 omnipotentis
1740 5263 1810 5336 Dei,
1824 5266 1857 5326 et
1872 5264 1987 5326 beato-

1196 5373 1269 5418 rum
1283 5357 1372 5419 Petri
1387 5357 1420 5418 et
1429 5357 1526 5418 Pauli
1539 5359 1765 5435 apostolerum
1780 5363 1863 5438 ejus,
1876 5377 1911 5422 se
1925 5375 1987 5422 no-

1195 5454 1282 5515 verit
1296 5453 1519 5514 incursurum.
1543 5456 1661 5518 Datum
1683 5457 1850 5530 Laterani,
1871 5456 1987 5520 Vidus

1192 5551 1352 5628 januarii,
1367 5550 1576 5627 pontificatus
1591 5552 1696 5614 nostri
1711 5569 1799 5615 anno
1814 5554 1938 5630 quinte.
