4300 6392
185 338 245 398 aco
725 359 729 364 -
801 317 1210 394 errsroum.nre..1b.
1767 333 1828 394 sao

182 495 338 564 ilariaco,
348 490 541 554 cistercien.
553 489 770 560 ordiniaet...
783 488 896 550 sancti
908 492 978 550 nu·
1030 503 1178 560 causam,
1191 489 1220 550 si
1232 489 1272 552 de
1283 489 1426 566 partium
1441 495 1606 552 consensu
1620 491 1825 567 procederet,

161 617 165 629 ·
180 588 307 664 gustini
330 586 622 650 praemonstraten.
649 585 776 646 ordinis
802 583 977 646 abbatibus
1031 586 1208 648 concordia
1221 587 1273 648 vel
1284 586 1413 664 jndicio
1427 587 1655 650 terminarent.
1671 589 1828 664 Alioquin

181 688 252 749 et...
266 685 444 762 praeposito
456 682 644 753 Wacinen.,
660 681 812 756 salutem,
827 682 889 743 eto.
1031 683 1180 745 eamdem
1201 683 1244 745 ad
1269 685 1495 761 spostoucum
1519 701 1660 746 examen
1679 685 1829 746 remitte·

221 786 327 855 Quum
343 781 451 842 telicis
468 778 636 842 memoriae
651 780 863 841 Innocentius
879 793 976 854 papa,
1031 782 1106 843 rent
1143 780 1347 846 sufficienter
1380 783 1587 854 instructam,
1618 783 1829 860 praefigentes

181 881 408 957 praedecessor
420 877 544 948 noster,
559 877 666 938 ortam
683 875 806 936 dudum
820 875 979 966 cumano-
1032 877 1180 953 partibus
1194 878 1371 940 terminum
1384 881 1633 955 competentem,
1651 894 1716 956 quo
1731 879 1830 940 venis

181 972 977 1049 neminterven.tratremnoetrum...episcopum
1031 976 1319 1036 rentsententiam
1333 977 1527 1052 recepturae.

178 1072 376 1136 ambianen.
389 1088 433 1133 ex
445 1072 538 1148 parte
558 1085 635 1142 una,
648 1071 683 1132 et
699 1067 836 1131 dilectos
852 1069 976 1131 illios...
1074 1071 1189 1148 Nuper
1203 1073 1313 1134 autem
1328 1075 1562 1150 procuratores
1577 1073 1681 1149 ipsius
1695 1088 1831 1134 monas·-

179 1169 345 1240 abbatem,
367 1169 402 1230 et
425 1168 622 1230 conventum
639 1167 751 1228 Sancti
766 1165 917 1228 Ricbarii
942 1165 977 1226 in
1032 1169 1108 1230 terii
1136 1168 1178 1230 ad
1209 1170 1356 1231 nostram
1389 1170 1602 1246 praesentiam
1633 1171 1829 1232 accedentes

181 1262 979 1334 rooavcnmmancs.diccesasexs1tera,su-
1030 1267 1285 1342 proposuerunt,
1311 1267 1396 1343 quod
1425 1266 1513 1328 idem
1539 1267 1726 1344 episcopus,
1753 1269 1828 1344 post

181 1377 243 1439 per
266 1361 481 1439 subjectione,
498 1359 652 1437 quamab
679 1361 730 1422 eis
745 1359 833 1422 idem
848 1359 979 1436 episco-
1031 1363 1152 1424 dictam
1187 1363 1442 1440 praedecessoris
1474 1363 1580 1424 nostri
1613 1363 1825 1435 sententiam,

180 1476 242 1537 pus
269 1459 435 1534 exigebat,
453 1457 549 1518 bonae
568 1457 737 1518 memorim
763 1457 976 1520 suessionen.
1032 1460 1195 1520 accedens
1211 1460 1252 1522 ad
1267 1460 1507 1522 monasterium
1523 1461 1740 1521 memoratum
1752 1475 1831 1536 pro*

181 1557 338 1633 episcopo
352 1557 386 1618 et
408 1559 481 1633 ejus
501 1553 730 1632 conjudicibus
745 1554 976 1622 commisisset,
1023 1549 1238 1618 'curationem
1252 1553 1316 1618 silli
1332 1571 1406 1618 cum
1422 1557 1636 1633 processione
1655 1557 1751 1634 petiit
1763 1571 1829 1616 ex·-

181 1654 217 1714 et
230 1653 330 1714 iidem
346 1667 481 1714 causam
493 1652 599 1728 ipsam
618 1652 659 1712 ad
674 1665 750 1712 eum
770 1650 978 1712 remisissent
1033 1650 1141 1712 hiberi
1155 1671 1162 1710 ε
1176 1649 1280 1712 abbas
1294 1665 1375 1712 vero
1389 1652 1423 1714 at
1436 1651 1621 1713 conventus
1641 1650 1832 1727 processio-

181 1750 223 1810 de
234 1750 379 1826 partium
394 1749 574 1820 voluntate,
590 1749 674 1825 ipse,
695 1747 844 1826 partibus
856 1748 892 1808 in
905 1751 978 1824 ejus
1033 1761 1201 1820 comeum
1216 1763 1283 1808 non
1295 1748 1384 1811 esset
1400 1747 1444 1808 de
1458 1747 1609 1810 articulis
1625 1747 1773 1825 probatis
1797 1746 1830 1808 et

180 1847 361 1923 praesentia
374 1845 574 1915 constitutis,
588 1845 774 1907 auditorem
791 1843 881 1906 dedit
901 1859 976 1906 ven.
1032 1844 1291 1922 comprehensis,
1303 1844 1514 1906 incontentia
1526 1845 1709 1907 memorata
1723 1844 1830 1906 done-

181 1944 319 2006 tratrem
339 1943 489 2004 nostrum
517 1945 555 2004 P.
585 1943 777 2018 episcopum
803 1941 975 2012 Albanam,
1030 1945 1149 2016 gantas
1164 1941 1272 2003 eidem
1290 1942 1556 2017 procurationem
1577 1941 1609 2002 ei
1624 1942 1829 2003 curaverunt

181 2055 382 2117 coramque,
394 2055 470 2101 curn
483 2037 641 2116 praefatus
654 2039 830 2114 episcopus
845 2051 980 2114 posses-
1033 2039 1204 2100 bumilitor
1216 2038 1386 2109 exhibere,
1397 2053 1496 2115 quam
1509 2039 1684 2115 episeopus
1694 2039 1831 2115 ipsese·

182 2137 308 2200 soriam
320 2136 516 2198 intentando
538 2135 778 2213 professionem
794 2151 814 2196 a
835 2135 977 2212 quibus·
1033 2137 1159 2212 cipiens
1179 2135 1323 2198 asseruit
1338 2135 1424 2211 quod
1442 2151 1509 2196 non
1525 2134 1719 2211 acceptabat
1733 2149 1830 2196 eam-

182 2232 257 2294 dam
277 2233 452 2296 abbatibus
470 2233 550 2295 dicti
569 2232 763 2294 monasterii
781 2232 975 2294 ambianen.
1033 2233 1117 2303 dem,
1130 2245 1170 2294 eo
1189 2232 1276 2309 quod
1288 2231 1583 2309 processionaliter
1592 2233 1745 2308 receptus
1764 2247 1831 2294 non

182 2331 337 2407 episcopo
358 2330 490 2400 factam,
509 2331 543 2391 et
566 2329 831 2394 benedictionem
849 2329 917 2391 illis
937 2328 978 2391 ab
1031 2329 1142 2390 tuerat
1152 2329 1364 2392 cumeavioc
1372 2330 1514 2405 primum
1525 2331 1600 2404 post
1610 2329 1833 2390 consecratio

181 2427 336 2504 episcopo
347 2427 628 2504 ipsoimpensam,
642 2427 910 2503 procurationem
928 2427 979 2486 ei·-
1033 2425 1261 2488 nemsuamad
1270 2425 1465 2504 praedictum
1472 2426 1833 2488 monasteriumacces-

182 2525 256 2585 dem
264 2525 493 2602 tanquamloci
501 2524 691 2586 dioecesano
700 2523 894 2596 exhibitam,
904 2539 979 2585 ses·-
1032 2521 1833 2599 sisset.Procuratoribusigiturpartiumpropter

179 2622 352 2684 sionemin
361 2620 569 2698 synodorum
578 2635 683 2698 cappa
692 2622 810 2692 serica,
820 2619 978 2682 etbaculo
1033 2621 1096 2682 boc
1116 2619 1153 2680 in
1165 2619 1380 2680 executorem
1395 2617 1571 2694 praesentia
1586 2618 1774 2680 constitutis
1788 2618 1830 2680 de

181 2719 355 2796 pastorali,
369 2717 653 2781 consecrationem
664 2717 820 2780 altarium
834 2719 867 2779 et
885 2717 978 2779 ordi·
1033 2715 1179 2792 ipsorum
1203 2715 1454 2792 procuratorum
1478 2729 1617 2777 assensu
1640 2715 1829 2776 ordinatum

181 2814 977 2886 nationemmonachorumdictimonasteriiton·
1032 2813 1143 2874 extitit
1166 2813 1201 2874 et
1226 2813 1424 2883 condictum,
1445 2813 1481 2874 ut
1504 2812 1612 2888 ipsum
1637 2812 1830 2888 episcopum

182 2913 386 2976 curationem
400 2912 598 2974 clericorum
608 2911 723 2988 inipso
733 2912 935 2974 monasterio
945 2913 979 2973 et
1033 2925 1108 2970 cum
1122 2909 1334 2986 processione
1354 2908 1397 2968 ad
1414 2909 1682 2984 procurationem
1696 2907 1831 2984 recipe-

181 3009 452 3086 pras'dicationem
466 3009 501 3070 in
517 3008 672 3085 paraviso
687 3009 808 3070 iactam
831 3008 979 3083 legitime
1032 3008 1107 3068 rent
1132 3006 1263 3076 iterato,
1290 3005 1379 3082 qaod
1411 3005 1631 3066 nibilominus
1659 3004 1832 3066 humiliter

180 3105 407 3183 probavissem
419 3107 513 3183 parte
525 3105 631 3168 altera
647 3105 867 3182 respondente
878 3105 976 3182 quod,
1033 3103 1291 3179 compleverunt,
1303 3101 1446 3178 receptis
1460 3102 1503 3164 ab
1516 3104 1589 3178 ipso
1602 3103 1759 3180 episcopo
1771 3101 1833 3164 nt-

181 3199 977 3280 etsialiquandoambianenepiseopusprediota
1032 3201 1123 3272 teris,
1140 3200 1227 3277 quod
1249 3200 1423 3262 caritative
1447 3201 1715 3276 procurationem
1730 3201 1830 3261 allam
1893 3270 1899 3292 ,

141 3348 147 3358 .
182 3300 218 3360 in
230 3299 347 3362 eodem
360 3299 565 3360 monasterio
580 3298 861 3376 perquorumdam
876 3298 980 3359 abba-
1032 3297 1228 3376 recepissem
1257 3297 1432 3373 episeopus
1459 3309 1540 3358 vero
1562 3297 1828 3374 procurationem

180 3397 249 3458 tum
260 3397 424 3458 incuriam
434 3395 816 3472 indebiteusorparerat,
824 3396 857 3458 id
867 3397 978 3458 tamon
1032 3395 1181 3456 eamdem
1193 3393 1487 3471 eumprocessione
1499 3395 1664 3472 recipiens
1675 3408 1712 3454 se
1721 3409 1785 3455 neo
1794 3394 1833 3454 il·

182 3493 246 3570 ipsi
261 3507 391 3556 -nocars
419 3493 622 3555 monasterio
643 3509 710 3556 non
738 3493 886 3564 debebat,
903 3509 978 3555 cum
1032 3491 1829 3568 lamacceptarenibilominusaitirmariteoquod

181 3592 270 3653 esset
290 3592 425 3654 omnino
446 3590 635 3666 exemptum
663 3593 696 3652 et
719 3591 833 3652 contra
855 3590 978 3668 hujus·
1033 3605 1099 3652 non
1110 3589 1287 3652 exercebat
1306 3589 1509 3650 visitationis
1530 3588 1676 3650 officium
1697 3589 1734 3650 in
1755 3603 1831 3650 mo·

182 3687 270 3750 modi
303 3688 494 3750 exacbones
532 3687 692 3749 vallatum
722 3687 919 3764 privilegiis,
947 3689 979 3750 et
1033 3685 1377 3762 nasteriosaepedioto,
1392 3685 1726 3750 abbateetconrentu
1740 3692 1828 3757 oum,

182 3783 398 3860 indulgentiis
425 3784 617 3860 pontificum
638 3787 874 3856 Romanorum,
890 3785 978 3846 idem
1033 3783 1118 3846 siout
1132 3783 1234 3844 iidem
1249 3783 1482 3859 procuratores
1496 3782 1641 3845 confessi
1666 3789 1754 3854 sunt,
1768 3789 1831 3844 ne·

182 3881 408 3958 predecessor
421 3881 544 3952 noster,
561 3881 660 3944 biset
672 3881 759 3954 aliie,
777 3894 850 3958 quae
866 3897 978 3943 coram
1033 3895 1197 3958 quaquam
1219 3880 1260 3942 ad
1280 3879 1470 3956 hujusmodi
1490 3879 1637 3942 ostiolum
1652 3880 1831 3942 admittor⁴

181 3978 334 4040 auditore
357 3979 430 4054 ipso
459 3967 552 4040 merc
570 3979 755 4056 proposita,
778 3979 909 4056 plenius
924 3981 980 4040 in·
1031 3979 1186 4048 nauseo
1199 3977 1283 4054 quod
1296 3977 1444 4064 visitatio
1459 3991 1526 4038 non
1539 3978 1614 4039 erat
1627 3975 1830 4054 deprobatis

180 4074 332 4146 telleotis,
345 4074 483 4151 praesato
503 4075 657 4152 episcopo
670 4077 727 4153 qui
737 4076 977 4153 possessorium
1032 4074 1194 4145 articulis,
1215 4075 1248 4135 et
1272 4073 1309 4134 in
1324 4073 1483 4150 praedicta
1495 4073 1662 4135 sententia
1681 4086 1832 4150 compre-

181 4171 977 4250 intentaratpossessionemadjudicantomnium
1034 4171 1159 4234 nensis.
1176 4171 1325 4248 Denique
1340 4169 1441 4231 iidem
1465 4169 1569 4230 abbas
1591 4171 1626 4232 et
1648 4171 1830 4232 conventus

181 4267 483 4344 praedictorumita
497 4269 609 4330 umen
624 4268 801 4346 quodnisi
816 4269 976 4346 usquead
1033 4267 1206 4344 praeratum
1238 4267 1452 4344 episcopum,
1486 4267 1645 4344 quantum
1677 4267 1714 4328 in
1747 4267 1830 4345 ipsis

180 4365 264 4426 duos
279 4379 498 4442 annossuper
513 4365 667 4443 petitorio
681 4375 775 4426 snam
788 4356 900 4442 posset
919 4366 977 4426 in·
1031 4365 1104 4437 luit,
1117 4364 1335 4428 restituerunt
1342 4363 1383 4426 ad
1395 4379 1510 4426 omnes
1521 4364 1682 4427 articulos
1690 4380 1831 4442 expres·

180 4463 364 4523 tentionem
379 4462 528 4534 dindare,
544 4462 783 4525 monasterium
807 4464 915 4539 ipsum
935 4479 978 4524 ex
1032 4477 1098 4533 sos,
1112 4462 1147 4523 in
1163 4462 1328 4524 sententia
1350 4461 1541 4539 saepedicta,
1562 4462 1597 4524 et
1616 4462 1666 4525 sic
1680 4462 1830 4540 pluribus

179 4562 258 4620 tnnc
284 4560 373 4622 esset
397 4560 439 4622 ab
467 4575 582 4622 eoram
608 4560 821 4636 prestatione
846 4561 977 4636 penitus
1031 4559 1183 4621 terminis
1198 4558 1238 4620 ad
1252 4559 1497 4636 procedendum
1511 4560 1546 4622 in
1560 4574 1662 4622 causa
1676 4561 1830 4638 proprie-

180 4655 379 4730 absolutum,
393 4657 551 4742 perpetuo
574 4657 710 4720 silomio
733 4673 833 4734 super
846 4658 899 4718 his
914 4657 979 4718 im·
1031 4656 1109 4718 tatis
1124 4657 1280 4734 episcopo
1292 4655 1486 4732 assignatis,
1503 4657 1545 4718 ad
1560 4672 1643 4734 quos
1665 4668 1744 4733 pars
1759 4673 1832 4720 mo-

179 4754 287 4830 posito
313 4754 468 4832 episcopo
491 4757 683 4826 memorato,
702 4771 779 4816 cum
794 4771 854 4832 per
868 4755 977 4832 privi-
1031 4753 1170 4816 naslerii
1193 4753 1332 4816 veniens
1356 4753 1481 4816 trustra
1504 4752 1635 4816 labores
1660 4753 1771 4828 subiit,
1797 4759 1830 4818 et
1962 4805 1965 4816 .

180 4850 267 4925 legia
283 4851 316 4912 et
327 4850 551 4926 indulgentiae
564 4851 764 4928 apostoliam
780 4851 875 4913 Sedis
886 4852 978 4914 exbi·
1033 4863 1207 4927 expensas,
1221 4850 1307 4927 ipsis
1317 4850 1487 4927 judicibus
1503 4865 1597 4912 suam
1613 4852 1745 4914 saluas
1760 4853 1831 4914 tar·

179 4945 266 5008 bitas
280 4947 454 5024 injudicio
476 4947 602 5025 liquido
617 4951 793 5026 appareret
806 4948 888 5013 illud
903 4963 977 5010 esse
1031 4947 1132 5012 minis
1140 4947 1351 5025 praesentiam
1365 4963 1432 5010 non
1445 4948 1640 5010 curantibus
1655 4949 1826 5014 exhibere.

180 5042 321 5104 liberum
335 5043 589 5120 etexemptum3
606 5045 730 5108 unde...
747 5044 858 5107 abbati
869 5045 977 5108 sancti
1032 5045 1168 5108 Domum
1189 5057 1264 5106 cum
1277 5042 1452 5118 etjudices
1473 5059 1569 5106 suam
1583 5045 1716 5107 tandem
1732 5047 1830 5108 exbi-

179 5140 316 5202 Auberti
330 5141 400 5204 et...
414 5141 650 5204 archidiacono
674 5143 742 5208 et...
765 5141 976 5206 thesaurario
1031 5139 1182 5204 luissent
1191 5140 1414 5217 praesentiam,
1425 5141 1458 5203 et
1472 5143 1670 5217 procurator
1681 5143 1828 5221 episcopi

180 5240 392 5300 cameracen.
413 5237 485 5300 suis
501 5237 591 5300 dedlt
614 5237 734 5302 litteris
747 5239 782 5300 in
797 5240 974 5311 mandatis,
1031 5253 1250 5315 processurus
1263 5249 1364 5316 super
1374 5238 1529 5315 petitorio
1544 5240 1737 5302 crederetur
1752 5257 1827 5302 oum

74 5393 82 5414 „
181 5335 217 5396 ut
231 5335 316 5412 quod
331 5333 373 5396 ab
392 5349 432 5396 eo
454 5335 564 5399 fuerat
583 5335 826 5402 sententialiter
848 5335 978 5398 diffini·
1030 5335 1072 5399 ad
1092 5335 1156 5398 boo
1168 5335 1287 5398 luisset
1300 5337 1332 5398 ei
1344 5337 1507 5398 terminus
1523 5338 1723 5414 assignatus,
1739 5337 1827 5402 idem

180 5432 249 5492 tum
263 5432 453 5494 executioni
468 5430 665 5494 mandantes
673 5431 862 5508 reciperent
876 5446 977 5508 super
1030 5435 1227 5508 procurator
1248 5434 1421 5510 proposuit
1438 5447 1551 5497 coram
1562 5433 1730 5510 judicibus
1745 5434 1828 5512 ipsis

181 5527 335 5602 petitorio
348 5527 562 5604 probationes
576 5525 683 5603 ipsius
693 5526 842 5603 episcopi
858 5543 896 5588 ac
911 5528 974 5590 de·
1030 5529 1115 5606 qnod
1137 5527 1272 5592 nolebat
1292 5531 1327 5590 ln
1352 5545 1453 5592 causa
1475 5529 1689 5606 proprietatis
1710 5546 1829 5607 prooe-

180 5623 347 5690 tensiones
372 5623 565 5686 monasterii
595 5623 779 5694 memorati,
804 5623 975 5703 ipsamque
1029 5623 1119 5698 dere,
1148 5627 1253 5688 donee
1277 5628 1452 5706 episcopus
1481 5627 1653 5688 restitutus
1675 5631 1766 5694 esset
1785 5633 1827 5694 ad
