4300 6392
206 281 265 343 100

564 465 649 551 dlx

254 600 305 659 nd
328 596 546 660 Frldertcune
568 600 804 662 Romanorum
830 612 959 674 regem.

493 721 625 778 10111311.
644 722 721 780 1220.

229 825 477 892 [11311131111111111
489 827 626 876 ecclesiast.
644 828 678 878 ad
692 826 897 890 3111031111οή
911 825 976 886 oa]

209 934 351 993 Honorias
362 941 436 1006 papa
452 934 595 992 Friderioo
608 936 800 992 Romanorum
815 933 878 1006 regi
889 945 1001 1006 proces·

241 1037 292 1080 sus
311 1022 463 1080 terminum
477 1037 536 1080 uon
550 1023 613 1082 siue
628 1024 717 1080 multa
729 1023 843 1094 querela
857 1036 947 1093 usque
965 1020 1002 1078 ad

239 1108 382 1168 kalendas
392 1110 460 1167 maii
474 1111 618 1183 proximas
633 1110 846 1183 prorogandum
860 1108 999 1176 oouoedlt,

248 1198 434 1272 hortaturque
455 1199 533 1256 illum
556 1198 660 1268 denuo,
677 1207 708 1257 ut
720 1198 834 1257 taudem
854 1213 886 1256 se
901 1197 1001 1255 Christi

244 1286 380 1345 athletam
391 1295 420 1344 el
435 1288 529 1345 Terrae
540 1288 650 1346 Sancte
665 1287 845 1346 defensorem
860 1285 999 1346 ostendat.

248 1405 417 1469 Honorius
432 1404 606 1481 episcopus
622 1421 738 1468 servus
758 1417 929 1466 servorum
942 1402 1001 1466 Del

208 1501 389 1573 Friderico,
407 1504 554 1564 Romano
573 1502 654 1577 regi,
669 1504 731 1564 etc.

250 1599 407 1677 Sinceris,
422 1599 511 1660 eto...
522 1602 626 1662 Porro
639 1600 695 1676 qui
712 1599 794 1661 satis
808 1597 926 1674 diligit,
942 1612 1000 1658 sa-

210 1696 252 1758 tis
267 1696 378 1771 timet3
396 1696 483 1757 unde
498 1711 564 1757 non
587 1696 707 1758 mirum
728 1697 758 1756 si
779 1697 820 1758 de
834 1695 1000 1756 retardato

209 1807 366 1870 processu
386 1793 443 1854 tuo
464 1793 500 1853 in
526 1793 708 1855 subsidium
734 1796 845 1857 Terrae
872 1792 1001 1854 Sanctae

210 1889 269 1952 tibi
283 1889 459 1952 timeamus
483 1890 516 1951 et
539 1889 658 1952 nobis:
684 1890 744 1952 tibi
768 1905 809 1950 ne
829 1905 888 1966 per
903 1888 1000 1952 toties

203 1986 358 2064 repetitae
390 1986 560 2049 dilationis
595 1989 800 2058 instantiam,
820 1986 998 2056 offensam,

202 2084 295 2160 guod
318 2082 415 2155 absit,
438 2085 660 2160 potentissimi
688 2086 777 2160 regis
801 2083 999 2156 incurreris;

209 2178 316 2250 nobis,
344 2195 387 2239 ne
413 2179 569 2240 facultate
594 2180 865 2256 prorogationum
884 2179 1003 2254 hagus-

203 2275 298 2336 modi
325 2289 460 2338 causam
486 2277 577 2337 illius
601 2277 725 2338 Summi
752 2276 922 2338 Pontificis
946 2273 1001 2351 qui

208 2388 269 2449 pro
290 2371 397 2434 saluto
418 2374 532 2450 populi
554 2373 588 2434 in
616 2388 675 2436 ara
697 2375 805 2436 crucis
830 2389 866 2435 se
894 2373 1001 2449 ipsum

207 2468 328 2531 obtulit
340 2469 484 2531 hostiam
498 2473 566 2532 Deo
586 2471 691 2542 Patri,
703 2470 876 2532 videamur
889 2470 1001 2545 negli-

209 2569 327 2641 genter
348 2567 540 2646 reliquisse.
564 2570 687 2630 Verum
708 2568 816 2630 adhuc
839 2569 945 2628 instas
967 2569 1003 2629 ut

209 2663 386 2740 adjiciatur
408 2666 527 2741 quarta
550 2664 683 2736 dilatio,
708 2666 741 2727 ot
766 2681 831 2727 non
858 2664 1002 2726 intendis

203 2761 295 2839 guod
317 2761 437 2822 citatus
453 2753 566 2822 'trihus
587 2762 704 2825 edictis
727 2764 755 2824 si
780 2763 821 2823 ad
839 2762 1001 2839 judicium

210 2860 327 2920 ‚venire
346 2859 536 2930 contemnit,
567 2861 674 2936 potest
701 2861 916 2922 contumaciae
943 2875 1001 2920 re·

210 2955 381 3030 prehendi.
401 2955 464 3016 Sed
480 2956 602 3019 scimus
618 2957 702 3033 quod
719 2957 759 3018 ad
774 2958 1002 3034 purgationem

209 3067 312 3113 moran
328 3051 505 3112 nonnullas
529 3068 647 3114 causas
672 3054 897 3115 excusationis
914 3054 1002 3114 alle-

205 3164 292 3224 gas3
310 3149 432 3210 scimus
447 3150 545 3211 etiam
562 3151 647 3230 quod
668 3166 732 3211 non
752 3151 799 3211 sic
814 3167 872 3212 eas
894 3151 1001 3212 inter-

211 3247 385 3321 pretantur
407 3247 519 3307 aemuli
542 3249 578 3308 ut
600 3248 708 3310 amici.
733 3249 803 3309 Nos
825 3251 934 3310 autem
961 3264 1002 3310 ne

208 3341 277 3402 lam
304 3341 373 3403 cari
401 3342 465 3404 filii
489 3343 609 3404 famam
637 3360 806 3422 exponere
831 3344 1004 3407 videamur

211 3441 423 3516 contemptui,
443 3433 547 3518 usquc
562 3442 602 3502 ad
616 3441 776 3503 kalendas
789 3443 867 3503 maii
884 3443 1002 3519 proxi-

211 3552 282 3596 mas
297 3536 345 3598 tui
361 3551 535 3612 processus
550 3539 728 3600 terminum
748 3554 1000 3616 prorogamus...

211 3635 298 3694 Sane
309 3633 493 3705 consldera‚
504 3637 598 3712 cujus
609 3635 652 3697 sit
664 3651 764 3696 causa
778 3653 850 3712 quae
863 3637 1000 3713 geritur,

207 3731 287 3808 glria
303 3731 442 3806 dhristi;
457 3736 551 3808 cujus
563 3733 780 3806 commodum,
796 3735 873 3810 quia
888 3747 1004 3812 prose-

207 3828 380 3904 quentium
401 3829 523 3904 ipsam;
545 3832 639 3906 cujus
663 3831 782 3906 gloria,
801 3831 878 3907 quia
901 3833 1002 3893 totius

211 3924 322 4000 populi
338 3925 529 4000 christiani3
546 3928 578 3988 et
592 3926 732 4003 negligis
755 3943 828 3989 3333
845 3943 1005 4005 prosecu-

209 4022 263 4083 tor
285 4035 396 4084 causae
421 4023 491 4096 Dei,
508 4025 703 4100 procurator
715 4026 878 4088 commodi
893 4026 954 4098 tui,
972 4027 1004 4088 et

211 4117 465 4182 christianitatis
491 4120 628 4182 athleta.
654 4123 694 4184 111
720 4123 851 4199 quidem
873 4122 914 4182 ad
940 4123 1003 4184 1313

209 4217 243 4275 13
279 4217 436 4277 Dominus
469 4214 638 4279 beneflciis
673 4219 795 4291 allicit,
831 4218 1002 4281 miraculis

207 4313 380 4386 provocat,
411 4315 444 4374 et
474 4313 635 4389 exemplis
660 4313 841 4376 informet:
875 4314 1003 4378 benefl-

211 4407 273 4468 ciis
287 4408 402 4482 allicit,
419 4408 497 4486 quia
511 4411 579 4472 tam
605 4409 798 4487 depressum
824 4411 1004 4488 aliquando

210 4503 260 4566 sio
286 4505 419 4568 tandem
454 4506 562 4569 erexit
599 4507 635 4569 in
669 4507 799 4583 allum;
832 4510 1003 4572 miraculis

211 4605 389 4677 provocat,
414 4605 492 4680 quia
528 4604 570 4665 de
597 4605 748 4667 Demiata
781 4607 1003 4670 munitissima

209 4701 348 4762 civitate
388 4701 486 4777 plene
519 4701 720 4764 desiderium
755 4705 868 4780 pusilli
906 4721 1005 4766 exer-

208 4797 298 4858 citus
327 4796 502 4857 christiani
533 4813 591 4873 spe
620 4801 690 4874 jam
723 4799 894 4862 debilitata
923 4815 1003 4878 per-

214 4893 306 4966 fecit;
328 4893 485 4954 informat
509 4895 679 4970 exemplis,
707 4895 784 4972 quia
806 4913 872 4958 non
897 4899 1004 4958 solum

211 4990 340 5051 nobiles
363 4991 397 5051 et
411 4992 569 5066 potentes,
596 4993 652 5052 sed
676 4995 776 5056 etiam
796 5011 958 5071 pauperes
973 4995 1007 5056 et

209 5087 336 5150 debiles
349 5087 412 5148 hoc
426 5087 559 5150 salubre
573 5091 740 5164 negotium
756 5095 833 5154 sunt
842 5093 1003 5167 aggressi.

212 5185 418 5260 Quapropter
451 5183 628 5259 diligenter
657 5187 807 5250 advertat
843 5203 904 5249 rex
937 5192 1005 5249 tam

210 5280 346 5355 grandis
357 5281 391 5340 et
406 5279 537 5350 nobilis,
549 5282 615 5341 tam
627 5283 743 5356 potens
755 5285 788 5344 et
802 5283 907 5354 fortis,
919 5284 1005 5360 quod

211 5377 305 5437 iniis
320 5377 481 5438 eominus
496 5378 722 5439 excusationis
742 5381 930 5455 competere
941 5395 1005 5454 po-

210 5475 298 5546 terit,
316 5490 379 5551 quo
393 5476 466 5550 plus
482 5474 612 5536 videtur
629 5478 804 5552 suppetere
825 5476 1002 5539 facultatis.

213 5573 377 5648 Exsurget
393 5573 495 5647 igitur
510 5572 706 5634 excellentia
726 5574 830 5648 regia,
848 5576 1007 5650 exsurgat

813 278 1049 347 EPISTOLAE.
1072 280 1150 340 LlB.
1176 280 1228 339 lV.

1750 267 1753 274 ’
1792 281 1851 341 ero

1055 437 1208 513 princeps
1234 437 1405 512 egregius,
1431 437 1588 513 quoniam
1617 441 1850 514 utaperiamus

1055 535 1190 610 paratus
1201 537 1250 596 est
1262 535 1421 595 Dominus
1431 533 1590 610 grandem
1601 533 1723 596 offerre
1735 534 1852 596 trium·

1055 632 1156 709 phum
1171 632 1226 708 qui
1242 631 1379 694 multam
1391 634 1462 707 jam
1482 631 1594 694 attulit
1608 631 1649 692 de
1667 647 1847 708 paucorum

1054 728 1169 791 labore
1184 743 1354 790 coronam.
1370 729 1561 803 Accingere,
1580 728 1755 803 accingere
1772 729 1850 803 gla-

1056 826 1112 886 dio
1136 827 1226 887 circa
1248 824 1374 897 femur,
1406 825 1634 901 potentissime
1664 825 1851 902 principum

1055 925 1272 984 terrenorum.
1301 923 1483 998 Accingere
1514 923 1549 982 in
1580 922 1767 984 humilitate
1791 938 1853 999 po-

1054 1021 1143 1092 tens3
1159 1019 1334 1093 accingere
1348 1019 1382 1078 in
1402 1019 1549 1095 potentia
1565 1017 1715 1090 humilis,
1733 1018 1850 1079 utnon

1055 1117 1090 1176 in
1116 1115 1253 1176 brachio
1276 1117 1333 1176 tuo
1364 1115 1525 1186 confisus,
1551 1116 1590 1175 de
1622 1131 1723 1176 manu
1746 1114 1851 1176 Altis·

1055 1213 1132 1273 simi
1146 1212 1310 1288 suscipias
1323 1213 1358 1271 in
1373 1211 1457 1272 tanti
1478 1213 1761 1273 consummatione
1783 1226 1847 1272 ne·
1964 1197 1972 1218 “

1055 1310 1137 1384 gotii
1147 1308 1288 1384 gloriam
1301 1324 1374 1386 quae
1387 1309 1552 1384 speratur.

1096 1431 1205 1511 (Notas
1233 1431 1477 1507 chronologicae
1506 1429 1635 1493 desunt.
1665 1431 1741 1492 Non
1768 1446 1850 1493 vero

1055 1528 1270 1590 dubitandum
1291 1531 1358 1590 tam
1373 1544 1417 1589 ex
1436 1543 1575 1590 numero
1590 1527 1739 1606 epistolae
1753 1542 1851 1604 quam

1055 1640 1097 1685 ex
1126 1623 1242 1685 ordine
1268 1639 1380 1685 rerum
1411 1625 1490 1701 quin
1529 1625 1619 1685 circa
1654 1623 1850 1686 vicesimum

1055 1723 1165 1783 martii
1180 1719 1267 1783 diem
1282 1722 1471 1798 reponenda
1496 1722 1549 1783 sit.
1568 1721 1670 1782 Adest
1682 1722 1718 1781 in
1736 1734 1851 1797 reges·

1055 1819 1097 1879 tis
1112 1818 1172 1879 suh
1187 1833 1219 1878 n.
1235 1819 1296 1879 700
1317 1819 1422 1880 altera
1448 1817 1588 1895 epistola
1613 1833 1677 1896 qua
1702 1832 1849 1878 summus

1055 1915 1204 1992 pontifex
1231 1915 1443 1976 Frederioum
1480 1929 1609 1990 regem,
1640 1915 1745 1975 filium
1776 1918 1849 1991 ejus

1055 2012 1234 2073 Hearicum
1250 2015 1282 2073 et
1305 2028 1419 2073 eorum
1441 2013 1549 2073 terras
1576 2013 1611 2071 in
1635 2027 1696 2072 sua
1711 2007 1850 2087 speciali

1055 2110 1258 2185 protectione
1280 2110 1387 2169 denuo
1402 2109 1531 2186 recipit.
1554 2111 1672 2171 Datum
1693 2102 1847 2176 viterbii,

1055 2207 1145 2268 XVII
1160 2202 1321 2267 kalendas
1335 2203 1479 2284 aprilis)

1420 2382 1485 2468 CX

1192 2518 1244 2576 Ad
1261 2520 1425 2589 populum
1445 2519 1707 2576 Bononiensem.

1347 2636 1364 2692 6
1379 2637 1460 2709 april.
1476 2637 1554 2694 1110.
1727 2711 1730 2718 ⁴

1143 2750 1295 2814 [bullarium
1310 2751 1463 2808 Romanum,
1475 2751 1534 2800 edit.
1548 2751 1634 2808 Teos..
1646 2747 1767 2813 111311]

1056 2847 1178 2906 Abolitio
1191 2846 1379 2920 quorumdam
1397 2855 1565 2905 statutorum
1577 2861 1627 2919 per
1642 2846 1849 2915 bononienses,

1144 2943 1241 2994 contra
1251 2937 1410 2994 libertatem
1421 2937 1594 2994 scholarium
1605 2935 1756 2992 editorum.

1095 3054 1262 3116 Honorius
1294 3055 1489 3131 opiscopus,
1527 3066 1642 3113 servus
1678 3062 1851 3112 serrorum

1057 3153 1127 3224 Dei,
1146 3151 1274 3212 dilectis
1290 3151 1368 3211 flliis
1388 3149 1510 3227 populo
1526 3149 1740 3220 Bononiensi,
1758 3148 1850 3209 salu-

1056 3249 1122 3310 tem
1138 3250 1171 3312 et
1185 3247 1401 3325 apostolicam
1415 3247 1690 3307 benedictionem.

1097 3347 1146 3406 Ex
1177 3346 1339 3406 relatione
1371 3342 1573 3405 venerabilis
1602 3343 1715 3403 bairis
1743 3341 1849 3404 nostri

1058 3443 1214 3518 Hugolini
1260 3442 1407 3518 episcopi
1443 3440 1628 3502 Hostiensis
1673 3438 1848 3500 devotione

1058 3539 1212 3616 quemad
1228 3542 1411 3600 Romanam
1427 3537 1606 3599 Ecclesiam
1616 3537 1731 3613 geritis
1746 3536 1848 3597 intel-

1057 3635 1153 3708 lecta,
1176 3637 1269 3698 tanto
1297 3635 1338 3696 ad
1362 3650 1413 3706 33,
1437 3650 1512 3711 qum
1531 3635 1677 3696 vestram
1707 3632 1847 3693 salutem

1058 3733 1251 3808 respiciunt,
1276 3735 1311 3793 et
1334 3732 1505 3803 honorem,
1523 3731 1705 3792 ferventius
1720 3730 1853 3806 aspira-

1057 3846 1141 3899 mus,
1158 3829 1280 3906 quanto
1295 3844 1354 3890 vos
1368 3831 1537 3904 tamquam
1552 3826 1750 3890 obedientiae
1765 3825 1852 3886 filios

1057 3927 1099 3987 ad
1120 3925 1268 4002 ejusdem
1291 3924 1510 3986 obediendum
1531 3922 1695 3984 mandatis
1710 3938 1852 3997 cognos-

1057 4023 1163 4083 cimus
1179 4022 1364 4097 proniores
1378 4036 1438 4082 vos
1454 4020 1496 4080 ab
1511 4022 1553 4080 iis
1567 4019 1739 4080 retrahere
1754 4019 1849 4078 sata-

1057 4119 1183 4195 gentes,
1198 4133 1271 4196 quae
1292 4119 1325 4178 et
1344 4117 1465 4178 famam
1481 4118 1625 4178 vestram
1643 4114 1849 4184 obnubilant,

1058 4216 1091 4276 et
1116 4215 1237 4276 afferre
1258 4213 1354 4275 vobis
1382 4214 1517 4290 possent
1539 4211 1793 4282 incommodum,
1820 4211 1853 4271 et

1034 4313 1230 4390 iacturam.
1248 4313 1335 4372 Sane
1359 4327 1433 4372 cum
1457 4327 1501 4372 ex
1528 4310 1638 4372 studio
1666 4309 1853 4370 litterarum

1057 4412 1179 4487 praeter
1205 4410 1334 4472 infinita
1361 4409 1545 4478 courmoda,
1561 4423 1635 4485 quae
1648 4407 1790 4478 sentitis,
1810 4421 1854 4467 ex

1058 4523 1097 4570 eo
1111 4507 1221 4570 vestra
1250 4507 1369 4568 0111133
1393 4508 1480 4568 inter
1502 4507 1586 4568 alias
1608 4506 1651 4565 sit
1665 4504 1803 4574 famosa,
1820 4505 1854 4564 31

1058 4606 1093 4666 in
1123 4605 1279 4666 universo
1312 4605 1435 4665 mundo
1471 4619 1593 4664 nomen
1629 4601 1854 4664 annuncietur

1058 4703 1174 4778 ipsius,
1188 4702 1340 4779 factaque
1352 4703 1395 4762 sit
1417 4702 1523 4763 altera
1538 4699 1719 4770 Bethleem,
1737 4698 1854 4760 domus

1057 4799 1213 4861 videlicet
1238 4799 1345 4875 panis,
1369 4799 1425 4876 qui
1450 4798 1601 4875 parvulis
1625 4796 1801 4870 frangitur,
1818 4793 1854 4854 in

1059 4895 1185 4966 eadem,
1212 4911 1256 4956 ex
1284 4911 1348 4973 qua
1372 4897 1496 4956 exeunt
1515 4893 1627 4962 duces,
1653 4893 1711 4970 qui
1733 4891 1855 4966 regant

1059 4993 1215 5069 populum
1231 4993 1371 5064 Domini,
1389 4993 1544 5068 quoniam
1557 4991 1593 5050 in
1602 4990 1711 5052 studio
1727 4986 1851 5050 eruditi

1059 5091 1273 5151 assumuntur
1287 5089 1328 5150 ad
1342 5091 1492 5165 regimen
1502 5089 1700 5157 animarum,
1721 5100 1787 5145 non
1803 5099 1854 5144 so·

1060 5185 1127 5246 lum
1153 5185 1280 5248 debetis
1312 5203 1333 5247 a
1365 5187 1567 5247 scholarium
1601 5179 1852 5260 gravaminibus

1060 5283 1306 5358 conquiescere,
1333 5284 1565 5344 verumetiam
1582 5281 1656 5342 illos
1672 5275 1856 5338 honoribus

1060 5381 1255 5455 praevenire.
1280 5381 1494 5442 Attendentes
1517 5378 1603 5455 quod
1627 5375 1690 5452 ipsi
1706 5373 1853 5448 gratuito

1060 5479 1101 5540 ad
1126 5477 1322 5538 studendum
1344 5483 1487 5539 vestram
1507 5473 1748 5553 praeelegerunt
1767 5468 1854 5530 civi·

1060 5577 1171 5644 tatem,
1200 5591 1273 5652 quae
1300 5592 1373 5636 cum
1404 5576 1496 5651 prius
1521 5573 1608 5632 esset
1627 5566 1774 5639 humilis,
1795 5581 1854 5644 per
