4280 6404
912 325 1087 387 HONORII
1110 327 1154 388 ΙΙΙ
1177 329 1325 391 OPERA.

357 653 409 713 Ad
429 635 583 715 sobolem
597 655 715 715 Sancti
729 657 817 728 Lript
836 657 1023 716 Treceusts.

306 850 309 860 ι
569 776 602 832 lo
617 775 714 848 aprilis
727 777 807 834 l2l9.

325 882 445 946 [Regest.,
457 881 501 931 lib.
513 882 555 940 ΙΙΙ,
563 881 699 946 epist.383.
712 883 768 932 tiss.
780 885 816 933 La
825 884 902 933 Porta
915 883 949 934 dn
961 884 1055 948 Thali]

344 988 484 1046 abbatem
498 988 613 1046 devoto
626 989 885 1062 Hierosolymitaoo
901 989 1030 1048 absolvit.

331 1105 509 1178 Honorius,
519 1105 725 1178 etc.,dilecto
737 1105 961 1170 tilio...abbati
972 1106 1086 1170 Sancti

293 1201 524 1279 bupiTrecen.

330 1300 449 1362 Dilecti
463 1299 524 1360 lilii
539 1300 720 1362 conventus
734 1301 928 1362 monasterii
952 1301 1000 1362 tui
1023 1316 1087 1365 no·

289 1397 341 1460 bis
354 1397 523 1458 humiliter
541 1397 769 1472 supplicarunt
783 1398 1012 1473 multiplicatis
1026 1398 1084 1458 in-

289 1494 530 1557 tercessoribus
568 1481 804 1572 plurimorum,
835 1497 871 1556 ut
908 1510 982 1556 cum
1014 1496 1086 1556 sine

289 1593 386 1670 grati
395 1591 568 1670 dispendio
578 1591 727 1668 ejusdem
737 1592 930 1664 monasterii
939 1607 1086 1668 nequeas

290 1691 428 1768 exsequi
453 1689 565 1751 votum
590 1689 710 1759 crucis,
732 1691 764 1750 te
788 1688 829 1750 ab
857 1704 896 1750 eo
911 1688 1086 1750 absolvere

289 1788 513 1864 dignaremur,
553 1787 738 1863 praesertim
752 1802 826 1846 cum
851 1786 950 1846 etiam
974 1788 1085 1848 Terrae

291 1886 420 1947 Sanctae
435 1884 541 1960 magis
565 1883 731 1960 expediat,
758 1884 795 1944 ut
819 1882 1012 1944 monasterii
1034 1883 1087 1943 vi·-

290 1985 414 2046 cesima
425 1983 459 2043 in
472 1982 620 2059 ejusdem
640 1981 738 2042 terrae
754 1980 937 2042 subsidium
959 1979 1086 2054 diriga-

288 2086 354 2154 tur,
367 2097 465 2158 quam
478 2081 515 2142 lu
528 2078 637 2140 eundo
653 2077 733 2138 illuc
744 2078 907 2140 inutiliter
918 2075 1086 2153 expendas

290 2179 451 2241 eamdem.
476 2177 546 2236 Nos
572 2176 675 2250 igitur
701 2174 838 2252 provide
866 2173 1084 2246 attendentes,

290 2276 376 2354 quod
392 2291 467 2336 cum
478 2274 519 2334 ad
527 2273 740 2350 pugnandum
747 2271 1085 2334 armismaterialibus

290 2373 420 2436 ratione
442 2371 545 2434 oflicii
570 2371 616 2432 sis
640 2370 783 2449 ineptus,
806 2370 840 2432 et
851 2369 970 2430 absens
985 2369 1086 2430 etiarn

290 2471 394 2534 armis
416 2468 645 2547 spiritualibus
660 2467 768 2532 eidem
791 2468 901 2542 terrae,
917 2466 947 2528 si
972 2466 1086 2528 datum

189 2555 193 2564 ’
291 2571 342 2632 est
355 2568 426 2640 tibi,
439 2567 609 2630 abomino
622 2566 730 2643 possis
740 2565 914 2636 assistere,
924 2563 1087 2628 orationi·

289 2665 352 2730 bus
374 2665 539 2737 videlicet,
553 2665 586 2727 ct
601 2664 678 2724 aliis
694 2663 758 2741 piis
768 2663 924 2741 operibus
938 2661 1085 2726 sistendo

291 2767 359 2829 tea
379 2766 456 2828 voto
479 2763 589 2825 crucis
608 2762 764 2824 duximus
788 2760 1036 2832 absolvendum,
1053 2760 1087 2822 et

292 2864 371 2942 quia
384 2859 618 2939 prouicesima
632 2859 828 2920 monasterii
838 2859 887 2919 tui
900 2860 1033 2922 centurn
1043 2856 1087 2916 ll-

291 2961 369 3022 bras
378 2959 418 3020 de
426 2958 581 3020 mandato
590 2957 1005 3018 nostroinTerrae-Sanctae
1013 2953 1087 3017 sub-

293 3058 415 3120 sidium
433 3055 621 3126 destinasti,
640 3053 878 3114 monasterium
897 3054 1006 3127 ipsum
1026 3066 1085 3112 nos

292 3153 548 3233 apraestatione
570 3151 739 3214 vicesima
763 3149 945 3212 absolvisse
971 3151 1085 3210 tenore

293 3251 507 3330 presentium
535 3248 755 3320 declaramus,
782 3263 842 3325 pro
875 3262 915 3308 eo
941 3247 1086 3308 maxime

293 3350 379 3428 quod
395 3365 482 3420 cum,
496 3348 583 3410 sicut
597 3345 770 3416 asseritur,
787 3344 1087 3420 monasterii-ejus-

292 3447 366 3510 dem
378 3446 559 3524 proventus
580 3445 617 3506 in
643 3441 855 3506 nutrimentis
875 3440 1083 3512 animalium,

292 3546 326 3608 st
334 3544 435 3606 terris
448 3541 630 3608 arabilibus
642 3555 702 3617 pro
717 3539 837 3616 majori
850 3541 944 3616 parte
956 3538 1087 3600 consis-

292 3643 373 3713 tant,
391 3639 560 3703 commode
581 3637 693 3700 taxari
712 3653 778 3698 non
799 3636 905 3713 possit
927 3635 1086 3696 vicesima

292 3738 495 3809 eorumdem,
524 3733 763 3798 nonobstante
789 3732 1004 3794 concessione
1029 3731 1086 3792 di-

292 3837 404 3900 midiae
422 3835 589 3898 vicesimoe
606 3832 694 3894 tacta
715 3831 889 3894 carissimo
903 3831 939 3890 in
955 3829 1086 3890 Christo

293 3936 362 3998 tillo
388 3935 502 3996 nostm
532 3931 605 4003 Ph„
626 3931 706 4005 regi
719 3932 931 4018 Francorum
950 3925 1084 3998 illustri,

293 4049 392 4111 quam
417 4032 447 4100 si
471 4029 705 4108 exsequereris
728 4026 949 4104 personaliter
974 4027 1087 4089 votum

291 4133 396 4198 tuum,
423 4144 446 4192 a
473 4145 537 4206 quo
565 4127 674 4190 soluta
697 4125 857 4188 vicesima
880 4125 913 4186 te
936 4123 1086 4184 absolvi-

293 4243 366 4292 mus
385 4241 595 4304 nequaquam
619 4241 692 4289 eam
715 4223 889 4286 exsolvere
911 4219 1085 4284 tenereris.

293 4326 412 4389 Datum
418 4323 582 4392 ,Laterani
596 4323 714 4397 quarto
727 4321 801 4382 idus
811 4319 935 4397 aprilis
952 4318 1088 4396 pontiti*

294 4423 390 4488 catus
408 4419 516 4488 nostri
530 4433 620 4480 anno
633 4417 747 4479 tertio.

568 4593 811 4683 CLXXXVH

293 4731 511 4795 samonem
522 4729 641 4790 Sancti
655 4730 753 4801 Lupi,
780 4728 948 4786 decanum
969 4725 1088 4786 sancta·

333 4831 498 4903 stannum·
508 4828 542 4888 ct
555 4829 593 4888 R.
606 4828 809 4888 oenomaum
822 4825 969 4898 madoris
978 4824 1089 4882 dcem·

332 4932 395 4990 stoe
410 4927 597 4987 itacensis.

570 5037 601 5094 ll
620 5036 717 5108 aprilis
732 5035 812 5092 lala.

323 5149 441 5212 [Restat.
451 5145 495 5195 lib.
508 5145 549 5201 ΙΙΙ,
561 5143 635 5208 epist.
648 5143 704 5192 eat.
718 5145 775 5192 llss.
785 5143 820 5191 La
831 5141 906 5190 Porta
916 5137 949 5188 du
962 5137 1056 5202 tirell]

292 5255 408 5316 Mandat
428 5261 460 5310 ut
478 5252 648 5325 magistrum
670 5251 818 5307 Nicolaum
829 5247 935 5303 saciant
950 5247 978 5302 ln
999 5259 1085 5301 cano·

327 5347 423 5403 uicum
443 5343 573 5413 accipere
592 5339 621 5396 in
636 5337 757 5396 eeclesia
777 5335 987 5402 catalaunensi,
1003 5333 1085 5390 dom·

328 5433 414 5490 modo
440 5432 567 5504 resignet
595 5427 790 5500 prebendam,
813 5439 899 5496 quam
923 5423 1032 5480 obtinet
1059 5423 1087 5478 ln

327 5522 449 5580 ecclesia
465 5519 561 5578 Sancti
571 5518 692 5576 Nicolal.

334 5647 510 5718 Honorius,
548 5647 623 5716 etc,
651 5641 780 5703 dilectis
820 5640 935 5701 siliis...
977 5639 1086 5700 abbati

1878 330 1939 394 200

1026 563 1028 568 Δ
1089 458 1093 469 ’
1141 489 1253 550 Sancti
1281 489 1401 567 Lupi...
1428 466 1554 553 decano
1575 489 1688 556 Sancti
1718 491 1878 569 Stephani
1903 498 1938 557 et

1140 587 1179 648 R.
1191 588 1350 650 canonico
1365 589 1501 665 majoris
1510 589 1661 650 ecclesiae
1673 592 1810 651 Trecen.

1179 685 1387 746 Venerabilis
1427 686 1532 746 irater
1579 687 1731 748 noster...
1761 687 1938 764 episcopus

1140 783 1209 842 et...
1224 783 1369 842 decanus
1385 797 1458 842 cnm
1471 784 1622 859 pluribus
1632 784 1672 844 de
1685 783 1831 860 capitulo
1845 787 1940 846 Cata-0

1140 879 1273 940 tannen.
1284 894 1343 956 per
1353 881 1536 940 suasnobis
1551 881 1680 941 litteras
1694 881 1935 957 supplicarunt,

1141 978 1176 1037 ut
1193 977 1347 1038 dilectum
1366 973 1469 1038 tilium
1485 977 1680 1052 magistrum
1695 979 1881 1050 Nicolaum,
1896 979 1937 1040 de

1140 1076 1233 1149 cujus
1248 1074 1316 1135 vita
1332 1077 1365 1134 et
1374 1075 1513 1136 scientia
1529 1074 1700 1136 laudabile
1712 1075 1937 1144 testlmonium

1140 1170 1366 1246 perhibebant,
1382 1172 1417 1232 in
1437 1172 1659 1233 catalaunen.
1667 1172 1813 1234 ecclesia
1834 1173 1940 1250 recipi

1140 1267 1323 1330 laceremus
1339 1270 1374 1330 in
1395 1270 1592 1330 canonicum
1607 1271 1641 1342 et
1652 1270 1686 1329 in
1701 1269 1850 1330 tratrem.
1868 1272 1937 1332 Nos

1140 1366 1243 1441 igitur.
1255 1382 1370 1428 eorum
1386 1367 1550 1441 precibus,
1568 1366 1692 1443 quaeda
1709 1381 1800 1428 mera
1815 1367 1937 1430 viden-

1139 1464 1195 1522 tur
1223 1463 1400 1539 procedere
1434 1465 1584 1530 caritate,
1617 1462 1844 1526 favorabiliter
1873 1480 1939 1526 an-

1140 1563 1290 1631 nuentes,
1314 1561 1508 1622 discretioni
1527 1563 1646 1622 vestrae
1668 1577 1727 1638 per
1745 1562 1935 1637 Apostolica

1140 1657 1262 1734 scripta
1291 1657 1512 1734 praecipiendo
1536 1657 1741 1728 mandamus,
1773 1660 1936 1735 quatenus

1140 1754 1169 1814 si
1184 1754 1341 1832 praetatus
1361 1755 1535 1832 episcopus
1555 1756 1588 1816 et
1613 1755 1758 1816 decanus
1777 1772 1852 1818 cum
1869 1772 1936 1817 ma·

1136 1853 1211 1925 jore
1231 1851 1265 1912 et
1285 1852 1413 1912 saniori
1432 1851 1526 1926 parte
1543 1851 1682 1926 capituli
1692 1851 1935 1924 consenserint,

1140 1950 1173 2010 et
1198 1948 1288 2008 aliud
1311 1949 1507 2010 canonicum
1530 1964 1597 2010 non
1622 1948 1762 2010 obsistat
1788 1949 1934 2026 impedi-

1140 2047 1297 2114 mentum,
1323 2061 1398 2106 eum
1424 2046 1458 2107 in
1483 2046 1641 2123 praedicta
1664 2045 1806 2108 ecclesia
1828 2047 1935 2123 recipi

1141 2141 1271 2204 faciatis
1281 2144 1316 2204 in
1327 2145 1523 2204 canonicum
1536 2145 1569 2204 et
1580 2143 1614 2202 in
1624 2142 1771 2215 fratrem,
1783 2145 1936 2220 paratum

1140 2240 1349 2317 praebendam
1373 2241 1485 2302 Sancti
1507 2240 1650 2310 Nicolai,
1677 2257 1774 2317 quam
1797 2240 1935 2314 obtinet,

1140 2339 1323 2414 resignare.
1359 2337 1626 2400 contradictores
1654 2338 1767 2415 siqui
1797 2337 1932 2409 tuerint,

1139 2435 1193 2496 rel
1216 2435 1369 2508 rebelles,
1395 2451 1454 2513 per
1477 2451 1654 2496 censuram
1675 2434 1935 2498 ecclesiasticam

1140 2532 1361 2610 appellatione
1375 2533 1557 2610 postposita
1572 2533 1829 2610 compescentes.
1844 2532 1935 2606 Quod

1140 2630 1169 2692 st
1192 2643 1258 2692 non
1281 2629 1407 2696 omnes.
1434 2631 1496 2692 etc.
1518 2630 1636 2693 Datum
1659 2630 1815 2692 Laterani
1838 2629 1936 2692 tertio

1140 2727 1214 2788 idus
1232 2728 1351 2806 aprilis
1370 2725 1582 2806 pontificatus
1597 2727 1703 2790 nostri
1721 2743 1809 2789 anno
1824 2727 1933 2790 tertio.

1405 2925 1671 3013 CLXXXVHI

1228 3073 1279 3130 Ad
1293 3069 1449 3130 abbatem
1464 3067 1851 3130 Proemoustroteoscm.

1435 3179 1656 3253 numana

1178 3295 1275 3360 [Hand
1286 3295 1392 3360 iletrop.
1405 3295 1495 3348 salisb.
1509 3293 1553 3352 ΙΙΙ,
1567 3293 1622 3438 3811.
1639 3293 1802 3344 llonumcnta
1813 3293 1913 3370 noim·

1476 3376 1518 3432 Vl,
1532 3375 1586 3424 blo.

1298 3473 1469 3533 immunitas
1484 3473 1775 3532 Proemonstratensis.

1180 3591 1358 3662 Honorius,
1382 3593 1456 3662 etc,
1483 3591 1603 3655 dilecto
1624 3589 1693 3654 tilio
1715 3590 1827 3654 abbati
1841 3593 1936 3653 Pra-

1141 3689 1376 3750 monstralen'si
1398 3688 1537 3752 salutem
1554 3692 1587 3752 et
1601 3689 1820 3765 apostolicam
1833 3687 1937 3750 bene-

1141 3786 1329 3848 dictionem.
1345 3786 1543 3848 carissimus
1556 3787 1591 3847 in
1604 3787 1735 3849 Christo
1749 3785 1839 3846 lilius
1853 3800 1936 3850 nus-

1140 3886 1192 3947 ter
1211 3886 1246 3946 F.
1271 3883 1395 3944 Siciliae
1415 3899 1477 3944 rex
1496 3883 1637 3947 illustris
1653 3885 1689 3944 in
1711 3886 1938 3945 Romanorum

1142 3980 1515 4058 imperatoremelectus
1533 3981 1629 4042 nobis
1646 3981 1819 4042 insinuare
1838 3994 1938 4040 cura-

1141 4079 1200 4148 vit,
1217 4077 1302 4156 quod
1327 4095 1401 4140 oum
1421 4079 1520 4140 clarae
1541 4078 1710 4139 memoriae
1734 4077 1803 4138 dux
1829 4075 1938 4138 Welio

1142 4177 1366 4252 praedecessor
1379 4176 1484 4252 ipsius
1503 4175 1678 4236 ecclesiam
1694 4174 1784 4236 beati
1799 4174 1939 4244 Joanpis

1142 4272 1361 4351 eapnstaede
1380 4271 1940 4348 staingaden,1³raemonstratensis

1013 4436 1016 4444 ,
1143 4371 1281 4439 ordinis,
1296 4371 1350 4448 pia
1364 4371 1538 4433 devotione
1553 4369 1779 4432 construxerit
1792 4370 1825 4430 et
1838 4367 1938 4431 dota·-

1048 4463 1051 4472 “
1143 4470 1196 4540 rit,
1221 4470 1314 4530 illam
1332 4469 1528 4546 quibusdam
1549 4466 1757 4529 libertatibus
1772 4465 1804 4526 et
1818 4465 1940 4526 immu-

1052 4571 1053 4574 ’
1143 4567 1301 4627 nitatibus
1317 4565 1514 4639 muniendo;
1532 4566 1578 4636 tu,
1591 4563 1669 4623 licet
1679 4560 1939 4638 praedecessores

1072 4677 1075 4682 ·
1142 4664 1190 4723 tui
1206 4678 1279 4723 eam
1294 4663 1329 4722 in
1343 4677 1403 4721 sua
1419 4661 1571 4721 libertate
1587 4659 1747 4720 hactenus
1760 4671 1940 4720 conscrva-

1143 4761 1272 4830 verunt,
1295 4758 1454 4819 statutum
1474 4756 1622 4834 ejusdem
1645 4753 1767 4815 nobilis
1785 4769 1886 4831 super
1901 4753 1942 4816 ll·

1142 4855 1324 4918 bertatibus
1345 4857 1377 4916 et
1398 4852 1663 4920 immunitatibus
1683 4853 1789 4928 ipsius
1810 4850 1940 4928 coepisti

1143 4969 1202 5034 pro
1222 4957 1287 5016 tuae
1303 4953 1485 5016 voluntatis
1500 4951 1640 5018 arbitrio
1655 4949 1792 5012 violare.
1812 4949 1939 5010 Volen-

1143 5057 1192 5116 tes
1206 5053 1317 5127 igitur,
1333 5051 1368 5112 ut
1385 5049 1472 5128 quod
1487 5065 1588 5127 super
1602 5049 1668 5113 hoo
1679 5048 1733 5126 pie
1749 5063 1788 5109 ac
1803 5047 1940 5124 provide

1143 5151 1265 5213 lactum
1289 5150 1350 5220 est,
1374 5165 1393 5209 a
1413 5149 1498 5208 duce
1511 5147 1671 5225 praedicto
1690 5146 1834 5207 debitam
1853 5144 1941 5206 obti-

1144 5251 1221 5310 neat
1249 5241 1455 5317 ilrmitatein,
1486 5245 1722 5307 discretionem
1749 5245 1840 5303 tuam
1867 5257 1942 5302 mo-

1143 5345 1284 5407 nendam
1297 5345 1452 5406 duximus
1465 5344 1497 5406 et
1511 5341 1721 5408 hortandam,
1737 5355 1797 5416 per
1806 5339 1942 5416 Aposto-

1143 5443 1207 5504 lica
1221 5443 1344 5520 scripta
1360 5441 1570 5511 mandantes,
1587 5439 1751 5517 quatenus
1764 5437 1942 5499 ecclesiam

1143 5543 1249 5620 ipsam
1261 5542 1295 5602 in
1306 5557 1345 5602 ea
1359 5541 1512 5602 libertate
1525 5551 1715 5608 conserves,
1728 5536 1763 5596 in
1777 5551 1841 5612 qua
1854 5549 1943 5612 prao7

1144 5639 1335 5701 decessores
1353 5639 1398 5698 tui
1416 5637 1565 5698 eamdem
1581 5634 1763 5695 noscuntur
1780 5632 1942 5710 usquead
