4280 6404
328 321 383 380 tit
942 321 1118 384 nononis
1141 322 1187 382 111
1208 323 1357 384 orent.
1910 329 1973 388 172·

327 478 371 540 tri
396 481 601 556 apostolatus
627 481 786 558 pervenit,
810 482 896 559 quod
912 497 987 544 cnm
1012 481 1120 544 felicis
1175 484 1263 544 mota
1277 483 1594 560 compellasbatnm
1608 485 1968 548 Lateranivlkalend·

327 577 496 640 memoriae
508 578 705 644 Benedictus
718 580 1038 656 papapraedecessor
1047 595 1121 642 nos·
1175 580 1302 658 aprilis,
1315 581 1525 658 pontificatus
1535 582 1641 644 nostri
1659 599 1747 646 anno
1761 583 1872 647 tertio

205 665 208 676 '
326 675 377 734 ier
392 673 528 736 tundum
543 676 767 748 carinianum,
785 677 820 738 in
833 693 897 753 quo
910 679 961 740 est
974 681 1120 740 castrum

326 771 448 832 Montis
460 772 686 843 sancti-reci,
700 773 741 834 ad
757 773 943 838 habendum
958 776 992 838 et
1002 776 1121 840 tenen·-
1506 733 1643 825 CLXII

209 867 212 872 ⁴
326 868 403 934 dum
416 869 450 930 in
463 869 629 944 integrum
644 870 968 946 parentibusvesiris
982 888 1122 934 conces·
1233 859 1287 919 1111
1299 859 1512 930 Pandmncm
1533 858 1679 924 8166111111
1697 861 1908 930 micetio

326 965 418 1036 serit,
435 968 468 1028 ct
481 967 548 1030 tem
563 965 618 1029 tel.
636 967 877 1030 recordationis
890 969 1073 1031 celestinus
1087 968 1121 1031 et
1321 955 1527 1027 1111011011οΨ
1537 957 1635 1018 Sedit
1655 957 1816 1032 nemum.

326 1064 538 1124 Innocentius
558 1065 699 1127 Romani
723 1065 905 1142 pontifices,
930 1067 1119 1144 praedeces·
1457 1069 1491 1130 ιι
1505 1075 1589 1128 mart.
1607 1069 1685 1127 lili.

326 1175 419 1222 sores
434 1160 550 1234 nostri,
568 1177 666 1238 quam
681 1177 741 1223 nos
756 1162 819 1238 ipsi
834 1162 866 1224 id
882 1163 975 1225 robis
990 1162 1121 1224 duxeri-
1207 1174 1325 1238 meges,
1337 1174 1652 1240 [intumescentis.
1666 1175 1830 1226 creonam
1843 1175 1936 1240 rusti]

323 1273 396 1320 mus
412 1259 686 1330 confirmandum,
709 1260 843 1336 quidam
856 1261 898 1322 de
912 1259 1119 1322 consortibus
1175 1273 1292 1329 Petente
1302 1287 1371 1345 rege
1388 1273 1509 1330 ilenrico
1523 1273 1652 1346 indulget
1667 1271 1793 1346 pontifex
1805 1272 1891 1346 utqui
1901 1273 1972 1330 dent

323 1355 442 1418 vestris
463 1357 659 1432 portionem,
679 1372 778 1434 quam
802 1357 967 1420 hebebant
986 1358 1022 1418 in
1047 1357 1120 1434 ipso
1209 1375 1261 1433 pro
1275 1354 1401 1418 subsidio
1423 1362 1516 1418 terre
1534 1362 1645 1420 Sancte
1657 1361 1736 1434 Juxta
1751 1361 1900 1420 facultates
1917 1377 1968 1419 co-

325 1453 435 1514 oastrc
449 1455 482 1516 et
495 1453 609 1526 tundo,
624 1455 695 1522 alii,
711 1454 797 1516 sicut
815 1454 946 1528 dicitur,
962 1455 1119 1531 tanquam
1209 1463 1271 1506 11111
1291 1447 1631 1519 1111111111111101010·

326 1564 396 1610 rem
425 1551 593 1626 propriam
621 1551 851 1623 vendiderunt,
877 1551 995 1628 quibus
1015 1551 1119 1612 etiam
1213 1556 1391 1629 Honorius,
1407 1557 1483 1628 etc,
1500 1555 1620 1620 dilecto
1641 1557 1709 1619 illio
1725 1561 1761 1619 P.
1777 1559 1968 1620 Norwicen.

323 1646 394 1718 alii,
408 1647 464 1723 qni
479 1663 545 1708 non
560 1650 638 1710 sunt
649 1649 690 1708 de
703 1650 955 1723 generevestm,
968 1647 1119 1725 quedam
1173 1652 1290 1720 eleeto,
1305 1653 1501 1725 camerario,
1515 1655 1712 1731 spostolicae
1732 1655 1825 1716 Sedis
1845 1655 1968 1732 legato.

323 1744 505 1806 tenimenta
517 1744 610 1806 fundi
626 1745 729 1822 ipsius
747 1745 841 1806 robis
856 1745 1118 1807 contradicenti·
1213 1750 1437 1811 charissimus
1446 1751 1482 1811 in
1493 1751 1624 1813 Christo
1638 1751 1728 1812 illius
1743 1754 1856 1814 noster
1878 1755 1970 1814 Hen-

323 1840 385 1903 bns
397 1843 601 1913 invaserunt,
620 1843 653 1904 et
671 1859 731 1919 per
744 1842 936 1904 violentiam
957 1841 1116 1914 detinent,
1173 1847 1263 1908 ricus
1278 1863 1340 1908 rex
1354 1846 1688 1923 Anglorumillustrls
1702 1848 1796 1914 nobis
1812 1849 1890 1910 iecit
1904 1849 1970 1910 bu-

323 1955 363 2000 ac
377 1939 515 2000 reddere
531 1939 771 2002 contradicunt.
790 1941 859 2000 Nos
885 1939 988 2014 igitur
998 1939 1118 2001 vestris
1173 1944 1296 2005 militer
1307 1943 1498 2020 supplicari,
1513 1946 1549 2011 ut
1561 1944 1840 2021 cumquibuedam
1853 1961 1968 2006 eorum

318 2036 419 2111 justis
433 2035 710 2111 postulationibus
723 2035 874 2096 inclinati
892 2035 933 2096 ad
948 2034 1119 2111 exemplar
1173 2040 1281 2101 dando
1300 2040 1341 2102 de
1361 2039 1457 2103 bonis
1483 2041 1553 2102 suis
1574 2041 1670 2118 juxta
1695 2040 1868 2104 tacidtates
1890 2059 1971 2120 pro-

323 2131 587 2208 supradictorum
617 2131 897 2208 predecessorum
928 2133 1117 2194 nostrorum
1172 2137 1263 2213 prins
1280 2152 1341 2214 pro
1355 2137 1501 2200 subsidio
1527 2140 1638 2200 Terre
1661 2141 1791 2201 Sancte
1813 2139 1970 2202 affectant

323 2228 480 2290 celestini
505 2229 538 2290 et
575 2229 759 2290 innocentii
794 2229 993 2290 auctoritate
1024 2228 1118 2289 vobis
1172 2235 1346 2306 redimere,
1359 2233 1551 2312 dispensare
1568 2235 1827 2298 misericorditer
1848 2236 1970 2313 digna·-

322 2324 536 2402 praesentium
560 2325 781 2401 indulgemus,
797 2326 832 2387 ut
850 2326 950 2387 liceat
970 2325 1064 2387 vobis
1082 2326 1118 2386 in
1171 2346 1295 2392 remur.
1323 2333 1392 2394 Nos
1412 2332 1514 2406 igitur
1535 2335 1607 2407 eius
1626 2332 1780 2409 precibus
1801 2333 1966 2406 inclinati,

324 2422 501 2498 praesentia
549 2422 750 2484 venerabilis
790 2423 904 2484 fratris
948 2423 1054 2483 nostri
1057 2465 1116 2484 .....
1172 2426 1364 2490 discretioni
1387 2429 1464 2497 tuae,
1490 2429 1531 2492 de
1550 2445 1616 2506 qua
1631 2429 1762 2506 plenam
1777 2431 1813 2491 in
1828 2432 1968 2492 Domino

322 2519 501 2580 Auximani
512 2520 671 2596 episcopi,
684 2520 738 2581 vel
754 2520 925 2597 potestatis
939 2519 993 2582 vel
1003 2536 1119 2581 consu·
1173 2523 1328 2586 fiduciam
1343 2524 1538 2598 obtinemus,
1560 2541 1619 2602 per
1632 2527 1823 2604 Apostolioa
1843 2527 1968 2606 scripte

323 2617 403 2688 lum,
420 2617 477 2693 qui
489 2631 549 2692 pro
570 2619 717 2694 tempore
731 2618 766 2679 in
781 2617 968 2679 Auximana
984 2617 1117 2680 civitate
1173 2621 1377 2694 mandamus,
1390 2623 1553 2700 quatenus
1568 2639 1784 2700 personarum
1799 2640 1965 2686 aerenum

323 2713 455 2786 luerint,
479 2716 595 2776 contra
614 2730 672 2776 eos
699 2729 809 2790 agere,
834 2717 866 2776 et
889 2714 1118 2791 possessiones
1173 2718 1431 2781 circumstantiis
1454 2721 1590 2796 provide
1610 2720 1869 2798 circumspectis,
1884 2738 1967 2798 agas

323 2811 509 2888 praedictas,
518 2812 611 2874 salvo
620 2814 697 2888 jure
707 2814 740 2872 et
750 2827 861 2872 annuo
876 2827 978 2872 censu
990 2813 1115 2884 nostro,
1172 2831 1273 2892 snper
1291 2816 1354 2877 hoc
1368 2832 1442 2878 cum
1456 2817 1510 2889 iis,
1523 2819 1620 2894 prout
1631 2818 1817 2878 animarum
1831 2834 1968 2880 suarum

324 2911 420 2984 prout
438 2911 566 2985 justum
581 2909 693 2980 luerit,
718 2907 759 2970 ad
781 2913 909 2970 vestras
929 2923 1046 2972 manns
1071 2908 1117 2968 li·
1173 2914 1284 2985 saluti,
1298 2914 1331 2975 et
1345 2913 1490 2991 ejusdem
1505 2915 1604 2978 temae
1612 2914 1748 2977 utilitati
1764 2916 1899 2977 noveris
1911 2931 1971 2977 ex·

321 3004 400 3066 bere
415 3020 584 3066 revocare.
600 3006 692 3066 Nulli
705 3021 795 3081 erge,
810 3007 886 3076 etc,
901 3007 1023 3068 nostrae
1036 3021 1119 3066 con·
1172 3011 1296 3087 pedire.
1313 3013 1431 3073 Datum
1441 3013 1596 3073 Laterani
1607 3015 1650 3073 Vl
1666 3011 1827 3074 kalendas
1837 3012 1967 3090 aprilis,

321 3099 483 3162 cessionis
497 3099 690 3177 intringere.
703 3101 737 3162 Si
752 3101 827 3178 quis
839 3101 961 3172 autem,
976 3103 1117 3162 etcba-
1172 3107 1385 3186 pontificatus
1400 3109 1504 3174 nostri
1514 3125 1603 3170 anno
1618 3109 1726 3172 tertio.

321 3201 390 3258 tum
405 3198 561 3260 Laterani
585 3200 643 3259 Vll
667 3198 734 3258 kal.
761 3198 890 3275 aprilis,
907 3198 1119 3274 pontificatus

322 3294 427 3360 nostri
441 3309 530 3358 anno
549 3295 658 3359 tertio.
1487 3259 1648 3352 CLXIII

1211 3385 1263 3448 Ad
1281 3383 1423 3446 electum
1447 3385 1717 3455 Norwteeosem,
1729 3383 1931 3456 Apmtottsm

660 3435 776 3530 CLXI
1428 3482 1700 3557 scenopeiam.

334 3573 387 3638 aetd
398 3571 648 3643 bertrannum,
661 3574 883 3645 cardinalem,
898 3572 1099 3646 apstolum
1457 3594 1491 3652 27
1506 3599 1589 3652 nnn,
1608 3593 1687 3652 itit.

581 3671 679 3732 8611111
702 3669 863 3744 leimam·
1291 3697 1421 3761 [Theinem
1436 3699 1602 3750 nocumenta
1622 3697 1756 3757 lliberniae,
1772 3697 1858 3764 im]

608 3782 738 3840 17111111·
753 3783 832 3840 1119·
1171 3795 1268 3852 Ειοοιο
1295 3796 1485 3866 Norwieensi,
1508 3797 1680 3869 Apostolicse
1703 3796 1786 3856 Sedis
1808 3797 1915 3871 legato,
1937 3805 1969 3856 ut

341 3886 462 3953 μοιμοι,
478 3886 522 3938 ιιι.
534 3887 578 3946 ιιι,
593 3887 665 3952 epist.
678 3887 732 3938 tet.
746 3889 803 3939 ιιοι.
818 3885 1094 3949 baroniscurtem]
1204 3884 1386 3957 institistium
1399 3885 1543 3943 ilibernie
1553 3885 1588 3942 ad
1598 3885 1772 3944 reddendam
1786 3887 1968 3960 regidnglies

321 3985 437 4046 Mandat
459 3993 490 4042 ut
511 3993 626 4043 moneat
653 3987 809 4058 principem
831 3985 972 4044 Luwelin.
996 3984 1031 4042 ad
1055 3999 1116 4042 ser·
1207 3973 1613 4036 1111111101111111111110111111
1627 3975 1789 4048 comilenti·

421 4074 546 4132 1111111111
559 4074 715 4148 dignitates
729 4075 826 4132 111111
843 4075 905 4146 jura
922 4073 1009 4147 11811·
1213 4081 1380 4141 Honorius
1395 4081 1695 4158 episcopusdilecto
1709 4081 1778 4143 illio
1791 4080 1967 4154 pandulfo,

360 4185 538 4256 Honorius,
555 4187 631 4255 etc,
647 4185 833 4245 Bertranno
847 4182 1047 4260 Apostolicae
1063 4185 1118 4244 Se
1172 4177 1382 4239 Norwicensi
1394 4176 1510 4246 electo,
1520 4179 1706 4239 camerario
1720 4179 1844 4251 nostro,
1858 4181 1969 4254 Apes·-

322 4281 373 4342 dis
388 4282 508 4356 legato,
524 4283 586 4342 etc.
1172 4275 1280 4338 tolioae
1293 4274 1387 4336 Sedis
1397 4273 1518 4350 legato,
1531 4275 1684 4337 salutem.

360 4380 441 4437 cnm
458 4377 543 4438 sicut
564 4392 606 4437 ex
621 4378 714 4453 perte
736 4377 901 4443 carissimi
927 4376 962 4438 in
987 4375 1118 4438 Christo
1212 4371 1328 4434 Mirari
1345 4373 1495 4448 cogimur
1509 4373 1542 4434 et
1554 4373 1692 4445 moveri,
1710 4371 1796 4450 quod
1817 4371 1902 4434 siout
1921 4389 1967 4434 ex

321 4473 382 4534 dlii
407 4474 541 4535 Henrici
567 4474 656 4548 regis
684 4474 864 4548 Anglorum
889 4473 1030 4534 illustris
1057 4473 1120 4535 init
1165 4471 1266 4546 parte
1276 4469 1440 4532 carissimi
1453 4470 1488 4531 in
1504 4471 1634 4532 Christo
1659 4471 1718 4531 dlii
1735 4469 1840 4531 nostri
1855 4473 1895 4531 ll.
1909 4486 1967 4532 re-

321 4571 506 4648 expositum
519 4585 630 4632 coram
654 4569 760 4638 nobis,
778 4568 899 4630 nobilis
921 4569 974 4630 vir
994 4571 1117 4630 Luwe-
1172 4567 1224 4641 gis
1238 4567 1420 4642 anglorum
1439 4566 1580 4630 illustris
1594 4567 1689 4632 nobis
1704 4567 1817 4629 extitit
1831 4567 1970 4630 intima-

320 4669 422 4730 linius
462 4668 616 4746 princeps
642 4666 776 4728 Walliae
802 4668 930 4737 castra,
956 4664 1115 4738 redditus,
1172 4663 1253 4734 tum,
1270 4679 1344 4723 cum
1365 4664 1470 4726 nobili
1490 4665 1562 4725 viro
1584 4665 1768 4741 justitiario
1798 4664 1969 4727 Hiberniae

321 4765 509 4840 dignitates,
522 4765 556 4826 et
569 4765 636 4824 alia
645 4766 723 4839 jura
739 4763 843 4838 regia,
854 4763 1045 4839 juramento
1060 4763 1117 4823 in-
1173 4759 1251 4820 olim
1268 4761 1390 4822 nostris
1404 4761 1591 4822 dederimus
1604 4761 1724 4823 litteris
1740 4762 1774 4822 in
1787 4762 1965 4834 mandatis

320 4863 686 4938 terpositoconservare
700 4860 843 4921 fideliter
850 4859 1119 4937 teneatur,prout
1173 4857 1479 4934 utadproesentiam
1491 4858 1918 4934 regisejusdemacccdens,
1935 4863 1969 4922 et

321 4960 356 5019 in
371 4958 493 5034 scripto
504 4958 697 5020 authentico
707 4957 827 5024 exinde
837 4956 1119 5024 conlectodicitur
1172 4954 1214 5016 de
1227 4955 1409 5017 redditibus
1424 4955 1551 5026 statiis,
1562 4971 1635 5032 quae
1651 4957 1796 5018 debonis
1810 4960 1881 5034 ejus
1894 4973 1968 5034 per·

226 5060 231 5080 ¹
321 5056 451 5134 plenius
476 5054 651 5126 contineri,
678 5071 738 5117 nos
761 5069 895 5115 eausam
919 5055 1008 5132 regis
1028 5057 1119 5132 ejus-
1172 5054 1316 5130 ceperat,
1345 5051 1496 5114 redderet
1514 5052 1691 5126 rationem,
1714 5053 1802 5116 idem
1823 5055 1964 5117 consilio

321 5153 394 5215 dem
407 5155 566 5230 unquam
588 5155 737 5213 nostram
758 5152 960 5228 reputantes,
986 5151 1117 5214 discre-
1171 5149 1360 5212 inconsulto
1386 5149 1552 5223 seductus,
1576 5167 1643 5219 non
1670 5151 1778 5220 solnm
1808 5153 1968 5214 accedere

320 5251 401 5319 ttoni
418 5252 483 5312 tuae
500 5265 558 5326 per
573 5249 763 5326 spostoltca
779 5249 902 5326 scripta
920 5248 1117 5310 mandamus
1172 5247 1333 5310 hactenus
1348 5247 1545 5324 contempsit
1558 5249 1599 5310 ad
1621 5261 1708 5322 eum,
1725 5265 1842 5312 serum
1866 5249 1968 5312 etiam

322 5351 485 5427 quatenns
500 5347 717 5408 memoratum
740 5346 894 5418 nobilem,
910 5347 946 5408 nt
959 5346 1117 5422 praedicta
1172 5343 1345 5421 praesumit
1354 5341 1461 5404 sidem
1470 5344 1697 5422 multipliciter
1706 5345 1966 5418 adversarinon

321 5447 431 5509 omnia
458 5459 656 5506 conservare
677 5446 832 5521 procuret
846 5459 982 5507 moneas
1003 5443 1116 5504 atten-
1172 5441 1356 5512 attendens,
1374 5441 1461 5517 quod
1476 5447 1598 5518 preter
1613 5441 1821 5504 infidelitatis
1842 5443 1965 5514 notam,

319 5545 397 5616 tius,
415 5545 448 5605 et
462 5543 611 5613 inducas,
627 5545 661 5603 et
682 5543 711 5602 si
733 5542 890 5618 expedire
902 5540 1038 5611 videris,
1059 5555 1118 5617 per
1172 5555 1269 5615 quem
1285 5539 1406 5600 exinde
1420 5537 1659 5600 inviolabiliter
1671 5540 1847 5611 contrahit,
1865 5555 1968 5618 grave

322 5655 496 5706 censuram
527 5639 788 5704 ecclesiasticam
814 5637 1038 5718 appellatione
1063 5653 1119 5700 re-
1173 5636 1237 5696 sibi
1243 5637 1349 5720 potest
1355 5635 1538 5716 pericnlum
1548 5635 1732 5710 imminere,
1741 5637 1968 5710 maximecum
