4250 6404
324 282 381 342 119
938 277 1113 349 llonolul
1135 277 1178 338 111
1202 277 1350 338 OPERA.
1537 289 1541 298 “
1916 277 1973 335 120

320 455 397 502 cere
410 453 575 530 expensas
590 455 650 516 pro
663 439 761 502 tertia
777 437 884 515 parte,
893 438 926 498 et
940 437 1119 515 hocusque

1213 435 1356 498 Thomas
1388 435 1572 498 monachus
1608 435 1721 496 Sancti
1754 435 1899 499 annuntii
1932 435 1973 496 de

321 538 363 600 ad
401 537 513 602 decem
542 553 658 609 annos,
689 537 766 614 quia
789 535 859 596 haec
886 535 997 596 omnia
1019 549 1119 611 supra
1172 534 1281 596 Buxia
1296 533 1592 610 proposuitcoram
1610 531 1718 604 nobis,
1736 533 1823 609 quod
1847 549 1922 593 cum
1938 533 1973 592 in

324 636 447 712 scripta
469 636 546 696 sunt
571 635 612 695 ob
627 633 848 696 reverentiam
870 633 993 693 sanctae
1007 632 1120 693 Eccle-

323 733 393 804 siae,
406 733 438 794 et
445 734 599 803 vestram,
609 733 861 808 vestrorumque
874 745 1118 800 successorum,

325 832 439 892 nostra
454 846 473 891 a
486 846 589 901 mera,
605 829 702 900 bona,
719 828 864 905 propria,
886 843 925 888 ac
938 829 1119 905 spontanea

322 925 1121 1005 voluntatenobisplacuitdare,tradereetoons·

322 1026 454 1097 tituere,
472 1041 511 1086 ao
522 1024 722 1086 ordinare.»

364 1125 535 1199 «Insuper
550 1122 782 1199 promittimus,
799 1120 832 1183 et
846 1119 1030 1198 obligamus
1046 1137 1119 1191 nos,

324 1221 520 1296 nostrosque
541 1234 752 1280 successores
777 1219 812 1278 in
826 1218 889 1280 hoo
907 1219 1018 1280 cilicio
1032 1219 1121 1279 exti-

323 1319 426 1389 turos,
444 1319 477 1380 et
490 1317 648 1394 populum
668 1317 948 1378 interamnensem
972 1316 1065 1378 uobis
1081 1318 1118 1376 D.

325 1417 493 1492 Raynerio
521 1415 676 1492 episcopo
703 1415 912 1486 Interamnae,
943 1415 975 1475 et
1000 1413 1120 1476 vestris

324 1510 591 1582 successoribus,
623 1510 787 1586 praesente
820 1510 978 1584 magistro
1007 1507 1119 1570 Gratia

324 1607 498 1684 capellano
525 1610 563 1668 Ι).
580 1610 679 1684 Papae
704 1607 904 1682 supradicto
924 1605 1061 1667 verbum
1085 1607 1120 1666 in

323 1705 482 1766 concione
498 1721 598 1782 super
613 1703 792 1780 praedictis,
809 1705 842 1764 et
864 1704 939 1764 aliis
959 1703 1000 1764 ad
1016 1720 1122 1780 popu-

323 1802 391 1862 lum
404 1803 616 1880 proponente,
631 1804 664 1863 et
679 1801 882 1863 unanimiter
896 1801 1016 1878 populo
1037 1817 1120 1862 oon-

323 1900 487 1962 sentiente
506 1899 591 1961 banc
607 1900 769 1972 chartam,
785 1901 819 1960 et
832 1899 1000 1960 dationem
1015 1898 1119 1970 datis,

323 1999 469 2059 omnium
479 1997 712 2074 praedictarum
726 2012 849 2068 rerum,
861 1997 1119 2074 possessionum,

323 2094 522 2167 reddituum,
538 2110 576 2155 ac
590 2084 788 2156 statutorum
809 2110 939 2172 semper
954 2095 988 2155 in
1004 2110 1123 2171 perpe-

320 2196 414 2254 tuum
430 2194 558 2254 firmam
572 2194 697 2266 tenere,
727 2195 760 2254 et
786 2192 902 2253 contra
917 2193 1008 2253 nullo
1025 2192 1122 2253 modo

323 2291 450 2352 venire.
468 2291 559 2362 Quod
576 2291 708 2369 quidem
719 2291 748 2352 si
763 2292 850 2352 hanc
865 2289 1025 2362 chartam,
1041 2291 1074 2352 et
1083 2306 1122 2351 ea

325 2404 398 2464 qnae
423 2389 611 2464 supradicta
636 2389 713 2451 sunt
736 2403 889 2465 rumpere
917 2388 970 2449 vel
987 2387 1122 2459 falsare,

325 2487 384 2547 ant
395 2486 430 2546 in
445 2486 557 2562 aliquo
573 2486 748 2548 immutare
771 2485 988 2557 voluerimus,
1015 2488 1072 2547 aut
1094 2487 1122 2546 si

323 2583 396 2644 haec
413 2583 577 2660 praedicta
604 2585 638 2644 in
667 2585 771 2656 curia,
791 2583 844 2645 vel
873 2585 969 2644 extra
995 2585 1123 2645 curiam

325 2681 496 2757 litigando,
512 2683 569 2744 ant
580 2681 665 2742 alias
680 2681 886 2743 molestando
907 2681 1023 2743 venire
1049 2683 1123 2743 ten-

325 2779 518 2850 taverimns,
535 2779 588 2840 vel
604 2779 632 2839 si
646 2795 700 2840 res
714 2779 889 2855 praedictas
904 2779 1124 2856 quandocum-

326 2893 389 2954 que
415 2877 448 2938 et
462 2875 659 2953 ubicumque
679 2892 815 2938 necesse
839 2875 939 2938 luerit
966 2876 1007 2937 ab
1033 2878 1122 2938 omni

324 2973 471 3045 bomine,
484 2976 571 3050 jure,
588 2975 621 3035 et
635 2973 734 3034 etiam
753 2989 811 3050 per
827 2975 893 3034 vim
917 2989 983 3035 non
1004 2974 1123 3036 delen-

324 3071 489 3144 deremus,
505 3071 583 3149 quia
602 3071 820 3142 noluerimus,
849 3073 986 3132 autnon
1002 3073 1121 3148 potue-

323 3168 439 3240 rimus,
458 3184 693 3246 componemus
713 3169 803 3245 ipsas
817 3185 884 3241 ree,
901 3185 974 3245 quae
990 3171 1124 3231 evince-

325 3267 441 3328 rentnr
469 3265 506 3328 in
526 3266 660 3344 duplum
688 3267 822 3328 nomine
850 3282 953 3339 canae,
978 3269 1011 3328 et
1026 3283 1123 3344 poena

325 3363 445 3437 soluta,
473 3363 544 3425 baec
568 3365 700 3437 charta,
735 3367 768 3426 et
793 3365 904 3426 omnia
934 3363 1122 3442 supradicta

325 3461 545 3523 nihilominus
571 3461 665 3522 iirma
690 3477 830 3539 semper,
855 3463 887 3524 et
905 3462 1033 3524 illibata
1045 3480 1125 3540 per-

326 3562 492 3621 maneant.
507 3561 575 3622 Nos
591 3562 709 3621 Petrus
720 3559 898 3636 capitanus
913 3562 1069 3637 poteslas,
1091 3561 1125 3623 et

250 3703 254 3711 .
324 3657 468 3718 Jacobus
487 3659 691 3719 camerarius
711 3658 860 3734 praedicti
875 3674 949 3719 cum
971 3659 1121 3733 oonsilio,

325 3756 359 3817 et
382 3756 579 3819 auctoritate
605 3756 873 3818 consiliariorum
889 3758 1122 3818 Interamnen-

325 3852 423 3925 sium,
438 3853 524 3914 sicut
536 3869 636 3932 supra
652 3853 783 3931 legitur,
801 3853 901 3915 scribi
919 3855 1121 3930 rogavimus.

326 3951 394 4026 Ego
419 3951 565 4012 ,ioannes
589 3951 754 4029 imperiali
778 3952 872 4013 curia
896 3952 1057 4025 notarius
1084 3953 1124 4014 de

325 4048 494 4121 mandato,
505 4051 539 4111 et
551 4041 961 4126 precibus,etauctoritate
977 4035 1123 4112 omnium

324 4146 590 4222 supradictorum
606 4147 693 4209 hanc
708 4148 868 4221 chartam,
887 4153 921 4210 et
939 4149 1051 4210 omnia
1066 4163 1125 4210 su-

326 4244 475 4320 pradicta
492 4246 623 4322 scripsi,
635 4249 668 4309 et
683 4245 717 4307 in
734 4245 901 4324 publicam
914 4244 1054 4308 sormam
1069 4263 1125 4308 re-

326 4341 442 4416 degi.»

244 4435 247 4442 '
366 4437 458 4499 Nulli
471 4454 550 4514 ergo
565 4440 699 4500 omnino
714 4440 895 4512 hominum,
913 4443 974 4502 etc.

366 4537 485 4598 Datum
510 4536 664 4597 Laterani
694 4537 839 4596 secundo
867 4537 942 4598 idus
964 4538 1123 4599 februarii

326 4632 536 4709 pontificatus
552 4634 657 4694 nostri
672 4649 760 4694 anno
775 4633 885 4695 tertio.

676 4827 775 4915 CXX

465 4973 729 5045 coepiscopum
751 4973 982 5047 Erapoltamcn.

624 5093 657 5150 li
675 5090 730 5151 seb.
748 5094 826 5151 lala.

359 5207 477 5271 [Regest.,
489 5206 534 5256 lib.
545 5207 589 5266 111,
597 5207 671 5272 epist.
684 5207 739 5258 205.
753 5209 809 5258 llss.
820 5209 855 5258 La
864 5209 940 5260 Porto
951 5209 984 5259 du
997 5208 1091 5270 Thali]

310 5355 314 5365 »
326 5317 362 5374 Ut
372 5315 400 5372 in
410 5313 604 5388 presbyterum
612 5313 762 5386 Thomam,
771 5315 977 5375 monachums.
985 5315 1123 5396 amantii,

622 5413 819 5477 promoveant.

365 5513 544 5584 Honorius,
569 5513 644 5585 etc,
673 5513 855 5576 venerabili
880 5515 1011 5578 fratri...
1034 5515 1125 5594 epis-

263 5659 269 5668 ,
325 5611 643 5690 cnpoEngolismen.

1175 631 1272 692 annis
1287 632 1376 692 esset
1392 629 1575 707 puerilibus
1595 630 1807 701 constitutus,
1821 631 1973 708 quaedam

1173 728 1273 790 barra
1299 727 1409 790 ferrea
1436 743 1537 804 super
1565 727 1709 789 dexterae
1725 743 1793 789 suae
1818 728 1972 805 pollicem

1174 825 1308 888 fortuito
1337 841 1418 887 casu
1442 825 1577 895 cadens,
1604 826 1763 901 ungulam
1778 826 1900 887 evolsit
1928 826 1970 887 ab

1174 939 1224 984 ea.
1242 925 1321 983 Cum
1341 925 1452 986 antem
1476 923 1653 995 desideret,
1676 924 1762 984 sicut
1782 923 1913 994 asserit,
1936 923 1973 983 in

1174 1019 1373 1082 sacerdotali
1397 1020 1508 1083 officio
1528 1019 1667 1080 Domino
1692 1020 1859 1092 famulari,
1877 1019 1973 1081 nobis

1174 1117 1560 1195 humilitersupplioavit,
1575 1119 1724 1194 uiperte.
1738 1118 1794 1194 qui
1808 1121 1880 1195 ejus
1894 1117 1975 1179 dioe·

1174 1231 1316 1278 cosanus
1323 1216 1451 1286 existis,
1464 1215 1654 1292 promoveri
1666 1231 1741 1276 eum
1754 1216 1789 1274 in
1800 1215 1974 1292 presbyte-

1174 1329 1247 1373 rum
1261 1313 1504 1374 mandaremus.
1520 1313 1681 1384 Quocirca
1693 1312 1896 1374 fraternitati
1906 1315 1972 1376 tnae

1175 1426 1234 1486 per
1243 1410 1433 1486 Apostolica
1445 1409 1568 1486 scripta
1579 1409 1785 1482 mandamus,
1796 1412 1974 1486 quatenus,

1175 1508 1203 1568 si
1216 1507 1482 1583 adfrangendnm
1496 1507 1739 1568 Eucharistiam
1750 1507 1795 1568 sit
1809 1506 1971 1584 inpollice

1175 1606 1381 1683 ipsopotens‚
1390 1605 1422 1668 et
1434 1605 1522 1666 alind
1531 1605 1729 1666 canonicum
1740 1621 1805 1665 non
1818 1605 1969 1678 obsistat,

1176 1705 1309 1779 propter
1337 1702 1578 1764 deformitatem
1606 1701 1797 1780 hujusmodi
1825 1719 1892 1764 non
1915 1703 1972 1764 di-

1175 1801 1286 1862 mittas
1310 1800 1390 1878 quin
1419 1815 1494 1862 oum
1523 1798 1563 1860 ad
1593 1799 1742 1861 ordinem
1777 1815 1976 1876 promoveas

1176 1898 1369 1961 sacerdotis.
1400 1899 1519 1959 Datum
1544 1898 1701 1960 Laterani
1727 1898 1874 1960 secundo
1897 1898 1973 1960 idus

1176 1995 1336 2057 februarii
1352 2011 1439 2056 anno
1449 1995 1560 2056 tertie.

1514 2145 1634 2234 CXXI

1217 2273 1268 2332 Act
1288 2271 1443 2333 abactam
1457 2271 1491 2332 cl
1505 2270 1711 2332 conuentum
1726 2271 1932 2332 moaauslcrit

1283 2369 1419 2431 Sancite
1433 2371 1559 2430 Martae
1574 2370 1614 2430 da
1635 2371 1874 2430 it'ailaotdcros.

1469 2480 1587 2539 1310111.
1605 2481 1683 2538 1219.

1267 2587 1347 2652 [Frid.
1363 2587 1492 2652 liudolpbi
1506 2587 1591 2638 Galba
1602 2587 1775 2652 diplomatica,
1790 2589 1822 2648 ll,
1832 2585 1899 2652 262]

1177 2689 1259 2758 lpsos
1274 2684 1465 2759 protegendos
1481 2685 1599 2757 suscipit
1617 2699 1775 2758 omnesque
1789 2699 1888 2742 eorum
1905 2699 1972 2757 pos·

1203 2776 1351 2832 sessiones
1363 2789 1396 2830 ac
1408 2773 1497 2842 boos,
1505 2774 1571 2847 juro
1580 2782 1608 2832 ot
1621 2774 1771 2848 privilegia
1786 2773 1947 2832 confirmat.

1217 2884 1396 2955 Honorius,
1420 2885 1495 2951 etc,
1512 2883 1642 2945 dilectis
1661 2882 1740 2943 liliis
1762 2881 1871 2944 abbati
1897 2898 1972 2943 mo-

1178 2981 1317 3042 nasterii
1344 2981 1384 3041 de
1409 2980 1627 3042 Volkolderos
1651 2983 1788 3056 eiusque
1804 2979 1972 3051 iratribus,

1176 3081 1244 3140 tam
1271 3077 1488 3155 praesentibus
1515 3093 1612 3154 quam
1640 3077 1760 3138 suturis
1784 3077 1972 3154 regularem

1177 3177 1279 3237 vitam
1293 3174 1462 3252 professis.
1479 3177 1503 3234 l.
1519 3175 1560 3234 N.
1578 3177 1614 3234 P.
1633 3177 1669 3235 Ρ.
1687 3177 1734 3234 M.

1218 3273 1421 3348 Religiosam
1453 3273 1554 3333 vitam
1583 3271 1782 3347 eligentibus
1813 3271 1976 3349 apostoli-

1178 3387 1252 3431 cnm
1277 3371 1431 3431 convenit
1454 3369 1571 3430 adesse
1593 3369 1796 3447 praesidium,
1823 3385 1865 3431 ne
1889 3368 1976 3430 torte

1178 3467 1356 3546 ouJuslibet
1376 3468 1572 3529 temeritatis
1605 3468 1759 3528 incursus
1789 3470 1846 3528 ant
1872 3481 1929 3528 eos
1955 3483 1976 3527 a

1179 3565 1347 3644 proposito
1367 3565 1510 3636 revocet,
1537 3566 1595 3627 ant
1615 3564 1728 3635 robur,
1750 3564 1836 3641 quod
1857 3566 1969 3625 tamen

1178 3663 1275 3735 absit,
1293 3678 1397 3724 sacrae
1410 3661 1582 3737 religionis
1598 3661 1768 3736 infringat.
1799 3663 1974 3737 Quaprop-

1177 3763 1240 3833 ter,
1266 3759 1377 3821 dilecti
1402 3761 1436 3820 in
1465 3760 1604 3820 Domino
1631 3759 1703 3831 lilii,
1730 3759 1851 3820 vestris
1874 3759 1976 3835 justis

1179 3857 1459 3936 postulationibus
1469 3857 1650 3918 clementer
1664 3857 1843 3917 annuimus
1857 3859 1891 3916 et
1903 3871 1977 3916 mo-

1179 3955 1361 4018 nasterinm
1378 3956 1501 4015 sanctae
1517 3955 1576 4014 Dei
1592 3953 1763 4030 genitricis
1779 3957 1812 4015 et
1826 3952 1975 4028 Virginis

1179 4053 1293 4114 Mariae
1317 4053 1360 4114 de
1377 4052 1596 4113 Volkolderos
1621 4051 1655 4111 in
1676 4067 1741 4128 quo
1762 4052 1875 4112 divino
1895 4052 1976 4112 estis

1179 4151 1337 4228 obsequio
1353 4149 1532 4226 mancipati
1543 4148 1604 4209 sub
1616 4148 1705 4210 beati
1719 4149 1807 4210 Petri
1820 4152 1852 4210 et
1863 4150 1976 4210 nostra

1179 4247 1384 4326 protectione
1401 4248 1601 4324 suscipimus
1620 4250 1653 4308 et
1670 4246 1844 4323 praesentis
1859 4244 1976 4321 scripti

1179 4347 1356 4425 privilegio
1372 4345 1624 4406 communimus.

1220 4448 1256 4505 ln
1286 4443 1403 4520 primis
1431 4441 1593 4520 siquidem
1617 4441 1801 4518 statuentes
1827 4445 1863 4502 nt
1893 4441 1975 4501 crdo

1180 4542 1395 4612 amnestiam,
1422 4541 1478 4618 qui
1502 4539 1682 4600 secundum
1706 4541 1808 4600 ileum
1829 4542 1861 4599 el
1886 4537 1976 4598 beati

1180 4638 1349 4700 Benedicti
1368 4637 1518 4713 regulam
1534 4637 1633 4713 atque
1647 4635 1889 4697 institutionem
1903 4636 1978 4708 Cise

1178 4735 1395 4798 terciensium
1411 4735 1446 4795 in
1457 4733 1572 4795 eodem
1585 4733 1788 4795 monasterio
1806 4733 1978 4795 institutus

1179 4849 1252 4894 esse
1267 4833 1472 4908 dignoscitur
1487 4831 1655 4909 perpetuis
1670 4830 1792 4892 ibidem
1811 4831 1975 4907 tempori-

1179 4931 1240 4992 bus
1256 4931 1494 4993 inviolabiliter
1509 4929 1715 4992 observetur.

1220 5031 1386 5091 Praeterea
1401 5043 1627 5106 quascumque
1641 5025 1878 5103 possessiones,
1889 5041 1979 5102 quae·

1179 5141 1319 5203 cumque
1334 5125 1419 5187 bona
1431 5125 1517 5186 idem
1529 5125 1766 5186 monasterium
1778 5124 1812 5184 in
1826 5139 1979 5200 praesen-

1179 5225 1301 5286 tiarum
1324 5225 1414 5301 juste
1438 5239 1477 5284 ac
1499 5224 1660 5283 canonice
1688 5219 1846 5297 possidet,
1861 5221 1918 5282 aut
1942 5222 1977 5282 in

1179 5321 1326 5384 loturum
1342 5321 1557 5382 concessione
1576 5319 1781 5398 pontificum,
1799 5317 1979 5394 largitione

1179 5435 1294 5493 regum
1308 5418 1361 5480 vel
1374 5418 1571 5496 principum,
1584 5415 1751 5480 oblatione
1762 5416 1978 5478 fideliumsen

1179 5518 1256 5579 aliis
1270 5516 1491 5593 justismodis
1505 5517 1685 5593 praestante
1701 5515 1841 5576 Domino
1857 5515 1980 5591 poterit

1180 5615 1331 5692 adipisci,
1351 5615 1444 5676 ilrma
1459 5613 1550 5676 robis
1568 5613 1752 5690 uestrisque
1769 5614 1978 5674 suecessori-
