4230 6388
770 296 1101 382 nrrsronmrurnj
1125 320 1163 380 v.

423 487 657 576 ccclxvii

422 643 474 701 Ad
488 643 657 701 ctcmdcm.

451 759 558 819 Eodem
575 761 631 819 die.

187 875 308 941 [liegest.,
316 875 399 936 libv,
411 875 485 939 epist.
493 875 548 926 1183.
561 876 665 926 113313
676 874 900 940 110110131ὴοί1]

198 994 273 1050 Dare
287 1006 403 1064 operam
420 991 500 1063 iubet
514 1006 548 1047 ne
565 990 662 1048 fideles
676 991 758 1048 bonis
773 993 832 1049 suis
849 991 884 1048 ab

308 1081 434 1137 exercitu
447 1079 588 1136 catholico
603 1081 770 1152 spolientur.

184 1199 362 1268 Honorius
388 1200 464 1264 etc„
489 1196 672 1258 venerabili
701 1197 797 1258 fratri
824 1197 937 1258 nostro

143 1295 180 1354 G.
197 1295 353 1356 Portuen.
371 1295 537 1372 episcopo,
556 1293 754 1370 apostolicae
775 1293 870 1354 Sedis
889 1294 939 1354 le-

99 1424 106 1435 ·
142 1390 935 1468 gato,salutemetapostolicambenedictionem.

184 1491 264 1550 Cum
280 1489 364 1550 nulli
384 1491 428 1550 sit
444 1489 484 1550 10
503 1489 677 1565 prudentia
700 1505 772 1559 sua,
794 1489 854 1550 vel·
868 1503 939 1548 me-

143 1586 221 1657 rito,
237 1585 294 1648 sed
308 1585 348 1646 de
361 1587 432 1648 3013
445 1586 505 1647 Dei
519 1586 738 1663 providentia,
749 1588 780 1646 et
791 1585 938 1662 potentia

143 1683 386 1756 confidendum,
403 1683 500 1745 valde
514 1684 673 1755 dolemus,
691 1683 776 1760 quod
792 1682 938 1742 fidelium

144 1781 324 1851 exercitus,
342 1781 413 1842 sive
429 1781 534 1857 aliqui
551 1781 593 1841 10
609 1781 618 1840 i
623 1795 681 1857 pso
697 1780 845 1844 exercitu
860 1794 940 1841 non·

144 1878 256 1939 nullos
280 1879 404 1955 injuste
425 1877 670 1946 exhaeredasse,
700 1877 871 1954 spoliasse,
900 1891 940 1938 ao

142 1975 245 2038 etiam
260 1976 421 2037 occidisse
434 1975 606 2051 dicuntum
624 1975 856 2052 propterquod
871 1989 940 2036 cre·

144 2073 269 2134 duntur
283 2073 324 2134 31
342 2073 605 2148 indignationem
619 2073 796 2134 Dominum
813 2087 938 2149 provo-

144 2187 240 2232 casse
264 2186 303 2232 ac
322 2170 485 2242 effecisse,
507 2173 543 2231 ut
564 2173 636 2247 ejus
660 2184 777 2230 manus
800 2168 936 2239 nonsit,

144 2268 243 2344 prout
266 2269 495 2339 consueverat
526 2283 600 2328 cum
631 2266 767 2328 eisdem.
797 2266 939 2341 Ideoque

144 2363 347 2428 fraternitati
363 2366 426 2424 tuae
442 2379 502 2440 per
512 2363 699 2440 apostolica
712 2361 835 2438 scripta
844 2375 940 2422 man-

142 2460 273 2531 damus,
305 2461 467 2537 quatenus
493 2459 535 2522 31
561 2474 720 2522 excessus
749 2457 939 2537 btp'usmodi

142 2559 345 2620 coercendos
369 2557 541 2634 impendas
568 2573 694 2627 curam,
715 2557 748 2618 et
771 2555 938 2618 sollicitu-

144 2654 256 2716 dinem
281 2654 485 2730 diligentem,
514 2653 689 2730 quoslibet,
716 2652 939 2729 appellatione

144 2751 271 2813 remota
290 2751 363 2814 sine
375 2766 591 2827 personarum
608 2752 811 2826 acceptione,
833 2749 941 2810 corri-

142 2865 238 2924 gens,
249 2849 283 2910 01
297 2863 511 2926 compescens
526 2849 622 2924 prout
632 2844 756 2908 videris
768 2838 937 2924 expedire.

145 2947 265 3007 Datum
279 2947 448 3018 Laterani,
460 2947 506 3006 111
516 2947 702 3022 nonasjun.
712 2959 802 3005 anno
813 2943 938 3021 quinto.

417 3195 672 3284 ccccxviii

174 3342 227 3401 Ad
239 3337 400 3400 comitem
412 3343 611 3400 Pacensem
627 3334 804 3410 titiumque
822 3337 908 3408 ejus.

446 3459 463 3517 3
475 3456 546 3530 junii
561 3457 640 3515 1111.

1626 295 1634 320 ²
1726 325 1786 388 333

992 477 1141 540 volentes
1155 478 1266 542 utrum
1278 478 1398 542 blanda
1413 481 1551 544 monitio
1566 494 1625 544 vos
1639 483 1681 546 ad
1696 485 1786 562 viam

993 576 1201 638 rectitudinis
1224 577 1335 640 valeat
1360 593 1522 640 revocare
1546 600 1553 640 ε
1579 580 1785 644 nobilitatem

992 675 1137 734 vestram
1146 689 1322 736 monemus
1331 674 1363 736 et
1376 675 1587 738 obsecramus
1598 677 1633 738 in
1646 679 1786 740 Domino

993 785 1053 845 per
1077 771 1267 848 apostolica
1294 769 1388 833 vohis
1420 773 1542 852 scripta
1574 774 1784 845 mandantes,

993 867 1156 942 quatenus
1175 867 1262 929 infra
1288 869 1371 929 duos
1399 885 1530 932 meuses
1551 873 1627 948 post
1649 887 1787 950 suscep·

993 965 1116 1024 tionem
1136 966 1350 1042 praesentium
1370 967 1514 1029 redeatis
1540 967 1581 1030 31
1606 969 1788 1030 000103133-

992 1056 1093 1122 ticam
1110 1063 1270 1124 unitatem
1289 1063 1417 1140 precise
1426 1063 1571 1142 jurando
1585 1065 1786 1126 inmanibus

991 1157 1192 1220 venerabilis
1209 1159 1321 1220 fratris
1338 1161 1442 1222 nostri
1458 1163 1492 1220 C.
1507 1161 1700 1222 Portuensis
1714 1162 1788 1238 epi-

993 1256 1084 1332 scopi
1099 1256 1296 1332 Apostolicae
1310 1256 1405 1318 Sedis
1420 1255 1531 1332 legati,
1544 1272 1584 1318 30
1597 1257 1786 1334 praestando

993 1351 1077 1412 alias
1088 1352 1225 1414 idoneas
1236 1353 1420 1424 cautiones,
1432 1353 1519 1430 quod
1530 1354 1688 1430 parebitis
1697 1369 1787 1415 man·

993 1448 1080 1510 datis
1101 1449 1264 1522 omnibus,
1286 1465 1360 1526 quae
1384 1465 1456 1522 nos,
1477 1451 1529 1512 vel
1558 1451 1631 1528 ipse
1657 1451 1787 1527 legatus

993 1545 1087 1607 vobis
1101 1547 1295 1610 duxerimus
1309 1546 1472 1620 facienda,
1489 1549 1642 1620 scientes,
1656 1547 1786 1624 quodsi

994 1653 1077 1700 sano
1091 1639 1145 1700 usi
1164 1637 1304 1700 consilio
1318 1640 1442 1701 nostris
1457 1639 1693 1716 acquieveritis
1711 1655 1787 1702 mo·

994 1736 1073 1796 nitis
1088 1736 1122 1796 et
1133 1735 1310 1808 mandatis,
1326 1751 1387 1796 nos
1409 1751 1482 1796 eam
1500 1735 1691 1798 curabimus
1707 1745 1788 1812 erga

994 1848 1053 1894 vos
1068 1832 1356 1894 mansuetudinem
1371 1833 1543 1904 exhibere,
1557 1833 1643 1912 quod
1656 1833 1788 1896 demum

994 1929 1181 2004 gaudebitis
1200 1945 1259 1990 vos
1280 1930 1479 2006 Apostolicae
1496 1929 1592 1990 Sedis
1602 1932 1684 2006 jugo
1702 1929 1789 1990 00113

994 2025 1166 2086 humiliter
1180 2025 1384 2086 submisisse.
1393 2025 1548 2104 Alioquin
1562 2041 1621 2102 pro
1632 2027 1789 2088 0011030-

993 2123 1120 2194 veritis,
1137 2122 1224 2200 quod
1239 2137 1299 2199 per
1314 2123 1514 2185 sententiam
1530 2122 1624 2184 vobis
1640 2122 1714 2184 sine
1731 2137 1793 2200 spe

994 2218 1214 2280 restitutionis
1234 2233 1392 2296 expresse
1416 2218 1682 2296 abjudicabimus
1709 2233 1789 2280 cas-

994 2319 1082 2376 trum
1098 2315 1196 2387 i'uxi,
1214 2331 1253 2378 30
1273 2315 1374 2376 aliam
1396 2317 1521 2378 terram
1538 2319 1694 2386 vestram,
1715 2331 1804 2392 qum·

994 2413 1088 2476 vobis
1106 2412 1296 2490 abjudicata
1311 2427 1377 2474 non
1397 2411 1460 2474 fuit
1473 2413 1509 2474 in
1523 2411 1673 2474 Concilio
1687 2428 1790 2488 gene-

994 2510 1070 2578 rali,
1087 2525 1188 2586 quum
1206 2510 1353 2570 castrum
1373 2510 1481 2586 ipsum
1497 2509 1531 2569 in
1545 2509 1701 2572 Ecclesiae
1722 2511 1792 2571 Ro-

995 2621 1102 2666 manae
1118 2605 1329 2666 commissum
1344 2605 1511 2676 inciderit,
1527 2605 1791 2668 013113330011·

992 2703 1073 2765 dum
1089 2702 1358 2782 constitutionem
1373 2702 1511 2764 concilii
1523 2703 1697 2764 memorati
1713 2717 1793 2780 pro-

995 2800 1176 2876 mulgatam
1200 2801 1315 2862 contra
1337 2798 1513 2862 haereticos
1532 2799 1566 2862 et
1584 2815 1699 2860 eorum
1714 2797 1791 2862 fau·

994 2899 1084 2958 10103
1097 2896 1283 2974 abjudicari
1293 2895 1388 2958 vobis
1400 2897 1514 2974 possit,
1529 2898 1562 2959 et
1572 2897 1690 2958 debeat
1701 2899 1791 2959 terra

995 2996 1004 3054 i
1008 3009 1081 3071 psa.
1098 2996 1168 3056 Neo
1183 2993 1358 3056 confidatis
1373 2993 1408 3054 in
1424 3009 1475 3066 eo,
1492 2995 1578 3071 quod
1592 3009 1680 3056 nunc
1695 2994 1791 3056 vobis

995 3092 1196 3154 successisse
1205 3091 1346 3162 videtur,
1360 3092 1454 3167 quasi
1468 3094 1583 3152 contra
1593 3095 1695 3152 Deum
1709 3107 1792 3167 prae·

994 3190 1107 3252 ualere
1135 3188 1285 3266 possitis,
1314 3190 1392 3266 quia
1421 3187 1451 3248 si
1477 3189 1571 3250 vobis
1601 3188 1788 3267 abjudicari

995 3286 1171 3364 contigerit
1195 3288 1318 3348 terram
1346 3286 1471 3362 ipsam,
1498 3301 1669 3364 nunquam
1697 3286 1790 3346 illam

995 3383 1271 3444 exeommunicati
1289 3383 1347 3442 diu
1368 3383 1520 3458 poteritis
1541 3382 1697 3462 retinere,
1714 3398 1790 3444 cum

994 3481 1035 3542 ab
1049 3496 1088 3542 ea
1102 3481 1313 3558 possessione
1328 3479 1371 3542 sit
1384 3479 1483 3542 facile
1502 3479 1612 3558 dejici,
1630 3496 1703 3558 quae
1717 3481 1790 3542 sine

177 3573 353 3656 [negatum.
363 3573 480 3638 1301151-
491 3573 613 3623 ⁶3⁹·M82·
626 3572 662 3622 ¹⁴⁸
672 3571 749 3622 rorte
764 3571 799 3621 du
812 3569 908 3636 Thali]
989 3581 1081 3656 justo
1095 3577 1191 3639 titulo
1206 3577 1356 3639 noscitur
1370 3576 1522 3638 detineri.
1548 3579 1667 3640 Datum
1689 3579 1790 3640 Late-

143 3691 237 3760 Quum
250 3690 389 3748 fuxensis
399 3697 427 3747 et
438 3703 632 3748 convenarum
643 3689 939 3758 confessorumque

181 3779 230 3836 filii
257 3794 317 3836 rem
346 3778 531 3836 christianam
554 3775 708 3834 admodum
736 3774 939 3833 labefactarent

179 3868 243 3924 illos
256 3867 436 3940 gravissimis
446 3867 547 3924 litteris
559 3863 594 3922 ab
611 3879 711 3923 eorum
722 3865 841 3922 consilio
856 3877 939 3921 cona·

180 3963 225 4014 tur
240 3969 372 4013 avocare.

184 4071 364 4143 Honorius,
387 4071 463 4141 etc,
486 4070 653 4152 nobilibus
675 4069 795 4131 viris...
825 4067 938 4130 comiti

146 4169 273 4230 Fuxen.
293 4169 327 4230 et
355 4165 424 4228 illio
448 4169 520 4244 ojus
543 4166 697 4244 spiritum
722 4165 856 4227 consilii
882 4179 939 4224 33-

145 4266 262 4328 nioris.

184 4361 457 4439 Exspectavimus
502 4355 539 4422 ut
585 4357 938 4422 excommunicationis

145 4457 938 4536 sententiam,culpisvestrisexigentibusinvos

145 4557 258 4630 latam,
282 4556 462 4636 aliquando
483 4555 616 4617 tandem
636 4555 806 4618 13103113
831 4553 938 4618 salute

147 4655 282 4718 solliciti
299 4653 527 4728 formidantes,
543 4653 717 4714 haereticos
741 4651 865 4725 fovere,
886 4653 940 4714 at-

147 4769 209 4830 que
244 4752 419 4814 defendere
451 4749 628 4813 cessaretis
656 4749 689 4812 et
714 4749 870 4812 rediretis
896 4749 937 4810 31

147 4850 256 4910 sinum
271 4847 429 4910 Ecclesiae
442 4850 557 4911 matris
571 4849 710 4924 vestram
727 4847 784 4910 sed
796 4861 856 4910 vos
868 4847 939 4910 tan·

149 4961 245 5024 quam
255 4945 316 5006 lilii
329 4946 430 5008 alieni
441 4947 625 5022 pugnantes
639 4945 854 5026 pertinaciter
863 4960 940 5008 con·

146 5044 198 5105 tra
208 5057 293 5115 eam,
306 5044 354 5104 sic
368 5043 403 5104 in
417 5042 563 5119 ipsorum
578 5043 812 5106 haereticorum
825 5042 939 5104 favore

148 5157 187 5201 ac
202 5139 393 5202 defensione
408 5141 610 5216 perstitistis,
624 5142 661 5203 ut
678 5157 744 5202 non
759 5141 865 5202 solum
881 5140 940 5230 10-

149 5237 296 5300 10130103
315 5238 474 5314 ipsorum,
500 5237 680 5298 sedetiam
704 5253 747 5298 ex
770 5237 852 5314 ipsis
872 5253 940 5299 non

149 5335 313 5398 immerito
337 5334 523 5396 existimari
549 5335 694 5411 possitis.
722 5335 815 5398 Licet
839 5335 942 5412 igitur

148 5436 241 5495 tanta
264 5430 365 5494 fuerit
387 5431 605 5493 001101030131
618 5432 739 5493 vestrm
754 5431 889 5503 duritia,
904 5433 942 5493 ul

147 5530 234 5606 juste
244 5527 441 5606 jamdudum
456 5527 661 5605 potuerimus
676 5526 792 5589 contra
807 5541 867 5588 vos
882 5543 940 5588 se·

151 5625 260 5687 verius
283 5627 503 5702 processisse;
529 5623 637 5686 adlluc
659 5625 769 5686 tamen
794 5625 941 5702 experiri

994 3675 1080 3744 rani,
1096 3677 1142 3736 111
1157 3689 1262 3736 nonas
1270 3674 1371 3750 junii,
1388 3689 1476 3735 anno
1496 3674 1623 3751 quinto.

1032 3777 1076 3835 10
1091 3775 1248 3835 eubtdcm
1262 3775 1403 3834 modum
1415 3773 1585 3846 scriptum
1600 3773 1652 3833 est
1667 3772 1790 3834 nobill-

993 3871 1055 3931 bus
1070 3869 1153 3931 uiris
1175 3869 1288 3930 comiti
1304 3870 1545 3940 Convenarum,
1565 3869 1598 3930 et
1615 3869 1692 3928 filiis
1713 3873 1787 3949 ejus

993 3967 1147 4042 spiritum
1163 3963 1295 4026 consilii
1306 3965 1462 4024 sanioris..
1477 3965 1732 4041 Expectavimus
1751 3968 1788 4028 ut

993 4059 1364 4130 excommunicationis,
1386 4064 1467 4131 etc,
1490 4060 1528 4120 ut
1551 4075 1653 4138 supra
1678 4077 1786 4136 usque

993 4157 1256 4238 abjudicabimus
1274 4158 1378 4218 totam
1393 4157 1488 4218 illam
1501 4159 1626 4220 terram
1641 4159 1786 4220 vestram

993 4271 1067 4333 quae
1089 4254 1184 4317 vobis
1205 4253 1394 4331 abjudicata
1419 4253 1564 4317 nonfuit
1582 4255 1617 4316 in
1637 4255 1785 4320 Concilio

992 4353 1153 4432 generali.
1186 4354 1267 4414 Cum
1302 4352 1483 4414 secundum
1515 4354 1785 4418 constitutionem

993 4451 1098 4528 ipsius
1116 4449 1250 4512 concilii
1273 4449 1516 4528 promulgatam
1539 4451 1655 4514 contra
1673 4451 1786 4516 haere·

992 4549 1087 4622 ticos,
1095 4548 1170 4622 etc..
1186 4549 1335 4626 utsupra
1350 4562 1457 4622 usque
1472 4547 1636 4621 10110000.

1281 4815 1496 4904 dcccxix

1070 4971 1122 5032 Ad
1145 4971 1439 5043 archiepiscopum
1459 4971 1703 5032 senonensem.

1294 5089 1311 5146 3
1323 5087 1395 5162 junii
1411 5089 1491 5148 1111.

1027 5205 1146 5269 [Regem.
1157 5203 1203 5256 lib.
1213 5204 1245 5264 V,
1257 5203 1332 5268 epist.
1341 5203 1398 5253 118.
1413 5205 1470 5254 tiss.
1483 5205 1651 5256 13100300
1664 5203 1757 5269 risit]

1030 5321 1112 5379 lllum
1126 5319 1162 5378 31
1174 5318 1347 5377 excidendas
1356 5320 1385 5377 in
1398 5320 1488 5392 ipsius
1500 5317 1616 5376 dioecosi
1631 5317 1756 5376 11310303

1244 5407 1411 5465 auctoritate
1425 5407 1548 5465 instruit.

1036 5525 1215 5597 Honorius,
1242 5525 1318 5595 eto,
1346 5523 1531 5590 venerabili
1559 5522 1653 5585 fratri
1680 5525 1793 5586 archi-

998 5623 1155 5702 episcopo
1170 5625 1334 5684 senonen.
