4280 6404
162 343 223 423 293
795 338 1025 398 EPISTOLAE.
1049 339 1127 398 LIB.
1151 338 1206 398 lv.
1300 373 1310 382 -
1470 354 1473 364 '
1761 333 1819 394 294

164 499 369 576 totidemque
388 497 578 575 praecedant
603 497 763 560 vexillum
793 498 902 558 cruols
930 499 964 556 in
986 497 987 502 ’
1022 496 1086 558 iter
1099 498 1268 573 arreptum
1284 495 1324 556 ad
1340 495 1564 573 apostolicam
1582 493 1699 556 sedem
1722 493 1820 556 inve-

165 595 435 674 procassinnihus
463 596 496 658 et
521 593 669 663 totidem,
703 595 739 655 ut
770 595 903 656 luceant
931 594 988 652 in}
1020 593 1137 654 neritis
1159 593 1369 664 attentatum,
1385 592 1561 670 inquiratis
1579 591 1619 651 de
1635 604 1773 651 numero
1788 593 1821 652 et

164 693 327 768 vesperis,
347 691 518 753 matutinis
541 694 574 753 et
595 692 718 764 missis,
734 691 965 767 supponantur
1020 690 1141 752 studiis
1163 691 1358 765 eligentium
1384 706 1423 751 ac
1438 688 1566 750 meritis
1579 688 1771 758 electorum,
1788 691 1820 750 et

163 789 277 856 altari,
291 804 331 848 ac
343 789 378 848 in
397 789 538 865 quatuor
554 787 659 849 beatae
674 787 821 863 Virginis
836 785 967 848 festivi·
1020 788 1097 848 aliis
1123 787 1391 863 contingentibus
1417 784 1673 862 diligentissime
1694 786 1821 846 verita-

166 887 303 956 tatibus,
328 886 416 946 sicut
442 886 478 944 in
503 885 713 947 solemnitate
733 884 965 962 Apostolorum
1020 885 1087 946 tem
1115 885 1291 961 ipsumque
1315 885 1484 959 negotium
1509 899 1613 960 usque
1637 883 1678 944 ad
1700 882 1819 943 festum

164 984 258 1046 Petri
273 983 306 1044 et
321 982 417 1043 Pauli
432 981 611 1043 luminaria
631 983 872 1054 ministrentur,
894 995 964 1042 cae·
1020 980 1214 1043 Natiuitatis
1234 981 1414 1042 Dominicae
1429 980 1616 1057 proximum
1636 979 1676 1040 ad
1693 994 1754 1040 nos
1770 995 1820 1039 ra·
1860 975 1870 980 ”

166 1081 353 1142 teriscirca
378 1079 493 1140 eadem
520 1079 699 1140 liuuinaria
723 1094 790 1140 non
817 1079 963 1140 mutatis.
1020 1077 1159 1139 mittatis
1175 1075 1379 1138 sufficienter
1392 1079 1599 1149 instructum,
1608 1077 1820 1154 injungentes

169 1180 238 1239 Nos
254 1180 365 1238 autem
391 1177 448 1254 qui
469 1176 573 1236 divini
599 1175 749 1252 obsequii
771 1173 965 1236 affectamus
1018 1169 1135 1236 electis
1150 1174 1382 1251 personaliter,
1397 1175 1557 1249 eligentes
1571 1189 1651 1235 vero
1666 1189 1725 1250 per
1738 1189 1819 1250 pro-

169 1275 394 1350 augmentum,
410 1273 603 1334 discretioni
623 1276 742 1334 vestrae
753 1287 812 1350 per
824 1273 966 1348 nposto-
1020 1271 1192 1332 curatores
1206 1271 1356 1343 idoneos,
1367 1271 1530 1332 instructo
1543 1271 1688 1345 negotio,
1701 1285 1737 1332 se
1747 1287 1820 1330 nos-

168 1372 234 1432 lica
249 1370 372 1447 scripta
395 1369 603 1441 mandamus,
620 1371 782 1446 quatenus
803 1369 962 1446 inquisita
1020 1369 1071 1430 tro
1084 1368 1279 1444 conspectui
1295 1368 1524 1444 suprascripto
1539 1367 1681 1429 termino
1700 1381 1819 1443 reprae*

169 1483 273 1545 super
292 1467 356 1539 liis,
373 1468 406 1529 et
420 1467 552 1541 cognita
569 1466 699 1543 plenius
715 1467 870 1538 veritate,
890 1467 964 1527 sta·-
1021 1466 1162 1536 sentent,
1185 1465 1385 1526 sententiam
1415 1465 1594 1541 recepturi.
1619 1465 1733 1524 Testes
1754 1479 1819 1524 an⁴

170 1565 271 1626 tuatis
291 1563 377 1642 quod
393 1563 511 1624 honori
527 1565 560 1624 et
583 1563 719 1624 utilitati
743 1562 893 1624 ecclesiae
908 1577 966 1622 su·
1020 1563 1097 1633 tem,
1112 1565 1189 1632 ete,
1209 1575 1315 1638 usque
1330 1561 1516 1637 perhibere,
1535 1571 1635 1637 ¹super
1651 1561 1721 1620 illis
1736 1561 1821 1621 dun*

173 1661 332 1739 pradiotae
344 1675 386 1722 ac
395 1660 496 1722 saluti
504 1660 652 1737 ejusdem
663 1659 965 1721 eustodisvideritis
1019 1660 1115 1723 taxat
1133 1659 1285 1720 articulis
1303 1659 1360 1735 qui
1376 1658 1518 1719 crimina
1533 1673 1599 1719 non
1612 1657 1818 1733 contingunt.

168 1758 339 1834 expedire,
351 1757 512 1818 iacientes
526 1755 612 1834 quod
624 1757 807 1818 statueritis
821 1771 880 1832 per
887 1771 966 1816 cen-
1019 1755 1113 1828 Quod
1132 1756 1162 1815 si
1175 1770 1240 1817 non
1253 1767 1380 1827 omnes,
1391 1757 1466 1826 etc,
1479 1754 1525 1827 tu,
1539 1755 1642 1816 irater
1652 1755 1817 1831 episcope,

169 1871 282 1916 suram
296 1855 558 1915 ecclesiasticam
581 1853 804 1930 appellatione
825 1855 962 1925 remota,
1020 1869 1097 1914 cum
1111 1868 1225 1914 eorum
1237 1853 1353 1924 altere,
1368 1853 1430 1914 etc.
1446 1853 1562 1913 Datum
1574 1853 1689 1919 Reate,
1704 1853 1819 1927 quinto

171 1953 310 2013 tirmiter
324 1951 514 2025 observari3
532 1951 660 2028 quodsi
676 1967 742 2012 non
757 1965 884 2022 omnes,
901 1951 964 2014 etc.
1021 1947 1100 2012 idus
1116 1950 1261 2026 augusti,
1277 1949 1423 2026 pontillc.
1442 1948 1548 2011 nostri
1562 1965 1652 2010 anno
1668 1950 1797 2025 quarto.

169 2051 288 2110 Datum
313 2049 427 2120 Reate,
442 2050 470 2110 V
488 2045 568 2109 'idus
592 2047 737 2124 augusti,
756 2047 965 2125 pontificatus

170 2146 278 2207 nostri
293 2158 380 2206 anno
396 2145 525 2222 quarto.
1374 2133 1471 2219 XIII

467 2385 471 2392 ⁸
527 2305 603 2392 ΧΠ
800 2375 801 2380 ¹
1042 2271 1092 2330 nd
1107 2269 1319 2330 decanamet
1332 2269 1520 2340 capitutum
1535 2269 1797 2344 Ltnponensem.
1892 2294 1894 2302 ·

1293 2378 1325 2438 13
1339 2387 1453 2453 august.
1470 2379 1551 2437 1219.

167 2443 222 2501 Ad
241 2442 447 2514 episcopios,
464 2442 632 2500 decursum
645 2441 828 2500 Prosenses
842 2436 876 2499 et
889 2449 967 2500 mn-

208 2538 358 2612 pitirum
371 2539 564 2598 &troadam
577 2537 779 2597 canonicam
784 2538 966 2596 Parisien-

206 2649 294 2694 sem.

1052 2487 1173 2551 [Regest.,
1183 2487 1228 2536 lib.
1238 2488 1280 2545 lv,
1290 2487 1364 2551 epist.
1375 2485 1429 2535 tlt.
1441 2487 1497 2535 llas.
1511 2487 1547 2535 La
1559 2487 1632 2536 Porta
1647 2485 1681 2536 du
1695 2486 1787 2548 rhein]

1021 2593 1170 2668 Significat
1193 2609 1226 2650 se
1244 2593 1425 2650 commisisse
1443 2589 1675 2674 informationem
1692 2592 1728 2650 de
1742 2594 1816 2650 elec-

444 2709 462 2768 9
475 2716 589 2782 august.
608 2709 687 2767 lale,
1056 2681 1133 2739 tione
1147 2681 1274 2754 episcopi
1288 2681 1422 2738 'trecensi
1434 2681 1570 2753 episcopo
1581 2687 1610 2737 et
1621 2680 1819 2752 conjudicibus

200 2823 934 2888 inuetitum,epist.ue.uss.mr0c0aurnen.]
1055 2785 1128 2842 e1¹1⁸·

171 2938 388 2998 sandaresus
403 2938 438 2996 de
453 2939 557 3011 duplici
570 2937 709 2996 electione
726 2939 831 3010 quein
845 2937 965 2995 ecclesia

205 3027 393 3100 lingonensi,
410 3035 474 3099 post
498 3025 639 3084 Guillelml
660 3025 696 3083 de
716 3027 848 3085 Joinvllle
871 3034 963 3083 trans·

204 3116 339 3172 lationem
355 3114 390 3172 ad
406 3117 577 3173 lismensem
602 3114 879 3188 archepiscoporum
892 3114 965 3172 lecta

205 3202 297 3262 lucrat
310 3203 464 3275 inquirent.

209 3321 388 3390 Honorius,
415 3323 490 3391 etc,
515 3335 588 3381 ven.
620 3319 715 3382 tratri
746 3321 901 3398 episcopo
933 3321 967 3381 et

167 3418 299 3478 dilectis
323 3416 401 3476 liliis
427 3415 552 3478 decano
580 3419 718 3478 Trecen.
746 3419 779 3479 et
805 3417 964 3492 magistro

169 3515 314 3574 Giraudo
334 3513 495 3574 canonico
518 3513 713 3586 Parisiensi,
727 3514 879 3586 salutem,
901 3515 963 3575 etc.

211 3611 358 3671 Ecclesia
381 3610 585 3686 lingonensi
604 3611 742 3672 vacante
755 3611 860 3687 ipsius
872 3611 966 3688 capl-

168 3708 275 3769 tulum
298 3708 340 3768 ad
363 3707 569 3768 tractandum
592 3706 632 3768 de
647 3709 789 3784 pastoris
804 3708 965 3769 electione

169 3804 335 3876 convenit,
350 3806 383 3887 et
393 3804 526 3865 tandem
542 3804 683 3865 diversis
697 3821 812 3866 eorum
828 3807 915 3867 votis
931 3806 964 3865 in

169 3902 280 3977 partes
295 3900 434 3961 dilectos
449 3900 537 3960 filios
557 3899 690 3977 quidam
710 3903 881 3975 Hugonem
905 3915 965 3961 ar-

1060 2878 1239 2951 Honorius,
1256 2879 1332 2950 etc,
1353 2877 1484 2939 dilectis
1502 2877 1618 2939 liliis...
1640 2879 1766 2956 decano
1786 2882 1819 2940 et

1021 2974 1166 3052 capitulo
1179 2976 1362 3051 Lingonen.
1380 2975 1531 3048 salutem,
1549 2975 1611 3036 etc.

1060 3073 1140 3132 Cum
1155 3087 1289 3134 causam
1304 3072 1503 3134 electionum
1521 3071 1763 3134 celebratarum
1783 3073 1817 3133 in

1021 3169 1163 3231 ecclesia
1190 3169 1301 3231 vestra
1330 3168 1513 3232 venerabili
1541 3167 1638 3230 fratri
1665 3171 1816 3231 nostro...

1021 3268 1158 3327 Trecen.
1178 3257 1333 3345 episcopo
1348 3267 1381 3327 et
1396 3268 1468 3343 eJus
1483 3266 1711 3342 conjudicibus
1726 3282 1819 3327 com-

1021 3363 1221 3432 miserimus,
1234 3362 1330 3424 nohis
1344 3362 1508 3424 sententia
1527 3363 1708 3436 reservata,
1722 3379 1818 3423 mau-

1021 3461 1147 3532 dantes,
1166 3459 1202 3522 ut
1220 3459 1318 3521 electi
1340 3459 1562 3537 personaliter
1580 3461 1613 3522 et
1631 3476 1691 3537 pro
1713 3462 1819 3538 parti-

1019 3557 1092 3631 bus,
1125 3574 1199 3636 quae
1234 3559 1324 3635 ipsos
1361 3558 1549 3633 elegerunt,
1584 3559 1818 3634 procuratores

1020 3655 1131 3717 idonei
1159 3657 1272 3717 nostro
1293 3670 1329 3715 se
1351 3655 1543 3732 conspectui
1565 3657 1817 3731 repraesentent,

1019 3752 1161 3815 termino
1190 3753 1379 3826 constitute,
1398 3751 1592 3814 discretioni
1615 3753 1735 3814 vestrae
1759 3769 1819 3830 per

1019 3849 1208 3927 apostolica
1223 3849 1345 3926 scripta
1358 3847 1737 3939 mandamus,quatenus
1745 3865 1819 3926 pro-

171 3995 414 4068 chidiaconum,
444 3999 478 4057 et
510 3996 683 4073 quidam...
716 3997 964 4058 thesaurarium

170 4093 276 4169 ipsius
288 4093 439 4154 ecclesiae
454 4094 488 4154 in
508 4093 709 4170 episcopum,
727 4095 814 4156 sicul
834 4094 966 4170 accepi-

169 4203 253 4261 mus,
267 4190 450 4266 elegerunt.
474 4191 615 4266 Negotio
638 4191 741 4267 igitur
768 4191 809 4252 ad
825 4206 885 4251 nos
907 4195 966 4266 per

169 4287 425 4364 appellationem
441 4287 561 4359 delate,
583 4287 740 4364 praelatus
756 4287 965 4349 archidiaco-

169 4398 233 4444 nns
247 4399 321 4444 cum
333 4384 530 4460 quibusdam
545 4384 586 4445 de
601 4385 693 4461 parte
708 4399 780 4455 sua,
794 4386 827 4445 et
841 4384 966 4460 magis-

168 4480 422 4542 terFridorions
445 4483 627 4542 canonicus
652 4481 883 4556 lingonensis,
906 4495 964 4556 pro

168 4579 966 4656 partealtera,propterhocadnostrampraesan-

168 4677 250 4737 tiam
276 4677 499 4749 accesserunt
525 4675 582 4737 sed
599 4676 677 4753 quia
706 4691 767 4737 nec
796 4676 965 4738 decretum
1501 4724 1503 4730 .

168 4773 362 4848 eligentium
392 4772 534 4833 attulere
562 4773 764 4846 mandatum,
795 4769 964 4835 eilioacem
1373 4767 1466 4855 XIV

168 4867 291 4930 hahere
317 4869 528 4946 nequivimus
558 4870 593 4930 in
624 4871 756 4946 negotio
783 4869 964 4933 memorato
1019 4905 1071 4964 Ad
1092 4899 1297 4976 potestatem
1321 4901 1355 4962 εἰ
1373 4905 1536 4975 populum
1549 4900 1814 4961 Alamannos·

168 4981 372 5043 processum.
391 4968 434 5028 Ut
445 4981 524 5042 ergo
539 4967 604 5043 ipsi
616 4969 778 5040 ecclesiae,
795 4984 868 5045 quae
882 4982 963 5043 gra·
1444 5023 1449 5033 .

168 5077 243 5124 vem
272 5065 383 5140 posset
409 5078 453 5124 ex
474 5065 618 5140 pastoris
643 5065 772 5126 delectu
800 5066 965 5126 sustinere
1197 5138 1250 5149 ...
1290 5022 1560 5148 ²²³f¹gf¹⁸t¹¹²¹9J

164 5161 347 5238 jacturam,
373 5161 514 5221 celerius
546 5163 739 5223 consulatur
769 5161 963 5223 discretioni
1144 5136 1691 5204 [ὓ””““ῑ·Ᾰ“”““ὼᾹῙθ””ᾱ“ῧ’Μ’]

167 5259 288 5320 vestrae
316 5265 375 5333 per
388 5257 579 5334 Apostolica
606 5260 729 5337 scripta
755 5260 962 5330 mandamus,
1020 5249 1056 5306 Ut
1077 5244 1241 5304 fidelitatem
1260 5244 1356 5315 jurent
1375 5243 1537 5313 mederico,
1559 5243 1661 5302 sicilie
1683 5245 1761 5318 regi,
1786 5245 1815 5302 in

167 5357 332 5432 quatenus
347 5355 474 5416 vocatis
499 5355 539 5416 ad
553 5354 662 5416 locum
677 5358 917 5432 competentem
930 5357 964 5417 ep
1055 5337 1248 5392 llomenorum
1269 5333 1472 5404 imperatorem
1492 5333 1593 5399 electo,
1611 5333 1699 5388 salvis
1719 5339 1815 5388 temen

166 5455 274 5514 tutum
290 5452 346 5528 qui
363 5451 487 5513 luerint
509 5453 682 5524 evocandi,
704 5455 737 5514 et
751 5453 874 5514 auditis
890 5467 964 5530 quae

166 5551 246 5611 hinc
261 5547 338 5608 inde
353 5549 510 5611 duxerint
524 5551 748 5627 proponenda,
765 5551 964 5614 etrevomto
1058 5549 1226 5611 Honorius
1258 5549 1454 5625 episcopus,
1493 5559 1609 5611 servus
1641 5543 1814 5610 servorum

167 5649 201 5708 in
216 5647 348 5708 irritum
361 5647 389 5706 si
405 5648 481 5723 quid
494 5647 583 5708 circa
593 5647 759 5724 negotium
772 5649 880 5726 ipsum
890 5649 964 5724 post
1018 5647 1089 5718 Dei,
1101 5645 1232 5708 dilectis
1245 5645 1323 5706 liliis
1334 5644 1488 5721 potestati
1499 5645 1533 5705 et
1541 5642 1663 5719 populo
1673 5643 1815 5708 Alexan-

1020 4043 1179 4120 expedire
1199 4043 1247 4104 iia
1266 4059 1341 4104 cum
1359 4043 1521 4119 potestate
1538 4041 1685 4102 omnium
1707 4043 1819 4103 trans-

1020 4141 1170 4212 mittatis,
1187 4141 1224 4200 ut
1238 4139 1267 4199 si
1282 4139 1478 4200 electionem
1497 4139 1671 4214 utramque
1686 4139 1818 4200 contin-

1020 4239 1122 4314 geret,
1141 4237 1269 4314 Justitia
1290 4237 1456 4312 exigente,
1480 4235 1617 4308 cassari,
1638 4235 1739 4297 iidem
1759 4251 1819 4313 per

1019 4334 1215 4396 electionem
1227 4333 1366 4396 liberem
1375 4332 1612 4394 etoanonioam
1625 4333 1755 4409 possint
1765 4349 1819 4395 vo-

1019 4431 1070 4492 his
1098 4433 1265 4508 pastorem
1292 4430 1448 4492 idoneum
1475 4429 1660 4507 providere.
1699 4432 1817 4492 Datum

1021 4530 1134 4602 Reate,
1155 4528 1265 4590 idibus
1299 4529 1443 4605 augusti,
1467 4525 1679 4604 pontificatus
1713 4529 1816 4589 nostri

1019 4643 1108 4688 anuo
1128 4631 1259 4706 quarto.

1020 3947 1191 4008 curatores
1215 3947 1317 4021 ipsos,
1343 3962 1400 4008 seu
1426 3945 1523 4018 alios,
1546 3946 1645 4021 prout
1666 3946 1818 4007 videritis
1945 3937 1947 3942 ’

1054 5423 1084 5478 in
1098 5421 1232 5479 omnibus
1244 5420 1379 5488 fidelitate
1392 5427 1421 5478 et
1434 5419 1497 5492 lure
1513 5421 1649 5478 Romane
1668 5420 1813 5478 Ecclesioe.
1914 5463 1925 5480 2
