4248 6410
351 257 410 320 oet

353 413 559 485 cabilonem,
576 412 610 474 et
630 411 760 474 dilectis
785 408 863 476 liliis
889 451 949 468 .....
975 406 1087 472 abbati
1108 407 1149 470 de

289 548 294 557 ,
353 497 539 581 Firmitata
565 508 757 572 cistercien.
786 505 923 578 ordinis,
955 504 1146 568 cabilonen.

355 608 520 672 heresis.

394 705 623 787 Multiplicatis
643 702 797 782 precibus
816 699 1018 765 venerabilis
1033 700 1146 763 fratris

355 802 510 866 nostri...
543 801 708 879 quondam
751 799 968 862 Matiscouen.
1001 797 1149 874 episcopi

353 899 530 976 benignius
544 899 741 968 annuentes,
754 897 863 974 ipsum
879 912 899 958 a
918 911 998 958 cura
1012 892 1150 972 regimi-

355 997 407 1058 nis
418 996 567 1058 ecclesiee
581 995 803 1056 Matisconen.
815 993 1029 1063 absolvimus,
1042 991 1149 1054 eidem

356 1095 392 1156 ut
412 1091 657 1170 pontificalibus
684 1092 797 1154 utatur
821 1089 1008 1166 insignibus
1030 1103 1151 1150 conce-

354 1189 480 1250 dentes.
498 1189 640 1268 ideoque
653 1187 847 1249 discretioni
858 1187 977 1252 vestrae
993 1188 1151 1264 perApo·

354 1287 473 1350 stolica
496 1287 619 1364 scripta
644 1286 858 1358 mandamus,
881 1283 1044 1361 quatenus
1064 1298 1152 1358 prta-

354 1383 422 1446 iata
434 1385 600 1462 episcopo,
611 1385 645 1446 et
654 1382 738 1444 bene
747 1381 926 1454 merito,de
936 1379 1150 1458 proventibus

355 1481 573 1548 Matisconen.
611 1481 771 1558 episcopii
806 1479 1030 1558 provisionem
1066 1491 1149 1538 con-

355 1592 475 1654 gruam
500 1577 690 1652 assignetis,
717 1577 766 1638 ita
789 1575 874 1654 quod
902 1578 975 1652 ejus
1005 1572 1150 1652 provisio

354 1689 417 1736 nec
431 1673 496 1742 sibi
511 1675 652 1739 nimium
665 1673 788 1746 tennis,
805 1687 867 1734 neo
880 1674 952 1748 ejus
965 1670 1150 1734 successori

354 1771 494 1836 nimium
523 1772 656 1850 pinguis
689 1771 807 1836 merito
835 1770 1000 1833 videatur.
1031 1772 1150 1832 Datum

353 1869 522 1944 Laterani,
533 1871 577 1935 1v
589 1867 722 1935 kalend.
735 1866 908 1935 februarii,
920 1881 1009 1932 anuo
1023 1865 1148 1946 quinto.

653 2062 856 2152 CCXXXV

453 2198 506 2259 Ad
520 2198 716 2271 episcopum
729 2195 1029 2261 Matisconensem.

649 2316 685 2375 30
695 2315 757 2390 jnn.
775 2317 855 2375 llll.

385 2431 504 2497 magari,
515 2431 561 2483 lib.
572 2431 605 2491 V,
615 2431 689 2497 epist.
701 2431 756 2482 382
771 2429 828 2482 llss.
841 2431 878 2483 La
890 2430 966 2482 Porto
977 2429 1013 2481 du
1022 2429 1118 2496 Thali]

373 2597 380 2608 ,
446 2539 610 2598 ceseiomm
625 2539 687 2612 ejus
701 2537 738 2597 ab
752 2540 918 2612 episcopatu
934 2535 1065 2596 admittit.

398 2657 577 2728 Honorius,
601 2657 676 2729 etc,
692 2654 877 2718 venerabili
892 2655 988 2716 fratri
1008 2656 1045 2716 P.
1061 2655 1152 2732 epis·

356 2769 440 2832 copo
452 2755 618 2831 quondam
632 2753 850 2816 Matisconen.

396 2851 626 2928 Multiplicatis
645 2851 798 2927 precibus
822 2851 888 2911 tuis
907 2849 1041 2910 tandem
1062 2847 1153 2910 beni·

356 2948 456 3024 gnius
475 2948 659 3009 annuentes
676 2949 709 3008 te
727 2961 842 3009 acura
856 2946 1029 3022 regiminis
1044 2945 1153 3008 eccle-

356 3047 416 3106 siae
438 3045 656 3107 Matisconen.
682 3043 895 3116 absolvimus,
922 3043 1150 3116 concedentes

355 3143 391 3204 ut
406 3141 652 3220 pontificalibus
666 3142 772 3203 utaris
787 3141 988 3217 insignibus,
1005 3156 1045 3203 ac
1063 3155 1153 3201 man·

356 3241 474 3302 dantes
488 3255 563 3302 ven.
582 3240 676 3302 fratri
687 3239 840 3302 nostro...
853 3239 1045 3301 cabilonen.
1062 3238 1153 3316 epis-

356 3353 438 3415 copo
458 3339 491 3398 et
510 3337 631 3400 dilecto
657 3337 763 3399 tilio...
784 3335 896 3398 abbati
918 3336 959 3397 de
980 3334 1152 3397 Firmitete

356 3433 550 3498 cistercien.
567 3435 706 3506 ordinis,
727 3433 919 3495 cabilonen.
935 3433 1101 3506 dioecesis,
1118 3435 1153 3495 ut

353 3531 396 3592 de
418 3531 633 3608 proventibus
656 3531 876 3592 Matisconen.
898 3530 1071 3610 episcopii,
1097 3529 1152 3592 cui

356 3626 569 3690 laudabiliter
586 3627 766 3705 praeluisti,
792 3643 974 3704 congruam
991 3627 1052 3688 tibi
1072 3643 1152 3705 pro-

341 3725 519 3788 ·visiouem
535 3725 717 3801 assignent.
734 3725 851 3789 Datum
867 3724 1037 3797 Laterani,
1052 3725 1151 3787 tertio

354 3821 516 3884 kalendas
527 3822 700 3894 februarii,
717 3837 806 3884 anno
821 3821 949 3900 quinto.

643 4019 865 4106 dcxxxvi

353 4155 405 4214 Ad
419 4155 593 4232 episcopos
609 4155 812 4219 Praeconem
834 4153 867 4214 et
886 4155 1149 4228 arragonensem.

651 4275 686 4334 30
695 4274 757 4350 jan.
775 4275 854 4341 titt.

382 4393 501 4458 [aegest.
515 4390 561 4444 lib.
574 4390 607 4455 V,
619 4390 692 4460 epist.
707 4387 763 4440 aar.
777 4391 836 4442 tiss.
850 4389 886 4448 La
897 4389 973 4443 Porta
983 4388 1017 4442 du
1032 4387 1126 4454 thail]

356 4499 410 4556 ltat
428 4499 471 4556 eis
490 4497 667 4570 provinciam
681 4495 717 4556 de
734 4495 767 4557 G.
787 4495 964 4555 Lausanensi
986 4495 1088 4564 eleeto,
1102 4495 1151 4567 oui

390 4585 427 4644 ad
441 4585 540 4644 sedern
555 4584 733 4644 bisuntinam
745 4598 761 4640 a
775 4582 921 4643 canonicis
937 4584 1101 4652 vocabatur,
1112 4584 1152 4640 in-

389 4674 572 4750 dalreudini
587 4673 611 4730 si
626 4672 746 4732 mouens
765 4670 918 4752 videretur,
931 4671 1025 4745 ipsum
1044 4671 1148 4730 coudr-

391 4763 498 4821 mandi.

394 4879 577 4950 Honorius,
603 4877 685 4950 etc,
714 4874 962 4940 venerabilibus
993 4876 1151 4938 iratribus

355 4979 492 5040 Trecen.
507 4977 540 5038 et
554 4975 738 5052 lingonen.
755 4974 931 5052 episcopis.

395 5070 544 5133 Ecclesia
555 5069 731 5132 Bisuntina
747 5068 891 5146 pastoris
906 5067 1028 5130 solatio
1046 5067 1151 5132 desti-

355 5171 437 5240 tuta,
450 5167 561 5230 dilecti
577 5167 638 5228 tilii
651 5169 686 5228 S.
700 5165 871 5244 Stephani,
888 5167 958 5228 et...
974 5167 1008 5227 S.
1023 5165 1152 5228 iohan-

353 5269 407 5330 nis
420 5265 583 5330 Bisuntin.
598 5263 727 5336 decani,
740 5267 773 5326 et
783 5263 948 5336 canonici,
960 5265 1152 5328 convocatis

354 5365 410 5444 qui
426 5364 558 5428 luerent
568 5362 785 5436 convocandi,
797 5361 838 5422 de
849 5376 941 5422 more
955 5363 1154 5423 convenien-

353 5468 404 5526 tes
428 5463 463 5524 in
492 5478 607 5530 unum,
637 5462 833 5540 potestatem
862 5458 1058 5537 providendi
1088 5461 1152 5521 eibi

355 5575 533 5640 personant
554 5559 706 5623 idoneam
734 5558 894 5620 canonice
914 5557 952 5618 in
973 5560 1150 5633 pastorem,

967 249 1143 310 nononn
1165 248 1210 310 111
1232 250 1380 312 OPERA.

1952 247 2027 314 692

1203 407 1276 470 ln...
1297 409 1444 487 priorem
1463 409 1496 472 S.
1518 407 1653 471 Pauli...
1677 409 1847 472 cantorem
1871 409 1904 472 S.
1931 409 2024 470 Ste-

1204 503 1344 582 phani...
1360 506 1632 586 archidiaconum
1650 505 1692 568 de
1710 507 1835 568 Salinis
1850 507 1923 569 et..
1944 522 2020 567 ca-

1204 603 1384 664 merarium
1416 603 1579 666 Bisuutin.
1612 603 1816 668 unanimiter
1847 603 2022 666 contule-

1204 701 1292 762 runt.
1307 699 1431 772 Quibus
1449 700 1659 764 concorditer
1677 700 1932 765 nominantibus
1956 700 2020 760 di-

1204 795 1325 858 leotum
1340 795 1445 858 lilium
1458 800 1495 858 c.
1508 800 1697 862 Lausanen.
1713 797 1900 870 electum,a
1915 798 2019 858 Sede

1207 893 1394 970 apostolica
1415 894 1660 972 postulandum,
1680 894 1810 972 praelati
1834 895 1962 956 decani
1980 895 2019 954 et

1204 990 1357 1054 canonici
1367 993 1599 1068 procuratores
1612 1008 1690 1054 suos
1703 989 1745 1054 ad
1758 993 1908 1054 nostram
1921 1007 2019 1068 prae·

1204 1087 1345 1152 sentiam
1360 1088 1564 1152 destinantes
1585 1089 1799 1166 postularunt
1819 1089 2016 1152 concordi-

1205 1188 1256 1246 ter
1275 1188 1309 1247 et
1326 1185 1502 1259 instanter,
1523 1188 1562 1250 ut
1581 1187 1733 1249 eumdem
1749 1185 1894 1248 electum
1906 1187 1964 1246 eis
1977 1186 2016 1246 in

1205 1283 1371 1364 pastorem
1384 1283 1566 1348 concedere
1581 1283 1806 1362 dignaremur.
1822 1284 1917 1348 Licet
1938 1299 2015 1344 au-

1205 1379 1272 1441 tem
1284 1381 1350 1440 tarn
1366 1381 1441 1460 ipsi,
1458 1397 1557 1461 quam
1578 1381 1732 1445 nonnulli
1745 1380 1816 1454 alii,
1828 1381 1886 1460 qui
1901 1397 2017 1456 super

1205 1475 1268 1540 hoc
1283 1477 1378 1540 nobis
1398 1494 1475 1542 suas
1495 1478 1624 1542 litteras
1638 1478 1844 1548 direxerunt,
1858 1478 2015 1540 electum

1205 1575 1313 1652 ipsum
1325 1573 2014 1654 multipliciterdelitteratura,prudentia

1205 1673 1239 1734 et
1253 1673 1426 1736 honestate
1446 1672 1686 1746 commendent,
1707 1673 1740 1735 et
1754 1687 1815 1734 nos
1830 1671 1871 1734 ad
1888 1672 2015 1748 provi-

1206 1769 1333 1832 sionem
1353 1769 1458 1846 ipsius
1482 1769 1633 1834 ecclesiae
1646 1768 1842 1851 jamdudum
1857 1769 2013 1848 pastoris

1206 1865 1325 1928 solatio
1341 1866 1516 1938 destitutae,
1527 1866 1639 1928 debita
1652 1865 1876 1928 sollicitudine
1890 1866 2014 1926 inten-

1206 1963 1333 2038 damus,
1356 1964 1435 2042 quia
1461 1965 1572 2026 tamen
1596 1963 1687 2026 circa
1706 1978 1884 2042 personam
1904 1979 2011 2024 suam

1206 2076 1273 2122 non
1286 2061 1393 2124 solum
1404 2061 1493 2132 aliis,
1509 2061 1566 2122 sed
1583 2061 1683 2124 etiam
1698 2061 1862 2140 episcopis
1875 2061 2010 2138 praefe-

1206 2158 1343 2220 rendam
1362 2157 1599 2238 impensiorem
1619 2157 1825 2238 diligentiam
1845 2159 2011 2220 convenii

1206 2253 1378 2328 adhibere,
1393 2255 1428 2319 in
1442 2248 1576 2332 negotio
1596 2255 1681 2334 ipso,
1697 2271 1798 2334 quum
1811 2255 1893 2316 dicti
1905 2255 2009 2316 electi

1207 2367 1350 2430 persona
1369 2352 1413 2415 sit
1433 2353 1528 2419 nobis
1548 2353 1728 2430 incognita,
1749 2352 1906 2414 duximus
1924 2369 2005 2414 cum

1207 2450 1397 2512 maturitate
1432 2449 1543 2512 debita
1573 2449 1828 2532 procedendum.
1858 2450 2008 2528 Ideoque

1206 2545 1409 2610 fraternitati
1434 2549 1554 2611 vestrae
1579 2563 1638 2624 per
1662 2548 1853 2626 apostolica
1876 2547 2006 2624 scripta

1206 2645 1414 2716 mandamus,
1431 2647 1594 2722 quatenus
1622 2644 1763 2706 electum
1783 2642 1891 2721 ipsum
1912 2646 2006 2705 circa

1206 2741 1438 2814 litteraturam,
1452 2742 1575 2812 atalia,
1592 2757 1666 2819 quae
1676 2742 1711 2802 in
1725 2741 1881 2822 pontifice
1891 2741 2006 2818 requi·

1206 2839 1335 2916 runtur,
1350 2837 1528 2916 diligenter
1546 2839 1739 2902 examinare
1765 2839 1899 2910 curetis,
1916 2841 1951 2900 et
1975 2839 2004 2900 si

1206 2951 1281 2998 eum
1300 2936 1449 3001 ecclesiae
1474 2937 1656 2998 Bisnntinae
1679 2937 1840 3014 regimine
1855 2936 2002 2998 invene-

1206 3034 1280 3098 ritis
1295 3049 1368 3098 esae
1387 3033 1535 3110 dignum,
1553 3033 1660 3114 ipsum
1678 3033 1785 3101 eidem
1801 3033 2002 3096 auctoritate

1207 3133 1320 3192 nostra
1330 3131 1363 3192 in
1373 3134 1539 3210 pastorem
1552 3132 1585 3194 et
1594 3131 1785 3210 episcopum
1798 3129 2001 3201 concedatis,

1207 3243 1226 3290 a
1244 3244 1324 3294 cura
1341 3231 1527 3292 lausanen.
1544 3229 1695 3292 ecclesiae
1719 3227 1916 3291 absolutum.
1933 3229 2003 3288 Da-

1206 3329 1276 3388 tum
1290 3326 1458 3400 laterani,
1472 3327 1517 3390 lli
1530 3325 1691 3390 kalendas
1701 3324 1873 3396 februarii,
1889 3324 2002 3404 ponti·

1209 3424 1326 3490 dcatus
1340 3424 1448 3488 nostri
1459 3439 1548 3493 anno
1563 3423 1697 3504 quinto.

1484 3645 1727 3732 cdxxxvii

1206 3789 1445 3850 AdAndreum
1460 3791 1754 3864 archiepiscopum
1773 3787 2000 3850 Lundensem.
2100 3761 2101 3764 Ἴ

1502 3909 1538 3968 bd
1549 3908 1613 3989 jan.
1628 3909 1708 3976 latr.

1364 4023 1456 4089 [Gelan
1471 4023 1593 4090 Apparet.
1602 4023 1644 4082 di,
1654 4037 1681 4074 n.
1695 4023 1733 4082 le,
1744 4022 1847 4094 fragm]

1224 4139 1342 4200 llnndat
1354 4147 1386 4196 ut
1398 4140 1517 4213 recipiat
1531 4145 1559 4197 et
1575 4138 1717 4197 custodiat
1731 4139 1882 4212 pennulam
1897 4152 1986 4211 quam

1260 4228 1427 4300 Upselensis
1442 4226 1674 4302 archiepiscopus
1689 4226 1839 4300 assignare
1853 4225 1946 4283 debet.

1246 4355 1424 4426 Honorius,
1451 4369 1567 4416 servus
1595 4368 1767 4415 servorum
1791 4354 1862 4426 Dei,
1890 4352 2005 4414 archi·

1207 4451 1361 4530 episcopo
1381 4450 1486 4514 Lund.
1502 4449 1684 4530 (Andreae),
1699 4450 1851 4518 salutem,
1868 4451 1930 4512 eto.

1246 4549 1462 4612 Fraternitati
1498 4550 1564 4610 tuae
1598 4547 1808 4620 mandamus,
1840 4549 2003 4626 quatenus

1207 4647 1392 4725 pecuniam,
1411 4647 1439 4708 si
1459 4663 1558 4724 quarn
1573 4643 1633 4707 tibi
1653 4647 1766 4707 nostro
1782 4645 1914 4711 nomine
1935 4659 2000 4705 ve-

1207 4742 1999 4820 nerabilistraternosterUpsalensiearohiepis-

1207 4857 1308 4920 copus
1333 4841 1527 4917 assignabit,
1548 4841 1691 4917 recipias
1713 4840 1746 4903 et
1763 4839 1929 4901 custodias
1950 4838 2003 4899 di-

1207 4939 1362 5014 ligenter,
1375 4937 1480 4998 donec
1501 4951 1602 5014 super
1625 4935 1687 4998 hoc
1709 4935 1845 4997 anobis
1863 4933 2004 4996 manda-

1206 5037 1276 5098 tum
1291 5035 1458 5112 receperis
1474 5033 1642 5106 iteratum,
1658 5036 1721 5096 etc.

1248 5167 1436 5250 (Excerpsit
1451 5167 1669 5244 Lagerbrlng,
1685 5169 1727 5233 Η.
1738 5166 1816 5236 s.,t.
1831 5167 1873 5238 ΙΙ,
1884 5184 1915 5243 p.
1930 5169 2000 5238 416,

1207 5283 1251 5328 ex
1278 5265 1470 5351 apographo
1499 5280 1559 5347 per
1584 5263 1765 5336 Malletum,
1792 5263 1875 5340 prol.
1901 5263 2002 5325 Heln.

1207 5365 1321 5427 Rornae
1341 5379 1415 5424 curn
1440 5363 1517 5426 aliis
1545 5361 1741 5424 Pontificum
1764 5361 1925 5440 epistolis,
1944 5377 2003 5424 re-

1207 5478 1348 5538 gnorum
1368 5458 1677 5538 septentrionalium
1707 5459 1881 5522 historiam
1903 5460 2006 5520 illus·

1208 5558 1384 5630 trantibns,
1400 5546 1624 5634 transmisso.)
