4300 6392
217 287 281 382 son
458 299 463 306 ‘
842 279 1071 342 EPISTOLAE.
1096 280 1173 338 LIB.
1198 279 1251 338 IV.
1804 273 1863 332 366
1907 258 1910 264 ’

216 459 292 508 aem
315 445 386 518 Dei,
412 445 446 510 et
465 444 614 522 virginis
639 443 795 520 gloriosae
835 440 1013 504 Genitricis
1067 437 1334 504 consecrationes
1346 433 1515 504 altarium,
1526 432 1752 496 ordinationes
1767 431 1869 494 cleri·

219 544 381 620 ejusdem,
401 542 570 605 desideras
594 541 760 612 dedicare,
788 542 825 602 ut
849 540 882 601 te
906 540 1012 616 ipsum
1068 550 1193 608 corum,
1211 534 1269 611 qui
1294 533 1335 594 ad
1357 548 1470 594 sacros
1496 531 1629 594 ordines
1654 529 1777 592 fuerint
1790 546 1869 608 pro-

219 641 267 702 ibi
286 641 427 702 Domino
452 639 575 702 offeras
601 638 843 708 holocaustum,
872 637 906 698 et
929 636 1013 696 alias
1068 632 1232 703 movendi,
1257 628 1479 690 adioecesano
1504 627 1677 705 postuletis
1701 627 1867 704 episcopo,

218 737 376 813 exemplo
384 739 447 798 tuo
457 737 498 798 ad
518 736 668 798 divinum
684 735 878 811 obsequium
892 748 1014 809 provo·
1068 729 1098 788 si
1113 745 1153 788 ea
1168 727 1272 804 gratis
1295 729 1328 788 et
1349 727 1421 788 sine
1447 726 1612 804 pravitate
1634 717 1746 802 aliqua
1772 722 1868 784 vobis

217 849 287 906 ees,
310 834 466 911 injussi
491 833 728 910 proprietatem
754 831 843 894 beati
868 831 957 892 Petri
982 830 1015 891 et
1068 823 1214 886 voluerit
1239 821 1408 884 exhibere.
1444 821 1601 898 Alioquin
1641 820 1741 882 liceat
1775 818 1869 880 vobis
1956 843 1958 856 r

217 931 376 994 Eoolesiae
398 934 556 992 Romanas
571 927 1014 1006 suscepimus,verumquia
1069 935 1308 998 quemcumque
1332 918 1517 980 malueritis
1548 918 1642 979 adire
1673 917 1866 987 antistitem,

217 1028 343 1105 petiisti
355 1027 492 1099 anobis,
507 1029 543 1090 ut
555 1028 664 1088 locum
678 1027 786 1103 ipsum
800 1041 839 1087 ac
854 1039 1014 1102 personas
1068 1017 1212 1094 gratiam
1228 1016 1261 1078 et
1275 1017 1540 1078 communionem
1555 1015 1754 1093 Apostolicae
1773 1014 1869 1076 Sedis

215 1126 255 1185 in
270 1141 310 1188 eo
324 1126 464 1187 Domino
490 1124 686 1187 famulantes
711 1123 825 1184 contra
846 1122 1014 1198 maligno·
1069 1113 1255 1184 habentem,
1269 1112 1430 1190 quivobis
1442 1111 1640 1175 ἃῦὓῖθΐῑῖᾶῑθ
1652 1112 1747 1174 Sedis
1762 1114 1869 1188 APOS·

219 1237 292 1284 rum
304 1222 469 1294 incursus,
481 1221 696 1300 protectionis
709 1221 803 1282 Sedis
817 1218 1014 1296 apostolicae
1069 1211 1190 1284 tolicae,
1218 1211 1305 1288 quod
1327 1209 1524 1288 postulatur,
1544 1210 1722 1287 impendat·
1749 1212 1870 1272 Sacer·

219 1319 396 1400 privilegio
424 1319 641 1390 muniremus,
658 1333 719 1380 nos
738 1317 918 1393 tuisJ'ustis
933 1332 1014 1392 pre·
1070 1308 1130 1370 dos
1143 1309 1306 1386 siquidem
1322 1323 1464 1382 annuus,
1479 1307 1532 1368 vel
1548 1309 1737 1384 perpetuus,
1756 1308 1791 1368 in
1813 1323 1870 1368 ec-

222 1416 316 1478 cibns
329 1415 494 1488 inclinati,
508 1415 631 1476 dictum
648 1414 888 1476 monasterium
904 1413 1016 1488 Virgi-
1070 1406 1172 1468 clesia
1203 1408 1326 1478 vestra,
1352 1421 1427 1466 cum
1453 1404 1657 1466 conscientia
1688 1404 1868 1466 dioecesani

218 1513 273 1576 ms
286 1513 453 1590 gloriosas,
471 1513 557 1588 quod
573 1512 614 1574 so
630 1515 813 1574 Romanam
832 1510 1015 1572 seelestam
1070 1503 1218 1580 episcopi
1233 1504 1432 1574 assumatur,
1456 1504 1489 1565 et
1512 1501 1694 1564 sacerdotis
1720 1501 1868 1579 ejusdem

223 1611 316 1672 nullo
332 1611 476 1688 pertinet
486 1609 664 1681 mediante,
681 1609 716 1670 in
730 1623 794 1685 quo
810 1608 923 1670 divino
935 1608 1014 1670 estis
1070 1601 1309 1662 correctionem
1334 1599 1527 1662 canonicam
1553 1600 1745 1662 Florentino
1765 1600 1866 1676 episc.

219 1707 381 1784 obsequio
393 1707 601 1783 mancipate,
620 1721 693 1768 cum
718 1705 881 1782 personis,
899 1707 932 1766 et
944 1719 1016 1766 om·
1069 1713 1291 1766 reservamus.
1309 1697 1457 1758 obeunte
1474 1713 1554 1758 vero
1569 1698 1602 1758 te
1617 1712 1706 1759 nunc
1718 1698 1868 1774 ejusdem

221 1805 430 1866 amassenus
446 1804 589 1866 sussen
604 1801 1015 1879 neauastraprotacnoas
1069 1793 1134 1860 loci
1147 1793 1328 1866 abbatissa,
1338 1793 1391 1854 vel
1401 1793 1535 1866 tuarum
1548 1809 1700 1854 sororum
1711 1793 1772 1854 tihi
1783 1809 1868 1871 qua-

220 1902 481 1978 susoipimus,‚et
509 1899 819 1978 praesentis-scripti
839 1898 1015 1977 privilegio
1069 1890 1150 1960 libet
1161 1906 1367 1962 successura,
1379 1890 1470 1951 nulla
1485 1889 1531 1950 ibi
1547 1889 1868 1968 cujuslibetsubrep-

219 1999 473 2066 communimus.
491 2001 528 2060 ln
547 1998 663 2075 primis
686 1997 848 2074 siquidem
866 1997 1016 2058 statuen-
1069 1987 1170 2050 tionis
1186 1988 1308 2048 astutia
1324 1987 1552 2049 seuviolentia
1568 1989 1791 2066 praeponatur,
1802 1988 1869 2048 nisi

219 2097 282 2167 tes,
312 2097 347 2158 nt
383 2097 465 2158 ordo
495 2095 709 2166 monasticus,
744 2095 802 2170 qui
832 2093 1015 2154 secundum
1070 2101 1169 2162 quam
1185 2085 1496 2152 sororescommuni
1511 2101 1676 2146 consensu
1691 2086 1744 2147 vel
1768 2101 1866 2146 soro-

219 2196 334 2264 Deum‚
359 2193 392 2256 et
419 2193 507 2254 beati
532 2191 704 2257 Benedicti
731 2191 897 2266 rapulam,¹
917 2206 1015 2267 quam
1069 2199 1144 2244 rum
1165 2197 1243 2261 pars
1267 2182 1400 2243 consilii
1420 2182 1578 2253 sanioris,
1604 2183 1786 2244 secundum
1808 2181 1869 2244 Del

130 2294 133 2298 ·
218 2287 471 2368 prosequimini,
484 2290 519 2350 m
533 2289 648 2353 eodem
667 2288 928 2358 loeomsututus
941 2303 1015 2350 esse
1069 2280 1234 2351 timorem,
1246 2279 1282 2352 ‚st
1293 2279 1381 2341 esau
1394 2279 1565 2342 Benedicti
1577 2279 1738 2356 regulam,
1755 2280 1869 2356 brovi-

220 2385 436 2463 dipnoscitur,
470 2387 638 2464 perpetuis
661 2385 783 2458 ibidem
811 2373 1014 2462 temporibus
1069 2377 1181 2438 derint
1200 2376 1400 2452 eligendam·
1423 2376 1628 2438 Electionem
1646 2393 1776 2455 quoque
1796 2379 1867 2439 Ro·

218 2482 459 2544 inviolabiliter
477 2482 685 2554 observetur,
714 2480 943 2552 observantias
958 2480 1016 2541 ni·
1071 2473 1334 2543 manoPontitlci
1345 2474 1398 2540 vel
1411 2473 1522 2548 legato
1536 2473 1578 2534 ab
1594 2477 1666 2552 ejus
1677 2474 1782 2536 latere
1797 2475 1868 2536 des·

218 2579 400 2654 nilominus
427 2579 611 2655 regulares,
636 2579 837 2656 quas-juxta
864 2577 1014 2638 ordinem
1069 2571 1191 2642 tinat0,
1234 2571 1292 2632 aut
1328 2569 1381 2642 ei,
1419 2570 1473 2631 cui
1506 2570 1662 2632 Pontifex
1697 2575 1867 2634 Romanus

219 2677 444 2748 Dominarum,
472 2679 516 2750 S.
533 2677 650 2738 Mariae
679 2675 712 2738 et
737 2677 770 2736 S.
792 2674 953 2736 Damiano
975 2672 1015 2734 de
1070 2667 1271 2743 injunxerit,
1280 2668 1531 2744 repraesentent,
1547 2683 1567 2728 a
1583 2683 1647 2744 quo
1658 2667 1772 2731 electae
1786 2685 1868 2731 con-

218 2773 346 2842 Assisio
359 2775 480 2850 praeter
498 2773 688 2850 generalem
717 2772 830 2833 Sancti
845 2769 1016 2832 Benedicti
1071 2763 1268 2832 firmationis
1293 2765 1326 2825 et
1348 2763 1589 2826 benedictionis
1606 2767 1715 2844 gratia
1739 2766 1869 2844 impen-

219 2870 370 2946 regulam
393 2869 487 2932 vobis
508 2869 695 2931 voluntarie
724 2868 1015 2938 indixistis,.ratas
1054 2862 1178 2924 datur.
1207 2862 1435 2924 correctiones
1462 2862 1600 2940 insuper
1630 2865 1698 2926 tam
1724 2847 1863 2940 capitis,

218 2965 392 3040 babemus,
416 2968 448 3029 et
459 2982 516 3028 eas
529 2965 696 3044 perpetuis
717 2964 920 3042 temporibus
943 2979 1017 3024 ma·
1070 2975 1168 3036 quam
1189 2957 1421 3030 membrorum,
1439 2976 1539 3036 super
1560 2961 1724 3034 omnibns,
1741 2979 1815 3040 quae
1829 2964 1866 3024 in

218 3080 299 3138 nere
318 3063 527 3126 decernimus
552 3063 711 3138 illibatas.
727 3063 891 3124 Praeterea
906 3061 1014 3124 locum
1070 3056 1211 3118 ecclesia
1234 3055 1358 3119 fuerint
1386 3058 1603 3135 corrigenda,
1629 3059 1694 3120 soli
1718 3061 1867 3123 Romano

218 3163 377 3233 vestrum,
394 3162 492 3244 etea,
507 3177 580 3239 quaa
596 3161 630 3223 in
644 3160 751 3238 ipsius
770 3159 912 3222 circuitu
925 3159 1016 3237 juste
1070 3153 1236 3226 Pontifici,
1253 3153 1306 3214 vel
1322 3154 1367 3226 ei,
1380 3169 1476 3234 quem
1490 3156 1562 3232 ipse
1582 3155 1624 3218 ad
1648 3156 1711 3218 boc
1726 3157 1869 3234 deputa-

218 3274 258 3330 ac
268 3258 430 3320 canonice
442 3258 631 3342 possidetis,
643 3257 749 3330 vobis,
763 3258 797 3318 et
810 3272 871 3333 per
884 3271 944 3318 vos
958 3256 1013 3328 iis,
1069 3251 1166 3324 verit,
1193 3267 1415 3314 reservamus.
1448 3253 1666 3315 probibemus
1694 3255 1798 3330 igitur
1825 3271 1867 3316 ne

218 3372 293 3434 quae
320 3355 430 3428 vobis,
445 3356 604 3430 canonice
628 3354 867 3428 successerint,
893 3354 1017 3416 conflr-
1070 3349 1145 3426 quis
1159 3349 1345 3427 episcopus,
1360 3351 1412 3412 vel
1428 3351 1583 3428 quaelibet
1603 3351 1670 3414 alia
1688 3352 1868 3414 ecclosias-

218 3468 359 3528 mamus,
387 3455 422 3518 sn
442 3452 655 3530 praestatione
675 3493 678 3498 ,
696 3467 775 3515 vero
813 3451 1015 3516 decimarum
1070 3447 1136 3509 tica
1147 3446 1361 3510 saecularisve
1376 3461 1529 3525 persona,
1546 3448 1716 3511 libertates
1735 3451 1866 3512 vestras

215 3551 382 3614 clausurae
391 3550 522 3622 vestrae,
531 3549 611 3612 etde
624 3549 796 3612 hortorum
807 3549 968 3612 fructibus
983 3552 1017 3613 et
1070 3544 1253 3621 infringere
1266 3546 1323 3606 aui
1335 3545 1472 3608 obtentu
1492 3545 1670 3624 cujuslibet
1683 3551 1864 3610 consuetu-

218 3663 392 3728 pomorum
406 3663 465 3709 vos
485 3663 558 3709 esse
579 3646 799 3718 decernimus,
819 3648 1015 3710 auctoritate
1070 3641 1169 3714 dinis,
1183 3642 1237 3703 vel
1252 3643 1320 3704 alio
1335 3642 1431 3704 modo
1448 3643 1573 3722 aliquid
1594 3659 1615 3706 a
1636 3644 1732 3710 vohis
1746 3645 1867 3709 audeat

219 3745 349 3822 paginae
362 3745 548 3822 praesentis,
567 3744 743 3806 immunes.
771 3747 836 3807 Pro
849 3745 891 3806 iis
903 3746 1014 3807 autem
1070 3740 1279 3816 extorquere,
1295 3756 1354 3801 ³011
1375 3739 1410 3801 in
1433 3757 1502 3814 vos,
1525 3742 1580 3803 iel¹
1594 3742 1769 3806 ecclesiam
1790 3759 1867 3805 ves·

217 3842 349 3914 otaffis,
370 3842 538 3920 inquibus
561 3842 704 3904 ecclesia
718 3843 830 3904 vestra
843 3842 1015 3919 legadiae·
1069 3837 1170 3909 tram,
1181 3837 1349 3901 interdicti
1364 3838 1416 3900 vel
1427 3840 1866 3906 excommunicationissen-

216 3955 339 4004 cesana
370 3938 485 4002 forsan
516 3940 718 4002 florentinae
749 3940 900 4002 ecclesiae
922 3941 1016 4002 tene-
1069 3934 1190 3996 tentiae
1205 3935 1415 4012 promulgare
1440 3937 1631 4012 praesumat.
1652 3939 1733 3998 Cum
1755 3939 1865 3999 autem

217 4036 310 4098 retur
337 4051 437 4097 unam
463 4036 581 4098 libram
608 4052 694 4098 cerm
720 4037 860 4109 tantum,
891 4038 925 4099 et
947 4053 1014 4098 non
1069 4031 1225 4108 generale
1253 4032 1464 4094 interdictum
1492 4033 1590 4094 terrae
1616 4032 1733 4106 luerit,
1764 4035 1865 4098 liceat

217 4133 308 4202 aliud
333 4133 369 4194 in
396 4133 480 4198 festo
507 4133 622 4202 Sancti
656 4133 792 4206 zenobii
811 4133 1014 4196 Florentium
1068 4128 1174 4200 vobis,
1190 4128 1451 4205 clausisjanuis‚
1469 4129 1615 4190 exclusis
1635 4133 1864 4196 excommuni-

217 4230 369 4293 eoclesiae
386 4231 484 4298 annis
508 4229 650 4310 singulis
665 4230 873 4306 persolvetis.
899 4230 1015 4294 Liceat
1068 4225 1151 4287 catis
1166 4225 1219 4286 vel
1233 4225 1428 4298 interdictis,
1446 4242 1513 4288 non
1526 4227 1861 4306 pulsatis-campanis,

219 4342 350 4404 quoque
379 4327 473 4390 vobis
488 4327 646 4390 mulieres
658 4327 784 4403 ¹liberas
796 4330 830 4390 et
844 4327 1013 4396 absolutas
1069 4337 1246 4399 suppressa
1279 4339 1377 4396 voce,
1399 4323 1514 4388 divina
1542 4324 1651 4390 officia
1679 4327 1861 4401 celebrare,

215 4439 235 4484 e
251 4424 374 4486 saeculo
389 4423 553 4500 bagientes
575 4424 616 4485 ad
630 4424 881 4486 conversionem
896 4425 932 4486 in
951 4441 1013 4487 ec·
1063 4420 1863 4502 specialiterinbibentesneusurarlosetexoonu·

217 4521 321 4582 clesia
345 4522 455 4583 vestra
466 4522 627 4598 recipere,
649 4522 682 4582 et
709 4537 767 4582 eas
781 4521 854 4583 sine
879 4524 1014 4584 contra-
1067 4519 1325 4591 munteausaut
1339 4519 1595 4596 haereticosvel
1617 4523 1657 4584 de
1672 4522 1794 4584 heresi
1808 4525 1863 4586 in-

215 4617 360 4680 dictione
372 4617 551 4694 cup'uslibet
562 4617 719 4680 retinere.
735 4636 753 4680 a
1067 4615 1263 4688 famatos,et
1274 4618 1504 4684 nominatima
1513 4619 1705 4684 Florentius
1719 4623 1861 4684 ecclesia

255 4715 507 4776 «Prohibemus
533 4716 650 4788 etiam,
678 4731 717 4778 ac
745 4715 831 4776 nulli
860 4732 1015 4779 sororum
1067 4714 1493 4790 sisterutcmspraesumsus
1507 4717 1544 4777 in
1558 4717 1628 4779 vita
1640 4718 1692 4780 vel
1708 4719 1742 4779 in
1756 4721 1861 4784 morte

212 4814 411 4885 vestrarum,
431 4813 506 4890 post
529 4813 650 4874 factam
676 4814 710 4873 in
737 4814 879 4876 ecclesia
902 4817 1012 4876 vestra
1067 4811 1311 4888 quomadolibet
1321 4813 1470 4888 recipere
1488 4813 1530 4873 ad
1543 4813 1668 4876 divina.
1683 4817 1753 4878 Nec
1767 4818 1860 4886 vobis

214 4909 464 4986 professionem,
488 4909 538 4970 fas
554 4910 597 4971 sit
611 4909 652 4971 de
673 4903 787 4971 eodem
810 4912 882 4972 loeo
903 4911 1012 4972 disee-
1066 4906 1166 4968 liceat
1188 4907 1393 4984 sepulturam
1418 4908 1540 4970 babere
1565 4911 1630 4972 nisi
1645 4914 1814 4988 proucbis
1829 4918 1861 4976 et

215 5005 304 5076 dere,
321 5021 381 5066 seu
394 5005 575 5066 claustrum
597 5007 745 5068 vestrum
770 5008 874 5068 exire.
892 5007 1010 5068 Disce·
1065 5004 1217 5080 personis
1232 5005 1321 5078 aliis,
1338 5021 1413 5083 quae
1427 5005 1468 5066 ad
1483 5010 1630 5070 vestrum
1645 5009 1769 5076 fuerint
1783 5027 1858 5074 ser-

215 5103 347 5164 dentem
360 5117 453 5173 vero,
479 5101 604 5179 absque
628 5101 853 5164 communium
876 5104 1010 5165 littera·
1065 5100 1182 5162 vitium
1196 5102 1373 5178 deputatae.
1387 5103 1435 5162 Ad
1448 5102 1608 5165 indicium
1624 5107 1724 5184 leupus
1739 5124 1759 5168 a
1776 5108 1859 5172 Sede

215 5213 287 5260 rum
313 5199 501 5262 vestrarum
531 5199 706 5271 cautione,
745 5199 855 5260 nullus
891 5201 1011 5262 audeat
1064 5198 1858 5276 Apostolicaperceptaelibertatlsaureumunum

214 5295 368 5356 retinere.
389 5295 539 5372 ollisque
562 5297 714 5372 personis
738 5312 947 5373 nequaquam
963 5297 1008 5357 li-
1065 5296 1258 5372 persolvetis
1272 5299 1420 5360 Romano
1435 5299 1589 5362 Pontifici
1604 5302 1817 5372 annuatim.»

214 5394 288 5456 ceat
300 5393 431 5469 ingredi
446 5392 626 5454 claustrum
641 5394 799 5464 vestrum,
814 5393 878 5454 nisi
892 5393 952 5466 eis,
969 5394 1010 5454 de
1104 5395 1352 5456 «Decernimus
1367 5410 1458 5472 ergo,
1483 5398 1519 5459 ut
1536 5398 1620 5458 nulli
1648 5398 1782 5462 omnino
1796 5401 1858 5464 llo-

214 5490 333 5567 qulbus
345 5489 513 5551 licentiam
535 5488 718 5552 habueritis
741 5490 929 5565 specialem.
945 5493 1011 5552 De-
1064 5491 1188 5552 minum
1205 5491 1304 5555 liceat
1322 5492 1495 5569 praefatum
1519 5495 1856 5574 monasteriumper-

213 5587 397 5650 dicationes
428 5601 506 5650 vero
546 5586 764 5650 ecclesiarum
794 5589 1006 5660 vestrarum,
1063 5587 1214 5661 turbare,
1251 5591 1308 5656 aut
1343 5592 1430 5667 ejus.
1446 5591 1672 5668 possessiunes
1706 5594 1853 5671 auferre,
