4248 6410
177 283 236 354 685
1756 291 1817 354 686

178 457 271 514 rum,
290 441 366 518 quia
393 441 427 506 in
451 441 518 510 tam
540 445 655 508 sancto
682 445 815 522 negotio
835 446 973 510 nonest
1027 446 1524 524 Deopotestexultationisvoce
1537 464 1603 511 non
1617 449 1816 512 immmerito

178 539 244 602 nisi
268 555 343 600 cnm
362 542 529 615 gravitate
553 543 696 622 plurima
717 542 970 620 procedendum,
1023 543 1179 619 jubilare,
1190 559 1274 621 quae,
1285 561 1402 606 cruore
1419 561 1516 608 roseo
1529 547 1581 607 sui
1593 547 1749 624 martyris
1759 562 1818 608 ru·

179 651 240 698 nos
255 635 295 698 de
310 636 374 700 tide
389 653 428 700 ao
448 639 651 722 discretione
666 641 776 704 vestra
791 641 922 716 plenam
937 640 972 699 in
1026 640 1165 714 bricata,
1179 642 1318 718 pulchra
1334 642 1420 704 tacta
1442 643 1493 704 est
1514 643 1547 705 et
1568 644 1722 720 apparuit
1741 659 1818 721 spe·

179 735 318 799 Domino
351 735 507 799 fiduciam
543 735 746 809 obtinentes,
777 735 971 798 discretioni
1028 738 1133 814 ciosa;
1151 739 1238 802 unde
1257 740 1463 805 diversarum
1478 740 1817 816 multitudogentium

178 835 298 894 vestrae
322 849 381 920 per
403 834 592 913 apostoliea
619 836 743 912 scripta
764 834 970 904 mandamus,
1028 836 1186 898 exomni
1213 835 1283 898 sere
1309 853 1383 914 quaa
1408 837 1469 902 sub
1499 836 1583 900 coelo
1608 839 1818 920 estuatione

804 287 1031 348 EPISTOIAE.
1056 289 1133 348 LIB.
1157 291 1195 350 V.

179 931 340 1006 quatenus
365 933 432 996 tam
456 931 497 992 de
518 932 597 1004 vite,
623 948 722 1009 quam
742 933 781 996 de
801 931 972 995 miraculis

180 1027 293 1090 Sancti
303 1027 451 1106 praedicti
460 1024 689 1106 perquirentes
702 1029 844 1092 sollicite
855 1028 972 1090 verita·

178 1126 256 1193 tom,
269 1141 367 1201 quam
381 1125 577 1190 inveneritis
592 1141 651 1208 per
665 1127 794 1191 vestras
810 1125 904 1189 nobis
917 1124 965 1188 lit

178 1223 267 1283 teras
283 1222 424 1284 fideliter
440 1223 612 1295 intimatis
630 1225 666 1286 ui
687 1240 731 1287 ex
750 1225 860 1286 vostra
884 1221 973 1284 rala-

178 1319 269 1382 tione
303 1319 508 1382 sufficienter
547 1321 720 1388 instructi,
754 1319 972 1397 procedamus

179 1416 301 1478 exindo
329 1418 430 1494 prout
453 1418 633 1478 secundum
659 1420 763 1478 Deum
791 1417 973 1478 viderimus

178 1513 434 1588 procedendum.
451 1514 543 1584 Quod
559 1515 668 1577 sinon
684 1530 797 1575 omnes
810 1514 862 1574 his
875 1529 974 1576 exse-

179 1609 320 1686 quendis
344 1610 519 1686 potueritis
538 1611 714 1680 interesse,
737 1610 802 1672 duo
824 1611 973 1675 vestrum

179 1720 219 1768 aa
237 1705 457 1768 nihilominus
470 1709 706 1784 exsequantur.
728 1708 846 1770 Datum
868 1709 972 1768 Late-

179 1803 265 1873 rani,
282 1805 357 1864 Vlll
377 1803 445 1864 kal.
461 1803 632 1877 februarii,
643 1805 855 1882 pontificatus
864 1804 972 1867 nostri

179 1914 267 1963 anno
283 1900 407 1976 quinto.
533 1967 542 1984 ⁸

178 2159 231 2219 Ad
245 2161 427 2220 attinersos
439 2159 567 2220 cereta
581 2159 697 2230 sidetes
706 2159 832 2220 aconas
845 2156 878 2218 et
889 2160 974 2216 attor

333 2269 401 2330 per
417 2257 578 2330 neptium
599 2253 813 2316 constitutos.

473 2375 508 2434 itt
519 2375 580 2452 jan.
598 2376 678 2436 tati.
739 2421 740 2424 ,

180 2489 312 2554 [Mariana
325 2489 400 2542 Thes.
412 2488 516 2550 hnecd,
527 2489 547 2548 1,
560 2469 615 2550 9³8,
627 2491 683 2542 sine
693 2489 762 2553 signo
773 2487 973 2552 chronologico]

179 2595 329 2669 Significat
342 2597 484 2662 Honorius
499 2593 574 2668 quod
592 2594 764 2669 Stephanus,
780 2594 972 2665 archiepisco·

215 2700 268 2757 pus
289 2681 510 2751 cantuariensis,
527 2684 555 2742 S.
575 2685 607 2742 a.
625 2687 658 2742 Ε.
678 2682 842 2755 cardinalis,
851 2682 973 2739 transla-

215 2780 294 2830 turus
310 2780 353 2829 est
370 2773 399 2828 in
412 2771 508 2829 locum
518 2771 756 2828 honorabiliorem
768 2785 871 2842 corpus
884 2769 974 2826 sancti

214 2863 331 2919 Thomas
358 2859 571 2919 cantuariensis
599 2860 740 2933 martyris,
754 2866 783 2916 et
810 2857 974 2915 exhortatur

216 2949 315 3006 fideles
325 2956 356 3005 ut
370 2963 435 3005 sese
450 2956 610 3021 propriant
628 2947 664 3006 ad
683 2945 884 3008 celebrandam
899 2945 975 3004 hanc

216 3037 437 3096 solemnitatem.

225 3155 531 3226 Honorius,servus
544 3167 714 3216 servorum
726 3151 974 3224 Dei,universis

182 3251 306 3313 Christi
327 3250 480 3312 fidelibus
501 3249 679 3320 nobilibus,
695 3251 729 3312 et
740 3249 819 3310 aliis
832 3263 892 3324 per
906 3252 975 3310 An-

182 3351 285 3426 gliam
316 3347 515 3420 constitutis,
535 3347 683 3414 sautem,
703 3347 737 3408 et
757 3346 975 3423 apostolicam

180 3447 456 3508 benedictionem.

219 3546 292 3604 Rex
313 3543 469 3614 coelestis,
498 3541 658 3606 Dominus
684 3541 891 3617 angelorum,
914 3555 974 3603 re-

181 3657 282 3717 gnum
290 3640 417 3715 angliae
432 3639 563 3700 caeteris
576 3639 677 3702 altius
702 3640 826 3702 nostris
842 3640 975 3716 tempo-

180 3739 273 3800 ribus
306 3738 499 3808 bonoravit,
530 3737 608 3798 dunt
641 3736 763 3798 mundo
799 3737 905 3814 posito
940 3735 976 3796 in

180 3836 341 3912 maligno,
368 3836 403 3898 et
426 3834 554 3897 malitia
585 3833 758 3896 hominum
792 3833 973 3904 crescente,

180 3935 289 3996 virum
316 3932 379 3994 sibi
398 3932 520 3994 exinde
542 3932 614 3993 sino
637 3932 768 3996 macula
791 3931 973 4008 praelegit,

66 4042 71 4054 ·
181 4032 238 4108 qui
250 4045 318 4092 non
332 4031 439 4092 solum
453 4029 649 4105 intempore
663 4029 847 4092 iracundiae
863 4043 977 4090 recon-

1027 932 1252 996 celebritatem
1283 935 1389 1012 ipsius
1419 950 1629 1015 summopere
1654 951 1818 1001 venerans

1027 1029 1168 1108 quodam
1197 1032 1292 1110 quasi
1318 1032 1410 1094 telici
1437 1032 1601 1127 praesagio
1625 1049 1723 1097 strum
1744 1049 1818 1094 esse

1026 1126 1158 1188 videtur
1183 1129 1301 1190 sortitu
1319 1129 1517 1194 vocabulum
1540 1132 1716 1194 exerente
1735 1146 1775 1192 ac
1790 1131 1818 1190 si

1026 1224 1158 1292 dicatur
1172 1239 1329 1302 expresse
1346 1247 1353 1286 :
1368 1227 1556 1300 cantuaria,
1574 1229 1690 1290 cantus
1702 1242 1773 1291 ara.

1067 1324 1145 1395 Vos,
1168 1323 1315 1400 inquam,
1332 1323 1509 1399 diligenter
1532 1323 1711 1390 attendatis
1730 1325 1820 1392 hunc

1027 1419 1206 1492 honorem,
1245 1421 1429 1496 gratiarum
1467 1421 1615 1485 actiones
1654 1422 1820 1498 Largitori

1028 1515 1190 1581 bonorum
1215 1517 1367 1582 assiduas
1393 1519 1586 1590 exsolvatis,
1612 1519 1667 1580 cui
1688 1535 1748 1582 vos
1777 1535 1821 1582 ex

1028 1613 1186 1691 impensae
1208 1613 1448 1686 benedictionis
1465 1616 1574 1692 gratia
1589 1617 1688 1680 terrae
1703 1617 1822 1678 vestras

1028 1725 1228 1786 cognoscere
1243 1713 1380 1790 potestis
1401 1713 1579 1786 debitores,
1599 1713 1635 1776 ut
1649 1714 1823 1792 ingratitu-

1029 1805 1116 1872 dinis
1141 1808 1271 1874 evitetis
1297 1809 1415 1872 vitium
1438 1813 1470 1872 at
1485 1811 1619 1887 possitis
1634 1811 1745 1874 devoti
1760 1811 1821 1872 tilii

1029 1906 1227 1982 nuncupari.
1254 1908 1293 1968 at
1322 1907 1457 1983 quidem
1488 1908 1517 1968 si
1551 1909 1641 1970 omni
1674 1909 1823 1991 tempora
1894 1947 1897 1954 ·

1028 2017 1112 2078 puro
1138 2001 1237 2066 corda
1262 2003 1458 2069 benedicere
1485 2007 1518 2066 et
1541 2005 1706 2068 honorare
1721 2008 1824 2071 Deum

1029 2097 1176 2160 debeatis
1191 2119 1198 2164 z
1213 2099 1277 2161 isto
1300 2100 1411 2163 tamen
1426 2099 1595 2178 praecipuo
1612 2116 1671 2164 vos
1696 2105 1826 2178 oportet

1029 2196 1138 2258 vestes
1161 2195 1301 2258 induere
1315 2197 1494 2273 nuptiales,
1523 2199 1644 2261 etcum
1662 2199 1824 2274 jucundi·

1030 2294 1096 2358 tate
1121 2293 1157 2355 in
1186 2293 1302 2358 laudes
1329 2295 1440 2358 vestro
1464 2310 1641 2374 assurgere
1667 2297 1822 2368 creatori,

1030 2389 1826 2460 cumventuraefestivitatisvenerandasolemni·

1028 2489 1080 2551 tas
1094 2487 1126 2548 id
1140 2487 1310 2564 exposcat.
1326 2489 1413 2550 Sane
1430 2487 1534 2550 tratre
1547 2491 1661 2552 nostro
1676 2491 1823 2555 cautua-

1029 2584 1133 2647 riensi
1160 2585 1324 2662 episcopo,
1351 2586 1384 2646 S·
1402 2588 1440 2648 R.
1458 2587 1493 2648 E.
1513 2586 1687 2659 cardinali,
1715 2604 1824 2666 nuper

1029 2682 1217 2757 accepimus
1246 2681 1450 2754 insinuante,
1476 2684 1563 2762 qnod
1593 2684 1681 2748 idem
1705 2685 1823 2749 volens

1030 2779 1203 2842 ostendere
1219 2779 1253 2842 in
1268 2779 1388 2843 effectu
1408 2782 1531 2858 quanto
1551 2782 1737 2848 devotionis
1752 2783 1822 2846 ter-

1028 2891 1109 2938 vore
1126 2877 1282 2954 martyris
1304 2877 1486 2956 sopradicti
1507 2879 1701 2944 memoriam
1720 2896 1824 2945 vene-

1029 2975 1131 3046 retur,
1146 2975 1407 3041 sacratissimum
1428 2991 1547 3052 corpus
1562 2979 1633 3054 ejus
1647 2976 1823 3040 sublevare

1030 3071 1184 3148 proponit
1220 3071 1261 3132 de
1288 3072 1389 3144 terra,
1416 3073 1593 3150 ipsumque
1626 3073 1824 3139 translatum

1029 3166 1259 3233 honorabilius
1285 3169 1461 3240 collocare,
1476 3170 1676 3246 condignum
1702 3171 1766 3234 sibi
1793 3172 1826 3235 at

1030 3266 1213 3340 condecens
1240 3266 1392 3329 videatur
1426 3267 1521 3330 illum
1546 3269 1759 3346 quantumin
1785 3286 1825 3332 eo

1031 3367 1080 3426 est
1091 3365 1241 3427 exaltare
1252 3363 1288 3425 iu
1302 3365 1404 3437 terra,
1418 3381 1515 3441 qnam
1528 3365 1563 3426 in
1574 3366 1657 3428 coslo
1666 3367 1826 3432 Dominus

1031 3462 1201 3526 exaltavit.
1232 3463 1302 3524 Nos
1332 3463 1447 3548 igitur,
1485 3463 1576 3540 pium
1600 3465 1633 3528 et
1657 3463 1826 3528 laudabile

1031 3558 1274 3640 archiepiscopi
1295 3560 1469 3622 memorati
1484 3561 1691 3637 propositum
1710 3579 1825 3645 accep·

1030 3657 1151 3729 untes,
1178 3658 1432 3723 universitatem
1465 3660 1611 3723 vestram
1628 3661 1826 3725 monendam

1030 3755 1185 3816 duximus
1220 3756 1254 3818 et
1289 3755 1504 3829 hortandam,
1541 3772 1602 3834 per
1634 3758 1824 3836 apostolica

1031 3853 1153 3929 scripta
1172 3853 1267 3914 vobis
1293 3853 1500 3926 mandantes,
1524 3853 1687 3930 quatenus
1710 3871 1824 3931 pacem

1030 3953 1177 4012 mutuam
1193 3951 1226 4012 et
1249 3950 1460 4011 concordiam
1475 3951 1510 4010 in
1523 3951 1673 4013 caritatis
1692 3953 1825 4014 vinculo

1030 4048 1279 4118 conservantes,
1305 4046 1433 4108 vestras
1456 4049 1680 4110 conscientias
1696 4051 1825 4111 cunctis

181 4128 307 4190 ciliatio
326 4127 433 4188 tactus
447 4127 499 4188 est
512 4127 549 4188 ut
563 4127 731 4197 sacerdos,
747 4125 976 4188 verumetiam
1030 4142 1303 4220 perversitatibus
1327 4141 1479 4219 expietis,
1494 4143 1527 4204 et
1548 4143 1596 4202 510
1608 4159 1667 4205 ,05
1680 4145 1715 4205 in
1727 4144 1824 4205 bonis

181 4225 223 4286 ad
238 4225 371 4286 ssffllflste
391 4222 752 4286 conviviuminvitatus
768 4223 863 4284 illum
877 4237 977 4298 ⁵³90·
1030 4239 1186 4317 operibus
1214 4239 1374 4301 studeatis
1401 4253 1570 4312 exercere,
1596 4241 1632 4301 nt
1654 4255 1729 4302 cum
1752 4241 1824 4305 dies

181 4338 258 4385 rare
270 4322 404 4393 metuit,
415 4319 653 4398 luembibssbflb
662 4321 823 4382 D⁰minu⁵
838 4319 976 4382 ⁰³1in
1031 4337 1136 4414 ipsius
1147 4337 1341 4400 solemnitas
1354 4335 1537 4407 advenerit,
1552 4338 1588 4398 in
1601 4352 1742 4406 occursu
1752 4343 1826 4401 ves·

181 4419 358 4497 passionis.
374 4419 415 4479 Et
428 4419 506 4494 qnia
526 4417 681 4508 inventus
701 4417 752 4478 est
766 4419 833 4478 Deo
848 4417 974 4492 gratus,
1029 4435 1074 4497 tri
1093 4433 1296 4496 sanctissimi
1317 4433 1475 4512 martyris
1494 4436 1528 4496 et
1547 4436 1690 4513 patroni,
1714 4437 1824 4514 ipsum
1909 4451 1920 4474 ·

181 4517 445 4580 coronantium
471 4515 579 4591 gioria
605 4515 639 4578 et
662 4515 801 4586 nonore,
817 4525 976 4576 coronam
1031 4533 1164 4610 possitis
1188 4531 1442 4594 honoriticentia
1464 4532 1574 4595 desita
1595 4533 1710 4596 taliter
1723 4551 1839 4598 venc-

181 4615 313 4694 quidem
330 4614 437 4692 ipsius
452 4613 553 4690 sapiu
570 4627 797 4690 superponens
812 4611 977 4714 delapsus
1030 4630 1113 4702 rau,
1140 4631 1226 4707 quon
1255 4629 1402 4692 noceatis
1432 4629 1517 4691 arios
1549 4646 1609 4708 per
1637 4632 1825 4722 exemplum

182 4714 329 4790 Ρΐθῒὶθὸθ
344 4713 380 4774 Ut
405 4711 454 4773 ⁸10
479 4727 565 4774 lmus
580 4727 623 4772 01
632 4710 794 4787 angelicis
813 4709 902 4773 Ῐ-ὓῖθΐ
914 4723 979 4770 ³1¹·
1030 4729 1189 4805 qnantum
1215 4743 1288 4789 esse
1310 4727 1429 4790 debeat
1454 4727 1594 4790 celebris
1614 4745 1674 4806 per
1693 4729 1825 4794 diversa

181 4811 274 4886 gelos
293 4825 395 4887 super
414 4825 515 4887 opera
529 4823 690 4870 manuum.
705 4807 836 4870 nomini
851 4806 977 4870 consa·
1031 4825 1145 4888 munna
1165 4825 1299 4887 climata
1330 4824 1460 4902 presan
1486 4827 1642 4904 martyra
1665 4831 1825 4891 mamona

181 4909 283 4978 tutus,
297 4922 357 4984 pro
373 4907 518 4984 peccatis
541 4906 738 4983 populorum
753 4905 900 4968 omnium
916 4903 978 4964 tie-
1031 4923 1188 4998 gloriosa,

181 5007 234 5066 rat
242 5003 455 5066 intercessor.
463 5003 579 5065 Cautet
589 5003 693 5079 igitur
704 4993 826 5066 novum
837 4999 976 5062 Domino

182 5102 348 5164 canticum
371 5099 454 5162 felix
482 5100 732 5162 cantuariensis
752 5098 905 5170 ecclesia,
923 5113 978 5158 cu·
1066 5101 1825 5181 Ineuntdcmmodamscriptumeststephano

177 5203 235 5278 jus
247 5215 341 5260 aram
357 5213 417 5258 suo
439 5197 636 5275 purpuravit
655 5197 800 5275 pretioso
813 5196 977 5272 sanguine
1031 5197 1263 5262 cantuariensi
1285 5196 1548 5276 archiepiscopo,
1561 5201 1728 5262 mutandis
1750 5217 1825 5265 mu-

181 5299 309 5374 martyr
318 5295 480 5368 'rhomam
491 5294 569 5371 quin
582 5293 684 5356 immo
697 5294 815 5355 civitas
826 5293 898 5370 ipsa
908 5295 975 5356 tota
1031 5293 1122 5358 tatis.
