4300 6392
173 312 230 372 461

323 507 326 514 ·
394 511 396 514 ·
499 496 652 612 ccxiv

219 631 275 692 Ad
291 633 494 705 dumorum,
511 623 773 693 instauraretur·
788 631 922 692 millitia
1010 619 1012 624 ’

388 729 515 801 Tempu
529 729 754 788 Portstensts.

486 837 563 910 ljul.
580 839 668 902 itio„

184 945 324 1010 monensi.
335 942 439 996 Recueil
449 943 492 994 des
503 944 577 1006 liist,
589 943 721 1002 xlx,⁷ua;
733 943 841 1008 Rapaci,
853 943 899 1000 lib.
913 943 957 1015 ili,
1008 965 1011 1008 f
1038 925 1041 932 ’

492 1023 565 1088 epist.
576 1020 643 1088 lta]

172 1123 301 1182 Laudato
311 1123 347 1180 cb
358 1123 492 1180 eximiam
502 1123 530 1178 iu
542 1115 720 1193 procurando
728 1121 873 1179 vicesimas
882 1137 968 1195 nego·

208 1211 455 1285 documentum,
477 1211 620 1268 llouorius
635 1210 760 1282 aymaro
786 1209 913 1278 mandat,
938 1219 968 1270 ut

208 1301 237 1358 in
264 1301 374 1373 Syriam
396 1300 568 1356 transmittat
587 1311 637 1355 sen
657 1299 744 1355 millia
758 1311 919 1358 marcarum
940 1299 967 1356 iu

207 1387 515 1462 angliacollectarum.

213 1505 380 1566 Honorius
403 1505 615 1581 episcopus...
643 1503 764 1582 dilecto
786 1501 855 1564 tilio
871 1499 977 1565 tratri
1006 1488 1009 1550 ἶ

171 1601 548 1680 Αγιηανο,ῐὶιοεευι·ειήο
564 1600 679 1661 domus
701 1593 829 1663 militiae
841 1599 967 1678 Templi
1006 1675 1009 1684 .

166 1699 386 1770 *Parisiensis
404 1697 555 1769 salutem,
572 1699 634 1759 etc.

214 1797 453 1858 Discretionem
469 1798 559 1858 tuam
569 1795 685 1871 ¹dignis
698 1795 881 1856 inDomino
893 1790 968 1855 lau-

172 1893 268 1954 dibus
284 1891 562 1959 commendamus,
576 1891 663 1968 quod
675 1906 749 1977 eam
763 1905 864 1968 super
881 1889 967 1952 iacto

171 1990 340 2052 vicesimae
360 1989 484 2050 curasti
508 1988 716 2064 diligentiam
734 1986 904 2059 adbibere,
932 1989 968 2048 ut

172 2087 307 2163 dignum
320 2087 469 2162 tegratia
482 2087 594 2147 nostra
603 2077 786 2146 reddideris
794 2087 829 2147 et
837 2085 965 2159 divina;
1006 2124 1009 2136 ·

172 2185 388 2262 quapropter,
417 2183 689 2258 tuam'gerentes
717 2183 753 2242 in
783 2181 968 2243 visceribus
998 2253 999 2256 Ἴ

172 2282 294 2343 Christi
324 2295 516 2358 personam,
542 2279 756 2356 proponimus
783 2277 871 2340 unde
900 2279 967 2340 tuae

174 2379 353 2440 debeamus
377 2377 595 2439 sollicitudini
617 2375 831 2452 respondere.
860 2376 967 2436 Caete-

173 2491 259 2547 tum,
281 2477 360 2552 quia
379 2475 597 2536 subventione
611 2472 797 2550 praesertim
818 2473 967 2549 pecuniae

175 2573 303 2648 indiget
316 2575 419 2633 Terra
435 2574 568 2642 Sancta,
582 2572 735 2632 volumus
750 2569 783 2630 et
793 2572 969 2645 per-Apos-

178 2671 277 2732 toliea
290 2661 352 2731 tibi
366 2669 489 2746 scripta
504 2668 710 2738 mandamus,
727 2667 889 2742 quatenus
909 2681 975 2725 ro·-

177 2766 320 2834 nerabili
329 2767 546 2830 iratrinostro
558 2767 594 2825 Ρ.
606 2761 787 2825 albanensi
800 2763 965 2838 episcope,

172 2863 371 2940 Apostolicae
392 2863 485 2924 Sedis
501 2862 621 2937 legato,
637 2877 698 2922 sex
712 2859 817 2920 millia
832 2873 966 2920 marca-

173 2977 247 3022 rum
263 2961 394 3036 argenti
411 2959 451 3021 de
466 2959 593 3034 angliae
606 2957 776 3028 vicesima,
794 2971 867 3032 qnae
882 2955 911 3016 si
926 2953 967 3016 ad

173 3059 237 3126 boc
252 3074 318 3120 non
334 3057 468 3126 suflicit,
484 3056 524 3118 de
537 3056 604 3116 alia
615 3070 688 3132 quae
701 3053 742 3113 ad
754 3069 813 3113 nos
826 3052 970 3130 pertinet

173 3156 327 3232 pecunia,
344 3170 404 3232 per
416 3170 473 3215 eos
488 3168 547 3229 per
561 3168 643 3230 quos
659 3150 814 3225 dirigitur
831 3149 893 3210 tuae
909 3149 969 3210 do-

173 3268 247 3319 mus
262 3250 456 3319 subsidium
473 3249 545 3310 Sine
561 3264 653 3309 ffl⁰r³
669 3247 889 3308 transmittas*
1005 3255 1239 3354 frisnigensis-
1262 3277 1358 3340 Sedis
1395 3279 1592 3358 apostolicae
1614 3279 1814 3342 differretur.

212 3352 332 3410 Datum
354 3346 440 3424 apud
465 3345 587 3409 Urbem
606 3345 769 3416 Veterem,
787 3343 856 3404 kal.
876 3340 968 3421 julii,

173 3462 260 3511 auno
277 3447 405 3523 quarto.

213 3582 750 3672 Inettmdcmmodumscriptum
761 3581 965 3664 estPelagie

172 3679 966 3760 albanensiepiscopo,A.S,legato‚irreptst.786:

174 3781 389 3848 Fraternitati
419 3782 485 3842 tuae
513 3763 733 3856 presentibus
766 3777 966 3848 innotescat,

174 3879 260 3958 quod
274 3895 335 3940 nos
346 3875 819 3950 dilectoiliioiratriAymaro,
831 3873 967 3939 thesau-

173 3977 265 4040 rario
292 3977 408 4036 domus
438 3973 570 4036 militias
598 3971 723 4048 Templi
753 3969 966 4040 parisiensis

174 4073 297 4140 amuis
308 4073 459 4138 dedimus
473 4069 594 4136 litteris
608 4070 644 4130 in
661 4067 841 4138 mandatis,
860 4067 896 4130 ut
910 4081 968 4142 per

173 4186 232 4233 eos
252 4183 414 4248 peruuos
441 4165 597 4242 dirigitur
620 4164 736 4229 domus
761 4179 830 4224 suae
856 4165 967 4232 Terra

175 4265 333 4348 [Sanctae]
362 4263 559 4336 subsidium,
575 4277 638 4324 sea
650 4259 763 4334 millia
780 4275 970 4334 marcarum
1005 4282 1008 4342 j

174 4364 304 4442 argenti
317 4362 379 4427 tibi
389 4360 462 4422 siue
476 4373 570 4426 more
584 4355 807 4447 transmittat,
1006 4431 1009 4441 Ι

213 4461 333 4524 Datum
352 4455 439 4548 apud
456 4454 577 4531 Urbem
589 4455 764 4528 Veterem,
783 4449 851 4512 kal.
862 4441 864 4448 ⁴
875 4449 978 4528 julii,
1007 4454 1009 4469 '

174 4573 262 4626 anno
278 4556 407 4639 quamn.

507 4635 654 4771 cunr

174 4825 226 4891 nd
242 4825 408 4900 damarim
428 4823 641 4883 colocensem
662 4817 967 4890 arcitapiscopum.

276 4904 280 4917 ¹
381 4934 399 4992 3
414 4931 477 5007 julii
492 4933 537 4988 vel
552 4927 665 5006 augusti
680 4928 759 4988 latu.

282 5039 374 5107 [Fejen
386 5037 470 5091 Codex
482 5037 600 5102 diplom..
618 5037 699 5099 ilung.
713 5031 760 5089 111,
769 5047 789 5092 t.
803 5029 858 5084 Μ.

222 5137 365 5218 Honorius
374 5134 485 5209 juribus
495 5134 654 5214 ilungariae
664 5128 700 5198 nb
709 5131 835 5200 Andreae
847 5130 924 5207 regis

298 5225 486 5294 alienationes
498 5217 700 5308 immoderatas
712 5219 843 5278 consulit.

215 5317 886 5418 Honoriusepiscopus,servus'servorum
897 5324 967 5404 Dei,

176 5421 967 5502 colocensiarchiepiscopuetejussuffraganeis.

217 5525 315 5604 (Vide
332 5524 458 5592 Quinta
472 5520 682 5595 compilatio,
700 5517 757 5578 lib.
774 5519 814 5588 ΙΙ,
832 5517 881 5578 tit.
897 5517 967 5588 XV,

176 5642 249 5703 cap.
263 5627 298 5696 3;
316 5615 655 5696 benemerendi.
674 5617 697 5686 l,
714 5612 880 5692 culmi.)

792 313 1019 376 EPISTOLAE·
1044 315 1122 374 LIB.
1145 313 1198 372 IV.

1760 313 1822 374 462

1024 633 1076 692 Ad
1090 631 1275 693 nona-tum
1294 631 1596 705 Wesprtmtonscm
1611 632 1816 704 episcopum.

1335 751 1411 824 dial.
1429 753 1517 824 latu„

1220 865 1310 942 [Peion¹
1322 866 1382 922 (lod.
1396 867 1458 931 dipl.
1471 866 1518 926 lli,
1527 880 1545 924 r,
1557 865 1625 931 mit]

1024 973 1157 1045 litsuper
1177 971 1223 1033 llis
1237 971 1350 1046 pueed
1368 974 1598 1046 prorogationem
1615 971 1741 1050 passagii
1767 985 1819 1033 seu

1059 1058 1302 1142 uandretationis
1309 1062 1462 1133 aaronem,
1475 1069 1504 1120 et
1518 1050 1597 1134 quod.
1607 1061 1818 1136 crucesignato

1057 1163 1120 1213 rum
1135 1149 1220 1211 saluti
1232 1151 1361 1208 etTerrae
1373 1150 1483 1210 Sancte
1495 1150 1641 1229 succusui
1652 1148 1754 1210 viderit
1763 1163 1813 1206 ex·

1058 1235 1155 1308 pedire
1166 1243 1288 1296 ,statuat
1533 1227 1535 1238 '

1062 1345 1231 1414 Honorius
1243 1345 1428 1430 episcopus,
1446 1346 1522 1418 eto,
1538 1343 1722 1421 venerabili
1745 1345 1816 1413 tra·

1021 1439 1101 1517 tri...
1115 1442 1370 1520 wesprimiensi
1382 1441 1548 1528 episcopo,
1565 1441 1627 1511 eta.
1652 1474 1655 1482 ·

1061 1539 1111 1600 Ex
1129 1541 1222 1616 parte
1240 1540 1296 1611 tua
1319 1538 1381 1605 tuit
1394 1539 1517 1611 nostris
1530 1539 1667 1605 auribus
1683 1538 1818 1600 intima-

1021 1635 1091 1715 tum
1106 1635 1192 1712 quod
1207 1636 1286 1697 olim
1300 1635 1361 1698 tibi
1376 1636 1499 1718 nostris
1522 1636 1711 1704 dederimus
1724 1635 1817 1720 litte-

1022 1732 1069 1795 ris
1092 1731 1126 1804 in
1148 1731 1375 1804 mendatium
1396 1748 1464 1806 eos,
1486 1733 1542 1808 gui
1557 1732 1666 1794 crucis
1684 1731 1818 1797 fuerant

1023 1829 1192 1907 caractere
1218 1828 1381 1906 insigniti,
1409 1844 1571 1900 moneres,
1593 1828 1816 1906 praecipiendo

1023 1940 1081 2004 per
1096 1941 1254 2008 censuras
1269 1925 1514 1994 ecclesiasticas
1534 1925 1761 2004 compelleres,
1781 1927 1817 1986 ut

1023 2023 1283 2100 exsequerentur
1295 2022 1476 2100 ininsiauti
1487 2023 1641 2099 passagio
1655 2024 1730 2084 vota
1741 2038 1814 2088 sua.

1023 2119 1059 2179 tu
1076 2119 1242 2195 eosjuxta
1268 2118 1458 2181 mandatum
1485 2119 1703 2195 apostolicum
1726 2119 1816 2180 adid

1022 2213 1202 2290 efficaciter
1226 2214 1384 2277 monuisti
1412 2229 1558 2279 :rerum
1582 2231 1657 2278 oum
1682 2214 1816 2292 quidem

1023 2327 1165 2384 crucem,
1191 2314 1222 2374 et
1235 2312 1446 2398 quamplures
1461 2327 1504 2374 ex
1522 2311 1604 2388 ipsis
1628 2328 1694 2383 nun
1709 2311 1815 2376 solum

1023 2424 1165 2480 erucem,
1187 2409 1244 2470 sed
1263 2409 1384 2470 etcum
1400 2408 1471 2486 ipsa
1487 2409 1718 2486 deposuissent
1734 2409 1812 2475 ani-

1023 2521 1119 2580 mum.
1139 2504 1386 2578 transfretandi,
1415 2506 1448 2567 et
1470 2505 1511 2566 ad
1533 2506 1599 2568 iter
1622 2507 1813 2571 necessaria

1023 2601 1158 2664 minime
1172 2599 1316 2662 habeant
1334 2617 1421 2664 nuno
1436 2603 1564 2678 parata,
1590 2603 1669 2664 licet
1683 2617 1815 2665 crucem

1023 2699 1296 2776 presumpserint,
1321 2699 1357 2759 in
1373 2699 1511 2760 instanti
1534 2699 1645 2762 tamen
1660 2700 1815 2776 passagio

1023 2796 1190 2872 noqueunt
1211 2794 1375 2872 proticisci
1403 2796 1516 2860 :unde
1541 2811 1562 2861 a
1589 2799 1619 2858 te
1645 2796 1817 2865 humiliter

1022 2890 1232 2968 postulabant
1246 2893 1282 2952 ut
1294 2907 1354 2968 pro
1369 2892 1417 2956 eis
1431 2891 1526 2955 nobis
1546 2893 1733 2973 supplicare
1742 2879 1811 2970 'de-

1022 2987 1129 3060 heres,
1166 2987 1251 3064 quod
1281 2976 1429 3068 ipsorum
1455 2986 1615 3050 transitus
1640 3005 1743 3066 usque
1771 2989 1813 3052 ad

1025 3087 1400 3161 communepassagium
1410 3085 1818 3160 nungarorum,videltcet

1023 3198 1042 3241 a
1063 3181 1191 3246 Pascha
1216 3182 1367 3263 proximo
1392 3182 1531 3244 venturo
1555 3182 1590 3245 in
1614 3199 1749 3255 annum,
1776 3183 1816 3245 de

1025 3376 1190 3436 Praeterea
1205 3373 1480 3437 uobisinsinuare
1493 3376 1628 3449 curasti,
1639 3377 1725 3454 quod
1740 3368 1816 3455 qui-

1000 3489 1010 3517 >
1023 3472 1098 3534 dam
1121 3471 1352 3549 crucesignati,
1370 3473 1403 3534 et
1422 3471 1575 3549 signandi
1593 3473 1704 3546 etiam,
1730 3475 1818 3536 inter

1023 3571 1144 3632 caetera
1160 3570 1368 3639 confitentur,
1381 3585 1417 3632 se
1431 3571 1466 3632 in
1481 3588 1642 3634 canonem
1658 3571 1816 3634 incidisse

1023 3667 1195 3729 sententiae
1208 3666 1437 3745 promulgatae,
1455 3669 1511 3746 qui
1533 3669 1671 3746 propter
1683 3669 1814 3730 incom-

1024 3764 1120 3826 moda
1134 3765 1338 3842 paupertatis
1347 3766 1517 3838 asserunt,
1531 3765 1739 3843 seduplicem
1751 3783 1825 3827 non·

1025 3877 1119 3939 posse
1145 3861 1313 3929 sustinere
1332 3861 1491 3934 laborem,
1512 3862 1667 3927 veniendi
1691 3862 1818 3925 scilicet

1023 3959 1063 4019 ad
1095 3958 1212 4019 sedem
1245 3958 1476 4036 apostolicam.
1504 3975 1563 4035 pro
1598 3957 1816 4028 absolutionis

1022 4053 1183 4118 beneflcio
1194 4053 1382 4126 obtinendo,
1395 4055 1428 4115 et
1446 4054 1678 4131 proficiscendi
1697 4053 1820 4116 insub-

1023 4153 1145 4215 sidium
1155 4153 1267 4212 Terra
1280 4151 1422 4213 Sanciae.
1435 4149 1593 4226 Adiecisu'
1607 4151 1718 4221 etiarn,
1731 4151 1822 4230 quod

1023 4263 1122 4325 quum
1137 4247 1237 4310 tuerit
1252 4247 1450 4312 inconcilio
1471 4247 1623 4326 generali
1643 4249 1815 4320 statutum,
1900 4309 1907 4324 ,

1006 4346 1059 4408 'ut
1079 4344 1137 4421 qui
1157 4344 1193 4405 in
1214 4344 1373 4405 vicesima
1399 4359 1460 4404 sua
1487 4345 1523 4404 iu
1547 4346 1658 4406 Terrae
1684 4347 1826 4409 Sancte-

1023 4441 1206 4504 subsidium
1216 4437 1401 4504 testinanda
1412 4437 1561 4503 mandem
1571 4442 1715 4505 scienter
1728 4454 1825 4504 corn*

1023 4539 1592 4611 mitterent..excommunicationem
1610 4539 1821 4605 incurrerent

1005 4655 1062 4722 ἱθο
1076 4635 1205 4715 ipsein
1216 4631 1386 4712 Hungaria
1406 4636 1500 4698 multi
1516 4636 1703 4718 sacerdotes
1719 4653 1822 4715 paro-

1008 4751 1009 4756 *
1022 4735 1148 4797 chiales
1162 4750 1200 4795 ac
1213 4734 1284 4805 alii,
1297 4733 1429 4811 quidam
1441 4749 1501 4811 per
1514 4731 1675 4803 fraudem,
1684 4733 1822 4811 quidam,

1023 4832 1197 4910 etiamper
1211 4831 1449 4916 negligentiam
1469 4830 1660 4909 hujusmodi
1678 4829 1817 4894 seuten-

1025 4929 1342 4993 tiamincurrerunt.

964 5101 967 5110 .
1065 5025 1158 5091 Unde
1182 5038 1283 5104 quum
1298 5023 1436 5102 quidam
1446 5039 1489 5086 ex
1515 5023 1598 5102 ipsis
1622 5024 1730 5102 parati
1746 5025 1817 5087 sol-

1023 5137 1113 5196 vere,
1128 5123 1214 5202 quod
1225 5120 1396 5198 negarant,
1415 5121 1529 5200 petant
1542 5117 1740 5183 beneficium
1754 5120 1817 5182 ab·

1023 5219 1201 5284 solutionis
1217 5212 1391 5290 instanter,
1416 5215 1589 5289 humiliter
1611 5218 1816 5297 postulabas,

1006 5321 1008 5381 ἶ
1024 5318 1061 5380 ut
1074 5300 1361 5396 su'perpraetnissis
1373 5313 1548 5391 providere
1557 5313 1818 5377 misericorditer

1005 5418 1010 5506 ζ
1024 5415 1274 5497 dignaremur„
1289 5406 1357 5503 ilos
1372 5404 1475 5488 igitur
1492 5411 1533 5474 de
1546 5408 1744 5474 discretione
1758 5412 1817 5473 tua
1930 5483 1933 5490 ,

1005 5510 1008 5518 '
1024 5510 1155 5589 plenam
1166 5509 1320 5571 fiduciam
1331 5506 1528 5581 obtinentes,
1540 5509 1633 5570 vices
1641 5507 1772 5569 nostras
1783 5509 1818 5570 in

1025 5609 1087 5670 bac
1101 5610 1195 5686 parte
1216 5607 1276 5668 tibi
1292 5606 1447 5667 duximus
1463 5604 1732 5694 committendas,
1746 5605 1818 5668 lra-
