4280 6404
283 288 345 348 355
909 285 1085 346 HONORll
1108 286 1151 346 lIl
1174 287 1322 348 OPERA.
1389 278 1394 286 '
1876 292 1940 354 356

286 449 384 521 uerit,
408 450 466 512 aut
486 448 617 527 spiritui
641 437 1011 525 gratrae'eontumenam
1032 445 1082 507 ie-
1136 446 1939 514 nachicisteroiensieordinisillosahsclvereet

287 549 381 619 cerit,
403 562 500 624 quam
518 547 801 624 transgressorem
816 545 899 622 legis
912 545 1079 617 Mosaioae,
1135 543 1334 606 decedentes
1349 545 1585 606 ecclesiastice
1603 547 1783 624 sepulturae
1802 548 1939 611 tradere

287 646 343 723 qui
354 645 469 706 mortis
484 645 649 706 sententia
664 643 882 721 plectebatur.
1136 642 1427 717 praesumpserunt,
1442 643 1535 704 nulla
1544 643 1774 708 satisfactione
1785 645 1825 707 de
1838 645 1938 706 dam-

326 743 376 804 Ne
391 743 493 818 igitur
507 742 548 803 de
569 742 689 803 oaetero
708 757 767 817 per
781 741 945 802 incuriam
963 754 1079 800 sacer-
1135 738 1188 798 uis
1214 738 1344 799 illicitis
1370 740 1520 817 impensa
1553 742 1733 803 comitissae
1758 759 1799 804 ac
1821 743 1937 804 comiti

286 839 397 901 dotum
419 839 453 899 in
475 839 649 901 indevotos
664 838 777 900 divina
800 837 987 914 indignatio
1001 852 1082 912 gra·
1135 835 1344 912 supradictis.
1359 837 1520 908 Quocirca
1536 837 1729 900 discreiioni
1744 841 1938 917 vestreeper

286 937 359 998 vius
375 937 582 1007 exardescat,
593 936 742 998 districte
754 935 978 1013 praecipiendo
991 949 1082 994 man·
1134 933 1324 1008 apostoliea
1337 933 1461 1010 scripta
1476 935 1684 1008 mundamus,
1697 937 1935 1014 quatenussuh

161 1109 176 1119 „
285 1034 413 1105 damus,
431 1035 622 1111 quatenusa
633 1032 859 1096 sacerdotibus
871 1031 1081 1094 Eucharistia
1134 1041 1232 1103 poena
1248 1030 1600 1108 excommunicationis
1612 1031 1805 1094 inhibentes
1820 1049 1938 1096 mona-

286 1132 321 1192 in
338 1132 410 1193 loco
430 1132 606 1208 singulari,
629 1131 751 1192 mundo
772 1131 871 1193 etiam
893 1132 928 1198 et
951 1130 1081 1206 signato
1135 1124 1207 1185 chis
1222 1125 1410 1197 antedictis,
1425 1141 1466 1187 ne
1487 1127 1569 1188 talia
1585 1130 1792 1204 praesumant
1806 1129 1846 1192 de
1861 1147 1936 1191 cae-

287 1245 420 1306 semper
434 1229 800 1300 honorilicecollocata,
815 1227 1079 1289 devoteacfide-
1133 1223 1206 1284 tero
1241 1223 1414 1294 attentare,
1438 1223 1672 1300 praedictorum
1698 1225 1933 1288 defunctorum

285 1326 362 1388 liter
389 1329 617 1389 conservetur.
644 1326 805 1387 Sacerdos
834 1341 914 1387 vero
942 1324 1082 1402 quilibet
1134 1318 1284 1381 haeredes
1298 1321 1333 1381 ut
1342 1319 1563 1382 infrascrtum
1574 1322 1855 1399 etcompeteutem
1863 1326 1936 1386 tor-

191 1463 197 1482 .
285 1421 478 1500 frequenter
499 1423 617 1485 doceat
631 1422 760 1500 plebem
776 1437 881 1494 suam,
897 1423 933 1484 ut
948 1438 1022 1483 cum
1044 1423 1080 1483 in
1134 1415 1259 1476 minum
1277 1419 1347 1494 jam
1363 1417 1460 1480 dietis
1483 1418 1661 1480 comitissae
1684 1433 1724 1480 ao
1743 1421 1857 1482 comiti
1871 1435 1934 1482 sa-

286 1520 510 1582 celehratione
521 1521 698 1582 missarum
709 1521 859 1582 elevatur
870 1519 1080 1580 hostiasalu-
1133 1511 1304 1576 merserant
1318 1529 1420 1591 super
1433 1513 1486 1575 his
1499 1531 1559 1591 pro
1572 1516 1691 1592 quihus
1707 1516 1772 1593 ipsi
1785 1517 1934 1580 domnoli

285 1618 380 1691 teris,
397 1619 534 1695 qriilihet
553 1619 745 1680 reverenter
766 1633 802 1678 se
825 1615 975 1687 inclinet,
992 1615 1080 1677 idem
1133 1609 1332 1672 tenebantur
1340 1611 1514 1673 sententiis
1524 1613 1736 1690 supradictis,
1749 1615 1933 1678 monitione

253 1751 257 1762 ·
285 1714 514 1788 larissaeum
533 1717 640 1792 ipsam
663 1715 772 1792 portat
785 1713 957 1791 presbyter
970 1713 1012 1774 ad
1027 1713 1080 1774 in·
1134 1708 1325 1785 praemissa,
1356 1725 1418 1786 per
1451 1724 1626 1771 censuram
1655 1711 1930 1784 ecclesiasticam,

285 1814 427 1885 firmum,
440 1829 538 1890 quam
553 1812 728 1874 indecenti
742 1811 858 1875 habitu
873 1811 1080 1888 superposito
1115 1883 1119 1891 Ι
1134 1806 1358 1882 appellatione
1377 1807 1516 1880 remota,
1539 1808 1678 1883 cogatis.
1702 1808 1794 1880 Quod
1818 1809 1848 1869 si
1863 1825 1931 1872 non

284 1911 407 1973 mundo
422 1911 587 1972 velamine
597 1910 693 1982 ferai,
714 1908 881 1971 etrelerat
891 1907 1077 1980 manifeste,
1134 1917 1248 1964 omnes
1263 1903 1316 1964 his
1326 1903 1547 1981 exsequendis
1562 1905 1737 1980 potueritis
1752 1907 1929 1978 interesse,

285 2024 325 2070 ac
339 2007 522 2070 honorilice
538 2007 615 2068 ante
630 2007 744 2083 pectus
768 2021 843 2068 cum
864 2005 955 2067 omni
978 2019 1079 2066 reve·
1134 1997 1199 2060 duo
1217 1999 1365 2062 vestrum
1386 2015 1427 2061 ea
1456 2000 1674 2062 nihilominus
1693 2005 1930 2080 exsequantur.

285 2106 394 2168 rentia
407 2106 440 2168 et
450 2103 581 2172 timore,
595 2117 726 2180 semper
738 2104 848 2164 tamon
863 2101 988 2163 lumine
1003 2117 1080 2179 pro-
1134 2097 1252 2158 batum
1267 2097 1420 2169 Viterhii,
1433 2099 1479 2158 Ill
1498 2097 1565 2159 bal.
1581 2099 1776 2173 decembris,
1792 2099 1932 2178 pontiti·

286 2202 434 2275 cedente,
449 2217 524 2263 cum
539 2199 583 2262 sit
597 2199 722 2262 candor
735 2199 821 2260 lucis
833 2191 978 2271 aeternas,
991 2199 1027 2261 ut
1038 2215 1081 2261 ex
1134 2193 1228 2256 catus
1238 2193 1345 2256 nostri
1354 2209 1442 2256 anno
1455 2196 1585 2273 quarto.

286 2299 351 2361 hoc
365 2299 452 2376 apud
467 2313 582 2360 omnes
599 2296 681 2358 fides
702 2297 736 2359 et
753 2295 885 2358 devotio
905 2296 1077 2374 augeatur.

286 2396 423 2460 Praelatt
441 2395 553 2457 autem
572 2393 672 2472 hujus
687 2393 834 2456 mandati
849 2394 998 2470 graviter
1017 2405 1079 2470 pu·

286 2495 361 2555 nire
373 2509 439 2554 nou
454 2491 612 2554 differant
627 2491 906 2567 transgressores,
923 2491 952 2552 sl
967 2493 1001 2554 et
1014 2491 1080 2568 ipsi

286 2590 432 2653 divinam
452 2590 485 2652 et
503 2589 650 2651 nostram
673 2587 788 2650 volunt
809 2587 957 2664 elibgere
974 2587 1077 2650 ultio-

285 2705 373 2750 nem.
398 2686 555 2750 Attcndat
580 2686 682 2762 igitur
705 2687 944 2763 unusquisque,
972 2688 1009 2747 ut
1030 2674 1099 2746 sic

285 2785 477 2847 mandatum
496 2784 646 2845 nostrum
664 2784 763 2860 juxta
790 2782 979 2858 susceptum
1001 2781 1079 2843 olil-

286 2883 374 2944 cium
392 2880 603 2957 exsequatur,
620 2879 706 2956 quod
722 2893 819 2939 nemo
832 2893 990 2941 coronam
1007 2881 1079 2956 ejus

286 2978 438 3055 accipiat,
454 2977 508 3038 vel
523 2977 563 3037 de
582 2991 643 3037 suc
664 2975 737 3036 loco
752 2978 824 3052 ejus
846 2974 1079 3037 caudelabrum

286 3075 433 3138 amoveri
469 3073 648 3149 contingat,
684 3071 742 3134 sed
778 3072 887 3150 potius
914 3073 1080 3134 mereatur

286 3172 441 3234 coronari
452 3171 561 3248 gloria
575 3169 755 3232 ethonore.

327 3271 446 3330 Datum
466 3266 691 3340 Virterhii,lX
711 3265 873 3328 kalendas
883 3265 1077 3340 decembris,

289 3366 502 3446 pontificatus
517 3364 624 3427 nostri
638 3379 727 3426 anno
742 3367 871 3442 quarto.

640 3559 728 3647 nvi
783 3493 786 3498 ⁵

287 3692 1081 3756 acaccatessancnroannteoevanesceretae

420 3790 453 3852 et
469 3793 637 3852 decanum
656 3792 948 3852 suessionensem.

571 3911 606 3971 28
626 3926 693 3970 nov.
706 3879 796 3970 lili.

379 4027 456 4092 [Bihl.
469 4031 533 4086 net,
546 4025 602 4078 bles.
617 4025 679 4078 39⁰3
690 4026 720 4078 A.
733 4025 809 4077 Liber
820 4025 993 4092 pontificum]

287 4137 323 4194 lli
338 4132 465 4192 heredes
483 4131 680 4206 coadiutorem
705 4131 804 4190 lirardi
824 4130 859 4189 de
885 4134 976 4190 Breus
998 4145 1078 4190 com·

1478 2391 1588 2479 LVII

1153 2523 1205 2583 Ad
1225 2524 1396 2584 moenum
1422 2523 1625 2585 arscensem
1647 2523 1681 2585 et
1701 2525 1911 2601 moptstrum

1301 2621 1497 2681 derandum
1508 2623 1757 2683 Pentelensem.

1400 2739 1561 2798 idecemh.
1583 2741 1662 2800 1219.

1165 2855 1286 2920 [Regem
1296 2853 1340 2906 lib.
1349 2855 1477 2920 lV,epist.
1487 2855 1542 2904 sle.
1552 2855 1609 2906 ldss.
1623 2857 1658 2906 ba
1670 2857 1744 2907 Porta
1758 2857 1794 2908 du
1805 2856 1900 2920 rhet]

1164 2955 1205 3012 llo
1219 2952 1359 3011 electione
1371 2953 1501 3026 llugonis
1513 2953 1706 3012 archidiaconi
1719 2963 1748 3012 et
1759 2955 1899 3028 aymonis

1186 3039 1356 3098 thesaurarii
1366 3041 1869 3115 iuecolesiabiugcueusicelehrata.

1173 3157 1351 3230 Honorius,
1382 3157 1457 3230 etc,
1494 3157 1623 3221 dilectis
1650 3158 1766 3222 tiliis...
1801 3158 1930 3222 decano

1134 3257 1271 3316 macen.
1286 3255 1413 3330 etmag.
1428 3256 1574 3318 Gerardo
1589 3255 1753 3319 Parisien.
1767 3258 1929 3319 canonico

1134 3351 1288 3423 salutem,
1304 3353 1366 3413 etc.

1174 3449 1254 3510 cum
1276 3463 1377 3512 causa
1398 3448 1596 3514 electionum
1624 3449 1866 3514 celebratarum
1891 3451 1927 3513 in

1135 3544 1317 3621 lingonen.
1333 3545 1487 3615 ecclesia,
1501 3546 1541 3607 de
1556 3547 1686 3610 dilectis
1697 3547 1776 3610 filiis
1789 3549 1930 3624 Hugoue

1134 3642 1261 3704 archid.
1282 3643 1316 3704 et
1337 3646 1486 3720 aymone
1499 3643 1709 3705 thesaurario
1731 3645 1926 3722 lingonen,

1133 3737 1319 3800 venerabili
1334 3739 1430 3802 fratri
1444 3741 1596 3802 nostro...
1614 3741 1770 3820 episcopo
1786 3745 1927 3804 Trecen.

1134 3851 1174 3898 ac
1188 3836 1283 3898 nohis
1292 3835 1353 3898 sub
1367 3839 1459 3900 certa
1474 3837 1579 3900 torma
1595 3838 1715 3900 luisset
1727 3838 1770 3901 ab
1783 3840 1927 3916 Aposto-

1135 3934 1198 3995 lica
1210 3933 1294 3995 Sede
1304 3934 1491 4007 commissa,
1503 3935 1583 4011 ,quia
1594 3936 1730 4012 propter
1744 3935 1928 3998 absentiam

1133 4031 1281 4107 eJusdem
1300 4031 1458 4108 episcopi,
1479 4032 1535 4108 qui
1551 4032 1592 4094 ad
1612 4031 1824 4108 praesentiam
1846 4047 1929 4095 uos-

1134 4127 1929 4206 tramaocesserat,nonhabebaturinipsacausa

322 4224 461 4296 pellantur
475 4220 640 4280 sathluoere
660 4221 817 4280 comitisse
831 4221 995 4294 campanie
1004 4221 1078 4279 tilio·
1134 4239 1324 4301 processus;
1352 4240 1412 4286 nos
1438 4225 1593 4288 uolentes
1612 4225 1761 4302 ejusdem
1775 4224 1929 4288 ecclesie

322 4326 379 4383 (1¹¹0
397 4311 468 4382 01⁰³·
1133 4321 1356 4397 provisionem
1375 4320 1586 4399 dispendiose
1598 4322 1738 4396 differri,
1752 4323 1930 4386 venerahi-

327 4417 505 4488 Honorius,
523 4418 597 4487 etc,
614 4415 744 4477 dilectis
759 4417 837 4477 filiis
851 4419 963 4480 Sancti
975 4421 1081 4482 Joan-
1134 4418 1200 4480 lem
1216 4417 1351 4480 fratrem
1366 4419 1554 4482 nostrum...
1564 4419 1828 4483 antissiodoren.
1845 4419 1931 4497 epis·

286 4515 341 4575 nls
354 4514 389 4574 in
400 4512 515 4574 Vineis
524 4511 773 4572 suessionensis
785 4512 928 4574 etVallis
937 4515 1079 4576 secrete
1134 4529 1252 4593 copum
1266 4516 1404 4593 praeiato
1427 4519 1565 4578 Trecen.
1584 4517 1741 4578 duximus
1753 4518 1789 4578 in
1804 4533 1931 4580 execu-

288 4609 539 4673 Suessionensis
554 4608 707 4670 dioecesis
722 4607 894 4670 abbatibus
909 4611 1079 4672 etdecano
1132 4612 1223 4673 tione
1254 4611 1333 4674 dicti
1365 4613 1490 4688 negotii
1518 4613 1775 4689 subrogandum.
1803 4617 1929 4677 Verum

287 4705 530 4779 suessionensi,
547 4705 736 4768 salutemet
749 4705 963 4782 apostolicam
978 4707 1080 4770 bene-
1133 4709 1269 4771 nuntius
1283 4710 1389 4786 ipsius
1408 4710 1610 4772 thesaurarii
1622 4711 1795 4788 evestigio
1812 4727 1931 4789 super·

286 4805 476 4866 dictionem
1133 4807 1270 4870 veniens
1295 4807 1467 4884 proposuit
1494 4823 1607 4870 coram
1622 4808 1729 4878 nohis,
1746 4808 1833 4885 quod
1854 4825 1929 4870 cum

326 4900 453 4962 Dilecta
471 4901 507 4972 in
528 4898 659 4962 Christo
673 4897 745 4961 tilia
766 4899 888 4962 nobilis
910 4901 1031 4964 mulier
1040 4905 1077 4964 Β.
1133 4903 1257 4966 dudum
1280 4905 1513 4981 procuratores
1536 4905 1680 4981 partium
1697 4905 1732 4966 in
1752 4906 1930 4983 praesentia

286 4996 456 5060 comitissa
471 4999 505 5059 et
516 4997 576 5058 Th.
589 4997 688 5058 natus
709 5000 792 5074 ejus,
809 5013 919 5059 comes
934 5001 1078 5076 Campa·
1134 5002 1353 5079 quorumdam
1366 5000 1504 5062 hatrum
1518 5003 1705 5064 nostrorum
1718 5002 1759 5063 de
1773 4993 1931 5066 mandato

285 5095 351 5158 niae
372 5093 468 5155 nohis
483 5093 715 5170 conquerendo
733 5095 971 5167 monstrarunt,
993 5097 1078 5174 quod
1134 5100 1247 5160 nostro
1274 5097 1455 5160 tractarent
1484 5098 1525 5159 de
1550 5098 1720 5176 judicibus
1752 5098 1928 5175 eligendis,

285 5208 361 5256 oum
379 5191 512 5268 quidam
528 5189 675 5252 fautores
689 5189 812 5251 nobilis
826 5191 891 5253 viri
906 5193 1023 5254 Erardi
1038 5193 1079 5255 de
1133 5194 1292 5271 prelatus
1309 5193 1573 5258 antissiodoren.
1597 5195 1786 5256 nominatus
1800 5211 1821 5257 a
1836 5196 1931 5273 parte

286 5293 394 5352 Brona
409 5289 442 5350 et
456 5287 619 5364 Philippos
630 5287 745 5348 uxoris
761 5303 829 5349 sum
847 5303 907 5366 pro
917 5290 977 5358 eis,
993 5305 1078 5352 auo·
1134 5291 1240 5368 ipsius
1252 5290 1453 5353 archidnon
1464 5290 1932 5370 luitpropterquasdamcau-

286 5386 420 5450 toritate
435 5385 548 5446 nostra
561 5383 695 5444 vinculo
709 5383 878 5447 interdicti
892 5386 926 5446 et
938 5401 1077 5449 excom·
1133 5403 1188 5450 sas
1200 5387 1399 5465 suspicionis
1416 5389 1591 5461 admissus,
1603 5388 1659 5450 sed
1673 5387 1780 5452 dictus
1791 5391 1928 5452 irecen.

286 5481 520 5544 manicationis
531 5479 693 5552 adstricti,
710 5481 848 5556 agerent
859 5482 894 5542 in
908 5484 1076 5557 extremis,
1132 5485 1307 5563 episcopus
1324 5488 1478 5564 receptus
1493 5487 1557 5548 luit
1574 5500 1634 5562 pro
1648 5485 1746 5548 tertio
1757 5485 1872 5564 judice
1894 5488 1931 5548 ut

287 5581 419 5660 quidam
436 5575 692 5647 Triumlontium
709 5579 742 5640 et
767 5577 808 5638 de
827 5579 991 5659 Exquinoi
1006 5597 1079 5642 mo-
1132 5597 1205 5644 curn
1221 5582 1325 5645 altero
1347 5585 1492 5646 vestrum
1511 5582 1704 5662 procederet
1730 5583 1762 5643 in
1782 5584 1927 5659 negotio,
