4280 6404
946 357 1120 418 HONORII
1144 357 1188 418 111
1210 357 1358 420 OPERA.
1914 366 1974 426 26i

659 553 786 642 GGLV
1177 517 1364 594 l³0¹011ffl>1¹³
1376 521 1449 596 ejus
1464 518 1678 582 insolentiam
1690 521 1871 596 sustinere·
1884 521 2013 586 idern.

1176 615 1217 676 ad
1232 615 1408 676 ecclesiam
1429 616 1541 677 Sancti
1564 619 1672 679 Eurtii
1692 619 1908 694 aurelianen.
1930 620 1975 682 ab

325 691 377 750 Ad
398 690 621 765 Redilwldum
640 691 681 750 de
707 691 874 759 Rumam»
902 691 1062 764 DY⁰0⁰⁷22
1079 690 1121 748 αθ
1176 711 1974 793 abbatesuoextititdestinatus3sedpostpaucos

366 787 806 848 conaoutoetcumonemdc
816 785 1121 848 Cilltmi'afflffltw·
1176 808 1246 869 dies
1257 808 1601 872 exindeillicentiatus
1611 813 1782 885 recedens,
1795 813 1973 889 religiosas

364 886 458 946 ”²⁰0⁸
465 886 501 946 Ν
499 885 721 946 octomenses.
1175 907 1284 967 vestes
1297 906 1440 967 vendere
1454 923 1539 968 ausu
1553 908 1732 970 temerario
1745 925 1812 970 non
1824 913 1970 987 expavit.

621 996 656 1054 ¹²
667 996 729 1070 1¹¹¹st
745 997 823 1056 ¹²¹9·
1176 1005 1310 1075 Quarta,
1328 1003 1413 1081 quod
1438 1019 1511 1066 oum
1538 1003 1639 1081 ipsi...
1667 1004 1818 1068 abbatem
1843 1008 1973 1069 etcon·

357 1103 475 1166 [lieret-2
488 1101 740 1167 lib-1¹1209ss²·⁸¹⁹·
753 1101 1089 1163 centumcentumn]
1176 1101 1309 1162 ventum
1325 1102 1437 1163 Sancti
1452 1102 1605 1175 Victoris,
1628 1119 1767 1179 quorum
1790 1104 1972 1168 observant

327 1203 362 1260 Ut
374 1198 529 1258 informent
548 1199 692 1258 decausis
707 1200 837 1273 repulsus
849 1200 981 1258 canonici
1002 1200 1122 1258 loannis
1176 1198 1326 1260 ordinem
1352 1214 1452 1274 super
1471 1199 1661 1276 receptione
1680 1200 1787 1276 ipsius
1808 1201 1972 1264 Jobannis

473 1289 973 1348 amonasteriosanctimonasterli.
1043 1351 1050 1364 ,
1176 1295 1333 1357 duxerint
1357 1295 1587 1368 consulendos,
1618 1296 1718 1358 iidem
1752 1298 1801 1359 eis
1831 1301 1973 1362 consilio

364 1399 544 1471 Honorius,
560 1402 636 1468 etc,
653 1397 783 1460 dilectis
791 1397 869 1458 tiliis
883 1396 1066 1472 Reginaldo
1081 1395 1122 1458 de
1176 1393 1290 1453 habito
1305 1408 1453 1469 persnas
1468 1394 1616 1468 petentes
1636 1393 1763 1456 litteras
1786 1397 1972 1473 responde-

326 1497 486 1567 Humeco,
503 1498 637 1570 brogon
652 1494 692 1555 de
705 1493 863 1556 condolio
878 1495 911 1556 et
923 1493 1066 1556 (luidoni
1081 1493 1122 1555 de
1176 1491 1265 1562 runt,
1281 1489 1367 1568 quod
1392 1489 1582 1552 nullatenus
1599 1490 1704 1567 ipsum
1732 1493 1920 1570 reciperent
1938 1497 1973 1556 in

327 1593 512 1654 (tintiniaco
525 1591 697 1652 canonicis
712 1591 741 1652 N
744 1591 908 1652 oviomen.
1176 1588 1378 1648 monasterio
1387 1588 1579 1649 memorato.
1591 1588 1974 1668 Quinto,eumsaepedic-

366 1692 446 1750 Cum
470 1687 604 1750 dilectis
620 1687 737 1748 filiis...
759 1686 871 1749 abbati
886 1689 919 1750 et
944 1687 1122 1750 conventui
1176 1684 1229 1746 tus
1244 1684 1414 1746 Jobannes
1430 1684 1568 1760 praelato
1582 1684 1694 1746 abbati
1708 1687 1821 1748 Sancti
1836 1689 1973 1750 Bartho-

326 1784 521 1848 monasterii
546 1784 659 1846 Sancti
673 1784 909 1846 Bartholomaei
924 1785 1119 1846 Noviomen.
1176 1782 1287 1843 lomaei
1302 1782 1461 1859 quasdam
1476 1783 1728 1858 praesentaverit
1738 1783 1877 1856 litteras,
1887 1801 1971 1862 quas

326 1883 516 1955 multotiens
537 1882 759 1943 direxerimus
782 1882 905 1958 scripta
929 1883 1058 1954 nostra,
1087 1883 1123 1943 ut
1177 1895 1213 1940 se
1237 1878 1408 1941 dicebeta
1433 1877 1518 1940 Sede
1542 1879 1732 1956 Apostolica
1761 1882 1970 1957 impetrasse,

325 1980 510 2044 Jobannem
528 1978 725 2040 canonicum
746 1993 853 2050 suum,
878 1979 934 2055 qui
949 1977 1035 2039 sicut
1051 1979 1122 2054 ipse
1177 1976 1265 2038 idem
1289 1975 1391 2038 abbas
1406 1975 1535 2039 litteras
1549 1975 1639 2054 ipsas
1654 1977 1781 2039 babens
1804 1979 1845 2040 de
1873 1979 1972 2040 falsi-

326 2077 423 2139 nobis
448 2076 620 2152 exposuit,
645 2075 848 2136 monasterio
868 2076 940 2150 ipso
969 2089 1122 2150 egressus
1176 2073 1244 2135 tate
1257 2075 1438 2150 suspectas,
1455 2088 1604 2134 coram...
1627 2073 1746 2136 abbate
1759 2076 1871 2138 Sancti
1886 2078 1974 2138 Leo-

326 2174 436 2235 iuerat
456 2172 560 2233 animi
574 2171 723 2239 lenitate,
742 2171 938 2248 reciperent,
955 2171 1048 2232 salva
1061 2186 1122 2233 or·
1177 2169 1304 2244 degarii
1323 2170 1537 2232 suessionen.
1559 2173 1593 2232 et
1607 2171 1804 2248 quibusdam
1819 2173 1896 2235 aliis
1915 2189 1972 2236 eos

326 2271 415 2331 dinis
428 2269 618 2345 disciplina,
635 2269 713 2346 quia
726 2268 790 2344 ipsi
806 2267 919 2340 abbas,
937 2269 969 2330 et
983 2284 1124 2330 conven·
1177 2267 1363 2328 examinari
1375 2267 1515 2338 curavit,
1530 2269 1650 2329 etcum
1664 2269 1919 2332 videritbullam
1930 2271 1973 2332 ab

327 2371 381 2430 tus
396 2368 428 2428 id
451 2366 584 2428 elicere
605 2380 672 2426 non
694 2365 865 2437 curabant,
881 2364 975 2426 vobis
990 2365 1123 2426 tandem
1178 2363 1329 2426 interiori
1344 2365 1438 2440 parte
1452 2364 1630 2437 tenentem,
1651 2366 1743 2426 iilum
1763 2367 1885 2428 exinde
1899 2369 1973 2430 sine

328 2467 479 2528 dedimus
498 2463 533 2524 in
548 2461 725 2534 mandatis
742 2463 779 2524 ut
803 2461 963 2538 inquisita
979 2461 1123 2538 diligen·
1178 2461 1290 2538 aliqua
1299 2461 1493 2523 difficultate
1500 2460 1677 2534 subtraxit,
1688 2467 1822 2540 propter
1834 2465 1920 2540 quod
1931 2465 1973 2526 de

328 2565 396 2627 tius
408 2563 548 2625 veritate
563 2575 666 2639 quare
693 2559 883 2622 mandatum
898 2560 1123 2636 Apostolioum
1178 2557 1322 2620 falsitate
1341 2558 1489 2634 ipsarum
1512 2559 1661 2620 constitit
1680 2560 1861 2622 evidenter.
1880 2562 1973 2624 Unde

328 2678 394 2724 non
417 2659 562 2730 deberet,
587 2657 640 2720 vel
662 2672 729 2718 non
745 2659 855 2734 posset
873 2656 1016 2734 impleri,
1037 2657 1123 2734 quod
1178 2653 1327 2731 saepefati
1342 2654 1444 2717 abbas
1463 2656 1496 2716 et
1521 2658 1702 2719 conventus
1716 2657 1810 2719 nobis
1835 2659 1974 2720 bumili-

327 2774 428 2836 super
449 2757 502 2818 bis
526 2754 722 2817 inveneritis
741 2768 801 2830 per
814 2754 944 2818 vestras
962 2755 1124 2816 curaretis
1177 2751 1228 2812 ter
1247 2752 1486 2829 supplicarunt,
1508 2755 1544 2814 ut
1557 2769 1632 2815 cum
1656 2757 1815 2831 appar-eat
1828 2771 1872 2817 ex
1885 2772 1974 2832 prae-

326 2855 422 2918 nobis
438 2850 847 2926 litterasintimarmvobis
862 2851 974 2928 itaque
991 2852 1123 2913 admo·
1178 2849 1275 2910 dictis
1308 2850 1533 2926 supradictum
1565 2850 1750 2912 Jobaunem
1783 2852 1825 2914 ab
1856 2868 1973 2915 eorum

325 2950 507 3016 nestorium
521 2950 630 3026 ipsum
646 2947 865 3024 personaliter
876 2947 1121 3014 accedentibus,
1179 2945 1299 3008 debere
1312 2947 1479 3008 consortio
1491 2947 1648 3024 tanquam
1664 2947 1846 3010 membrum
1866 2951 1974 3026 putri·

326 3053 360 3114 et
373 3047 548 3112 veritatem
558 3044 1042 3123 inquirentibus-depraemissis
1056 3051 1123 3111 tam
1178 3042 1256 3104 dum
1265 3058 1429 3115 resecare,
1439 3058 1492 3116 ne,
1502 3043 1697 3120 quodabsit,
1710 3045 1809 3106 unius
1815 3045 1974 3108 morbidae

327 3147 459 3226 publice
472 3159 571 3223 quam
585 3141 752 3220 privatim,
781 3142 867 3204 sicut
886 3142 981 3204 nobis
1003 3147 1124 3209 vestris
1179 3141 1251 3204 ovis
1266 3141 1455 3215 contagium
1473 3141 1601 3205 inliciat
1623 3141 1726 3203 totum
1744 3158 1889 3219 gregem,
1914 3159 1974 3205 ecs

237 3262 239 3275 ’
327 3244 448 3307 litteris
456 3238 964 3312 intimastis,venerabilislrater
974 3245 1122 3305 noster...
1179 3236 1221 3300 ab
1246 3237 1477 3315 impetratione
1496 3237 1601 3316 ipsius
1620 3239 1792 3302 absolvere
1811 3241 1973 3318 dignare·

326 3341 523 3404 Noviomen.
537 3337 728 3414 episcopus,
744 3337 879 3413 juratus
893 3337 929 3398 in
945 3339 1046 3402 verbo
1059 3344 1126 3403 Do-
1179 3351 1263 3396 mur.
1282 3335 1423 3412 ideoque
1442 3334 1636 3398 discretioni
1653 3339 1775 3428 nestrae
1788 3353 1848 3414 per
1861 3343 1973 3416 Apos-

326 3439 421 3510 mini‚
433 3434 519 3515 quod
533 3435 641 3496 dictus
653 3433 824 3496 lohannes
835 3434 1007 3498 consessus
1018 3436 1125 3501 suerat
1178 3433 1279 3494 tolica
1291 3431 1414 3509 scripta
1427 3433 1634 3507 mandamus,
1646 3437 1820 3512 quatenus,
1837 3437 1867 3498 si
1877 3436 1974 3498 vobis

328 3551 440 3599 coram
460 3549 499 3594 eo
523 3531 557 3593 et
579 3530 730 3608 pluribus
752 3530 829 3592 aliis
851 3531 996 3610 qrrinque
1019 3550 1125 3597 annos
1179 3529 1364 3593 constiterit
1384 3530 1424 3592 de
1437 3531 1630 3607 premissis,
1647 3531 1804 3608 praelatos
1820 3532 1973 3596 abbatem

329 3647 403 3694 esse
421 3629 609 3693 transactos
624 3627 710 3705 quod
733 3628 842 3704 ipsum
862 3627 1013 3691 abbatem
1028 3647 1124 3692 suum
1180 3630 1213 3689 et
1246 3629 1443 3690 conventum
1481 3628 1522 3689 ab
1554 3629 1787 3705 impetratione
1820 3629 1972 3708 saepefati

328 3727 560 3798 interfecisset,
579 3726 609 3787 si
623 3725 798 3803 potuisset,
814 3740 943 3787 veneno
955 3727 1008 3788 vel
1023 3727 1122 3790 ierro.
1178 3725 1351 3797 iohannis,
1378 3723 1507 3787 sublato
1537 3725 1772 3802 appellationis
1786 3727 1970 3798 obstaculo,

328 3827 414 3888 Dicti
426 3840 506 3888 vero
519 3823 621 3885 abbas
639 3824 673 3886 et
684 3825 867 3886 conventus
881 3823 1125 3901 responderunt
1179 3822 1371 3884 absolvatis.
1382 3821 1491 3882 Nullis
1502 3821 1621 3885 litteris
1635 3824 1781 3895 veritati,
1791 3823 1973 3900 etjustitiae

328 3939 365 3986 se
378 3922 466 3984 nolle
478 3935 540 3984 nec
554 3920 688 3994 audere,
708 3935 769 3982 nec
788 3919 917 3998 dejure
939 3920 1058 3984 debere
1073 3923 1125 4001 ip-
1179 3917 1481 3996 praejudicantibus,
1498 3920 1561 3979 etc.
1589 3919 1681 3990 Quod
1705 3919 1733 3978 si
1758 3935 1823 3980 non
1842 3935 1972 3989 omnes,

328 4037 400 4084 sum
416 4019 601 4084 Jobannem
620 4018 769 4096 recipere
784 4018 960 4096 multiplici
981 4020 1121 4084 ratione.
1178 4019 1241 4079 etc.
1257 4017 1375 4096 Datum
1391 4017 1493 4078 Reate
1506 4017 1623 4094 quarto
1643 4017 1718 4080 idus
1736 4016 1824 4095 julii,
1836 4017 1975 4096 pontill-

328 4119 453 4187 Primo,
468 4116 633 4189 videlicet,
655 4115 733 4196 quia
754 4131 829 4178 cum
849 4116 938 4178 idem
955 4117 1124 4181 Jobannes
1179 4115 1272 4177 catus
1286 4112 1392 4176 nostri
1407 4129 1495 4175 anno
1509 4114 1618 4176 tertio.

328 4218 467 4278 mortem
482 4215 588 4291 ipsius
602 4213 732 4276 abbatis
745 4213 846 4276 tuerit
856 4215 1077 4288 machinatus,
1092 4217 1125 4280 et

328 4313 436 4374 dictus
448 4310 550 4374 abbas
565 4326 681 4372 secure
694 4325 760 4371 non
773 4312 904 4388 poterat
918 4311 1031 4374 vivere
1048 4328 1122 4374 cum
1502 4309 1650 4399 GCLVI

329 4408 455 4520 eodem,
471 4407 505 4468 et
517 4406 636 4467 iratres
649 4407 758 4512 scelus
766 4409 1021 4481 committerent,
1036 4411 1122 4487 quod
1278 4455 1330 4514 Ad
1349 4454 1553 4530 ,episcopum
1569 4455 1871 4516 &mammem

329 4522 365 4567 1n
390 4505 518 4582 patrem
549 4501 721 4564 audacrter
746 4503 898 4565 voluerat
918 4506 1121 4581 perpetrare.

331 4600 494 4672 Secundo,
511 4599 590 4678 quia
598 4614 658 4676 per
671 4597 743 4660 veri
752 4600 1019 4675 suppressionem
1030 4617 1123 4680 apos·
1468 4573 1502 4631 ¹3
1516 4573 1580 4645 5⁰¹³
1600 4573 1678 4632 ¹²¹9·

327 4699 446 4764 tolicas
461 4712 561 4774 super
574 4695 763 4772 receptione
777 4711 838 4757 sua
862 4696 990 4759 litteras
1011 4699 1121 4776 impe·
1208 4687 1435 4752 [istest-‚libbi
1449 4686 1653 4752 11111-534-1111·
1669 4689 1788 4740 11³me
1799 4689 1835 4740 ds
1848 4690 1941 4755 reoli]

326 4797 439 4861 travit.
455 4797 536 4858 Cum
560 4793 649 4855 enim
671 4791 750 4854 dicti
764 4792 866 4854 abbas
891 4795 923 4856 et
941 4796 1122 4858 conuentus
1177 4793 1309 4867 indulget
1320 4793 1455 4866 episcopo
1467 4800 1560 4850 altres
1569 4794 1725 4851 canonicos
1741 4809 1838 4852 secum
1851 4797 1974 4854 retineat

327 4893 436 4971 ipsum
455 4891 645 4954 monuerint
659 4891 694 4952 ut
709 4889 915 4954 satisfaceret
929 4891 969 4954 de
981 4909 1041 4954 suo
1056 4909 1120 4955 ex·
1211 4891 1240 4941 ⁰¹
1248 4883 1295 4940 11ῑί
1310 4881 1495 4939 ssihssfflsslssui
1505 4881 1612 4940 11110111
1625 4882 1754 4956 integros
1765 4898 1880 4942 suerum
1898 4898 1971 4956 effl-

329 5006 425 5054 cessu
439 4991 472 5052 et
486 4988 714 5066 poeaitentiam
728 4990 844 5064 ageret
856 4989 891 5048 in
907 4987 1048 5067 quadam
1066 5005 1122 5054 ec-
1210 4969 1368 5030 b0¹¹d³ffl¹¹¹
1379 4970 1548 5043 percipient

328 5087 442 5158 clesia,
472 5086 560 5152 idem
585 5084 721 5148 obedire
749 5087 957 5163 contempsit,
987 5101 1123 5149 excom·
1215 5088 1395 5160 Honorius,
1412 5089 1489 5160 etc,
1516 5086 1700 5150 venerabili
1722 5087 1855 5161 tratri„
1879 5087 1972 5165 epis-

328 5185 514 5248 municatus
546 5183 696 5254 recessit,
734 5183 766 5244 et
800 5183 841 5244 ad
878 5183 1036 5244 saeculum
1072 5187 1122 5248 est
1176 5201 1259 5263 copo
1274 5187 1495 5246 cenomanen.

328 5297 497 5346 reversus.
511 5279 633 5352 Tertio,
648 5279 725 5357 quia
749 5295 823 5342 cum
842 5279 937 5342 bonae
952 5281 1120 5344 memoriae
1215 5281 1265 5344 nd
1280 5297 1380 5344 aures
1391 5283 1522 5342 nostras
1535 5281 1567 5342 te
1581 5278 1792 5357 significante
1808 5282 1970 5358 pervenit,

327 5383 366 5447 R.
391 5379 480 5444 tituli
498 5377 610 5440 Sancti
636 5377 795 5452 Stephani
820 5377 855 5442 iu
878 5377 979 5439 Coelio
1010 5379 1121 5440 monte
1175 5379 1351 5458 quodcum
1366 5379 1402 5438 in
1426 5379 1648 5440 cenomanen.
1665 5377 1808 5439 ecclesia
1830 5393 1974 5440 consue-

326 5477 498 5557 presbyter
526 5473 705 5538 cardinalis
734 5473 843 5552 ipsum
868 5475 1055 5537 Jobannem
1079 5476 1120 5536 ad
1175 5481 1244 5539 tum
1271 5475 1371 5538 tuerit
1391 5473 1433 5536 ab
1461 5474 1610 5552 antiquo,
1628 5475 1782 5550 utipsius
1803 5475 1974 5552 lociepis-

325 5580 453 5652 Augen.
470 5572 645 5636 ecclesiam
666 5569 799 5632 duxerit
817 5571 1132 5656 transmittendum,
1176 5589 1277 5650 copus
1291 5573 1332 5636 de
1347 5571 1517 5634 canonicis
1532 5571 1682 5647 ejusdem
1695 5572 1846 5637 ecclesie
1859 5587 1972 5634 secum

326 5671 445 5736 abbate
465 5667 498 5734 et
522 5668 686 5734 conventu
709 5669 856 5743 ejusdem
879 5669 1030 5732 ecclesiae
1055 5685 1120 5732 non
1176 5672 1287 5746 posset
1299 5669 1434 5739 babere,
1451 5684 1489 5731 ac
1510 5683 1569 5744 pro
1583 5668 1690 5744 ipsius
1714 5669 1865 5730 eeclesia
1889 5684 1971 5745 pro-
