4248 6410
144 261 211 320 ’669
776 257 1003 318 EPISTOLAE.
1028 257 1105 318 Lm.
1130 259 1168 318 V.
1547 277 1549 284 ¹
1736 257 1795 320 670

153 417 322 494 quaeipsis
345 417 468 480 avivls
491 410 562 478 sive
584 415 746 510 defunctis
762 390 946 478 rationabi-
973 393 977 402 ’
1000 406 1255 508 venerabilibus.
1275 415 1436 480 tratribus
1469 417 1727 494 archiepiscopis
1762 419 1796 480 et

153 515 230 575 liter
240 511 466 585 conteruntur,
480 527 538 589 pro
550 510 669 574 vestris
680 511 945 589 expeditionibus
999 512 1163 588 episcopis
1178 515 1211 574 et
1228 513 1356 574 dilectis
1371 513 1449 574 tiliis
1467 513 1649 584 abbatibus,
1670 507 1795 589 priori·

154 611 342 672 ctexcubits
352 609 524 680 iaciendis,
534 611 726 670 vicesimam
740 610 898 684 quaestam
914 610 947 669 et
999 608 1071 679 bus,
1086 609 1282 685 praepositis,
1299 609 1444 679 decanis,
1462 609 1716 678 archidiaconis,
1732 625 1793 669 ar-

153 709 345 768 exactiones
371 707 412 766 ab
445 707 527 782 ipsis
553 705 717 766 indebitas
746 704 945 782 praesumitis
1001 705 1256 780 cnipresbyterls
1271 702 1791 780 ‘etaliisecclesiarumpraclatis,
1895 695 1904 708 '

155 803 361 878 extorquere.
400 795 561 873 Quocirca
595 801 803 861 universitati
827 802 946 861 vestrae
1000 801 1042 860 ad
1056 810 1136 877 quos
1151 802 1269 862 littorea
1283 801 1355 862 istae
1368 801 1745 877 pervenerintsalutem
1760 802 1794 862 et

154 913 214 975 per
238 899 427 975 apostolica
452 899 574 974 scrlpta
603 897 797 958 mandamus
821 899 854 958 et
874 889 947 956 dis·
1000 897 1215 973 apostolicam
1229 895 1501 958 benedictionem.

154 995 251 1059 triete
269 994 491 1072 praecipimus,
514 997 675 1072 quatenus
696 994 737 1054 ab
757 993 947 1070 hujusmodi
1042 993 1160 1054 Dilecti
1182 988 1279 1054 filii...
1301 993 1459 1068 magister
1479 994 1513 1054 et
1533 989 1652 1054 iratres
1680 993 1796 1054 domus

155 1087 385 1153 exactionibus
399 1091 840 1168 penitusdeslstentes‚J'ura
856 1104 946 1166 praed
1001 1091 1182 1166 Hospitalis
1212 1091 1340 1151 Sanctae
1372 1091 1486 1150 Mariae
1516 1087 1796 1150 Theatonlcorum

155 1188 316 1250 dictorum
340 1189 481 1250 tratrem
503 1187 538 1248 in
559 1187 671 1264 aliquo
695 1186 817 1248 laedere
837 1187 948 1247 nulla·-
1002 1185 1798 1263 Hierosolymitaninostroapostolatuisuntcon-

154 1285 250 1346 tenus
265 1285 484 1361 praesumatis,
502 1285 558 1344 sed
573 1285 618 1345 ita
634 1284 725 1361 ipsos
738 1297 800 1343 sua
815 1284 948 1359 permit·
971 1311 972 1314 ¹
1002 1283 1126 1360 questi,
1144 1284 1229 1358 quod
1246 1283 1378 1360 quidam
1394 1284 1582 1357 magnates,
1605 1283 1742 1344 comites
1763 1284 1797 1344 et

155 1382 233 1442 tatis
260 1381 411 1443 libertate
434 1383 590 1457 gaudere,
617 1379 702 1458 quod
730 1392 792 1440 nec
815 1380 879 1456 ipsi
908 1379 948 1439 de
1003 1380 1061 1439 alii
1076 1379 1204 1440 nobiles
1219 1381 1254 1439 in
1269 1380 1389 1440 vestris
1402 1377 1601 1439 dioecesibus
1615 1379 1794 1449 constituti,

155 1477 402 1538 vobis'habeant
408 1482 532 1554 justam
545 1477 717 1538 materiam
725 1473 948 1552 conquerendi
1003 1476 1043 1535 de
1059 1475 1333 1550 possessionibus,
1348 1488 1420 1551 quae
1433 1475 1515 1550 ipsis
1528 1481 1546 1534 a
1560 1470 1646 1534 vivis
1658 1475 1729 1534 sive
1739 1475 1799 1534 de·-

155 1589 217 1634 nec
246 1587 306 1633 nos
335 1587 376 1634 ea
403 1573 584 1634 districtius
613 1572 784 1648 requirere
806 1570 950 1646 compel—
1004 1571 1124 1632 iunctis
1146 1571 1391 1632 rationabiliter
1403 1570 1637 1637 conteruntur,
1655 1583 1714 1644 pro
1728 1571 1798 1630 suis

152 1670 275 1730 tamur.
291 1669 408 1730 Datum
423 1669 591 1738 Laterani,
607 1670 682 1728 xlv
697 1667 763 1728 kal.
776 1665 947 1739 februarii,
1004 1669 1269 1745 expeditionibus
1284 1671 1317 1729 et
1331 1667 1480 1728 excubiis
1495 1659 1800 1737 iaciendisvioesl-

153 1763 367 1841 pontificatus
382 1765 488 1824 nostri
504 1779 591 1823 anno
604 1762 728 1840 quinto
1004 1779 1091 1824 mam
1106 1767 1264 1841 quaestam
1284 1765 1317 1825 et
1335 1765 1525 1826 exactiones
1543 1763 1584 1823 ab
1603 1763 1686 1838 ipsis
1700 1763 1798 1822 iude-

971 1926 974 1932 ,
1004 1861 1090 1922 bitas
1105 1863 1303 1937 extorquere
1315 1861 1528 1937 praesumunt.
1537 1849 1715 1929 Qucrc'lrca
1728 1859 1801 1918 uni·

497 1931 613 2016 CCXI
1004 1958 1156 2018 versitati
1195 1959 1315 2018 vestrae
1352 1968 1412 2033 per
1448 1955 1636 2032 apostolica
1675 1954 1800 2031 scripta

154 2067 209 2125 Ad
230 2063 438 2140 magistram
457 2063 645 2136 Hospitalis
668 2063 804 2122 Sanctae
827 2061 952 2120 Marica
1006 2054 1200 2114 mandamus
1213 2053 1311 2128 atque
1321 2052 1542 2128 praecipimus,
1557 2052 1718 2127 quatenus
1730 2053 1800 2126 jam

409 2160 704 2220 itreutoctcortcnc.
1007 2150 1110 2211 dictos
1126 2149 1366 2218 molestatores,
1382 2149 1418 2209 ut
1430 2147 1471 2208 ab
1485 2147 1674 2222 huJusmodi
1685 2146 1802 2207 moles·

455 2272 487 2328 19
499 2271 560 2344 jan,
577 2269 658 2326 qqqq
1005 2247 1130 2307 tatione
1151 2245 1284 2306 omuino
1300 2245 1461 2306 desistant
1481 2245 1514 2304 et
1528 2247 1606 2320 tura
1625 2242 1802 2318 praedicto-

338 2378 472 2444 [sualim
485 2378 503 2428 1.
514 2392 547 2434 c„
558 2391 584 2439 p,
596 2375 688 2434 θρα-ῃ,
701 2374 770 2440 aaa]
1007 2359 1080 2404 rum
1101 2342 1240 2404 fratrum
1264 2343 1299 2402 in
1324 2341 1436 2417 aliquo
1454 2340 1576 2402 laedere
1590 2355 1657 2400 non
1672 2355 1802 2415 praesu-

156 2480 243 2538 veut
257 2489 429 2548 quemquam
442 2473 559 2532 fratrum
571 2472 679 2532 ordinis
687 2471 864 2538 Theutonici‚
879 2485 950 2542 prae·
1007 2439 1113 2510 mant,
1139 2438 1320 2499 m⁰¹¹iti⁰¹¹⁶
1343 2437 1531 2512 Praemissar
1552 2451 1612 2510 Per
1626 2450 1800 2495 ⁰⁰n⁸¹¹fflm

192 2573 235 2623 ter
250 2563 381 2636 magistri
398 2563 553 2630 licentiam,
568 2560 722 2632 specialem
743 2557 953 2616 observantiam
1008 2531 1803 2608 θθθῖθὲῑᾶὃῇὓᾶῐΰνἃΡΡθῙῙθῖἱθῃθρθὸῐρθῧὶῑὸν00111·

196 2652 300 2710 pacem,
1006 2631 1149 2708 pellatis.
1162 2631 1279 2690 Datum
1293 2629 1460 2700 Laterani,
1470 2626 1799 2698 Xivkaldebruarii,

199 2759 367 2822 Honorius
377 2758 562 2834 episcopus,
576 2771 692 2816 servus
701 2769 871 2815 servorum
880 2753 950 2823 Dei,
1009 2727 1219 2805 P⁰sstffl0³tu⁸
1234 2725 1341 2789 nostri
1356 2740 1444 2785 ΜΟ
1458 2725 1584 2801 quim

156 2856 291 2917 dilectis
318 2855 396 2914 filiis
420 2854 578 2928 magistro
602 2853 635 2912 et
655 2850 813 2912 iratribus
839 2851 954 2910 domus

161 2952 342 3028 Hospitalis
372 2953 500 3010 Sanctae
528 2950 644 3009 Mariae
676 2947 953 3008 'theutonicorum
1328 2946 1485 3034 CCXIII

162 3046 466 3124 Hierosolymitani,
501 3045 641 3106 salutem
672 3045 704 3105 et
739 3043 954 3120 apostolicam

160 3144 434 3208 benedictionem.

201 3239 383 3302 Cumvohis
395 3239 575 3300 secundum
587 3238 770 3314 apostolum
782 3252 840 3298 cor
852 3252 954 3296 unum

161 3341 195 3401 et
214 3339 324 3400 anima
341 3351 408 3398 una
428 3333 545 3396 debeat
566 3349 650 3406 esse,
671 3335 832 3403 nolentes,
854 3335 890 3394 ut
914 3348 957 3392 ex

163 3435 355 3498 diversitate
372 3435 522 3494 votorum
537 3432 655 3492 vestrae
675 3431 848 3506 religionis
866 3429 958 3489 iden·

162 3533 240 3594 titas
251 3532 319 3609 pati
331 3529 441 3591 valeat
452 3526 851 3598 sectionem,auctoritate
863 3525 956 3586 vobis

163 3628 375 3707 praesentium
395 3625 594 3692 inhibemus,
615 3637 658 3684 ne
676 3623 797 3700 aliquis
817 3621 955 3682 fratrum
1159 3687 1165 3698 ,
1186 3687 1191 3699 1

163 3728 360 3797 vestrorum,
373 3721 497 3799 absque
511 3719 563 3782 sul
576 3719 725 3796 magistri
739 3719 874 3780 licentia
887 3731 958 3795 spe·
1011 3686 1256 3748 V⁰¹¹⁰f³b¹¹¹b¹¹⁸

1226 3127 1228 3134 ,
1302 3082 1353 3140 Ad
1367 3082 1513 3140 eosdem.

1308 3191 1341 3248 la
1352 3190 1412 3260 jan.
1427 3177 1506 3246 itti.

1193 3296 1331 3360 [stanbilus
1341 3295 1359 3344 l.
1370 3309 1401 3354 a,
1413 3309 1439 3358 p.
1449 3293 1505 3351 aot,
1516 3307 1542 3344 n.
1553 3292 1620 3356 ³354

1039 3397 1123 3454 Vetat
1137 3395 1268 3466 praelatos
1282 3393 1317 3449 de
1330 3392 1495 3450 hereditate
1507 3390 1654 3448 homiuum
1669 3389 1777 3448 ordinis

1140 3482 1306 3539 Tbeutonici
1320 3487 1428 3553 partem
1441 3479 1495 3536 sibi
1512 3479 1674 3537 vendicare.

1050 3591 1217 3652 Honorius
1229 3589 1415 3666 episeopus,
1427 3587 1801 3658 servasservorumliei,

1289 3685 1448 3746 octricus
1480 3682 1739 3760 archiepiscopis
1771 3685 1805 3744 et

1322 3782 1365 3842 tis
1381 3781 1458 3841 tiliis
1476 3779 1664 3851 abbatibus,
1681 3778 1806 3856 priori-

1009 3881 1083 3953 bus,
1098 3880 1296 3956 praepositis,
1311 3877 1457 3948 decanis
1471 3877 1726 3946 archidiaconis,
1744 3891 1804 3936 ar*

1008 3975 1269 4054 ebipresbyteris
1283 3973 1316 4034 et
1330 3973 1406 4034 aliis
1417 3972 1633 4034 ecclesiarum
1645 3971 1803 4048 praelatis,

1011 4071 1053 4134 ad
1069 4088 1151 4150 quos
1168 4073 1287 4133 litterae
1301 4071 1375 4131 istae
1389 4068 1612 4145 pervenerint,
1623 4067 1762 4128 salutem
1773 4069 1808 4128 et

1012 4170 1229 4246 apostolicam
1243 4166 1518 4228 benedictionem.

1052 4270 1102 4328 Ex
1111 4267 1205 4342 parte
1217 4263 1412 4324 dilectorum
1425 4262 1580 4332 illiorum,
1595 4259 1734 4321 fratrum
1748 4261 1808 4321 do-

1012 4379 1085 4425 mus
1101 4361 1281 4438 Hospitalis
1302 4360 1431 4420 Sanctae
1450 4359 1565 4420 Mariae
1584 4358 1807 4418 Theutonico-

166 4491 959 4568 circatorunaemetraunapostolorumejus
1012 4474 1088 4567 auu
1097 4456 1471 4564 Hierosolymitanqruit
1481 4455 1684 4562 propositum
1696 4469 1807 4516 coram

162 4601 202 4654 se
226 4591 358 4654 noverit
383 4591 608 4651 incursurum.
645 4590 763 4649 Datum
791 4589 956 4658 Laterani,
1012 4553 1119 4626 ¹¹⁰b¹³⁹
1136 4554 1238 4630 ‘1⁰⁰⁶’
1262 4567 1337 4614 ΟΜ]
1361 4567 1425 4628 ¹9⁸¹
1449 4550 1809 4626 tertiampartcmom-

165 4691 239 4750 xiv
254 4684 321 4749 aar.
339 4685 510 4758 februarii,
527 4685 736 4762 ponticanus
751 4683 854 4745 noctu
871 4693 959 4746 anno
1013 4651 1281 4761 acumiconorum
1302 4663 1437 4709 suorum
1459 4648 1646 4756 nominum,
1663 4647 1809 4755 purpose

164 4785 292 4862 'quinto‘
1014 4765 1050 4810 se
1060 4747 1254 4824 relinquunt
1268 4745 1433 4815 baercdes,
1450 4745 1541 4805 soliti
1555 4743 1622 4804 sint
1638 4754 1808 4820 percipere

494 4888 631 4976 CCXII
1014 4863 1054 4909 ae
1066 4845 1273 4907 medietatem
1288 4839 1437 4912 illorum,
1456 4841 1512 4916 qui
1527 4839 1650 4916 absque
1665 4840 1809 4902 baeredi-

1012 4945 1075 5005 bus
1089 4942 1143 5002 rel
1159 4952 1263 5000 uxore
1279 4937 1450 5008 decedunt,
1468 4936 1567 4998 etiam
1581 4937 1732 4998 homines
1740 4937 1808 5012 ipsi

250 5024 302 5084 Ad
315 5025 595 5096 arridentem,
610 5023 795 5094 mimos,
812 5021 875 5080 6²0·
1011 5041 1056 5102 ad
1072 5035 1411 5110 hociidcintarposita
1421 5037 1612 5108 teneantur3
1624 5033 1809 5110 presbyteri

463 5133 496 5189 lt
508 5133 568 5204 jan.
583 5133 663 5190 itti.
1012 5137 1048 5198 et
1062 5133 1175 5198 clerici
1189 5133 1321 5194 tertiam
1334 5133 1461 5207 partem
1473 5131 1648 5206 portionis,
1665 5145 1737 5206 quae
1752 5130 1808 5205 ip-

350 5234 482 5300 imitus,
494 5235 592 5298 tear·
605 5235 659 5292 Μ,
672 5249 698 5286 n.
711 5233 780 5298 tit]
1011 5247 1070 5294 sos
1084 5231 1205 5292 trabes
1222 5229 1266 5289 de
1284 5231 1361 5304 jure
1382 5227 1562 5302 contingit,
1586 5224 1650 5286 sihi
1676 5240 1806 5302 praesu*

163 3823 253 3894 ciali,
263 3819 496 3884 abstinentiam
517 3819 570 3880 vel
592 3815 836 3880 observantiam
856 3815 958 3877 iaciat
1006 3784 1176 3860 ⁰Pi⁸⁰⁰pi⁸
1191 3782 1321 3844 θῐᾱῆθΰ

164 3922 284 3995 praeter
298 3917 401 3988 illam,
419 3928 491 3994 quae
512 3915 691 3992 ecapitulo
707 3914 826 3975 vestrae
841 3913 956 3975 domus

164 4014 363 4089 regulariter
383 4011 590 4073 observatur.
613 4009 704 4070 Nulli
723 4021 802 4084 ergo
823 4007 957 4069 omnino

163 4105 335 4170 hominum
350 4108 450 4168 liceat
461 4107 548 4168 banc
563 4108 718 4183 paginam
732 4106 853 4166 nostrae
868 4101 959 4165 inbi-

165 4207 300 4268 bitionis
323 4205 517 4280 infringere,
541 4203 595 4264 vel
619 4204 650 4263 ei
674 4217 759 4264 ausu
781 4201 958 4262 temerario

166 4301 342 4366 contraire.
360 4301 395 4362 Si
410 4300 484 4377 quis
500 4300 609 4361 autem
622 4299 685 4358 hcc
699 4299 864 4360 attentare
876 4312 959 4374 prec-

166 4398 354 4476 sumpserit,
373 4397 634 4472 indignationem
650 4395 884 4472 omnipotentis
900 4393 959 4454 Dei

167 5337 251 5394 vetat
263 5333 300 5392 de
313 5331 422 5390 ordinis
433 5331 602 5388 theutonici
613 5330 845 5404 possessoribus
855 5329 958 5389 vicesi-
981 5383 984 5393 ,
1013 5329 1235 5391 munteontra
1247 5325 1411 5402 justitiam
1423 5323 1616 5394 vendicare,
1633 5321 1808 5397 praedictoa
1935 5327 1937 5336 ’

270 5433 346 5479 mim
362 5420 495 5478 miili&
506 5419 857 5490 Milffltttffltiflffl·
947 5458 950 5470 =
983 5497 984 5506 ἵ
1015 5424 1135 5486 iratres
1148 5427 1251 5498 super
1264 5435 1304 5482 ea
1316 5419 1551 5482 molestatione
1564 5417 1710 5478 indebita
1725 5416 1807 5477 iati-

207 5523 570 5606 Honoriusepisco'pus,
584 5517 984 5598 servasservorumliei'
1015 5522 1142 5598 gantas.
1167 5521 1248 5578 dum
1273 5517 1377 5592 igitur
1403 5515 1526 5575 eisdem
1557 5513 1725 5583 iratribus,
1751 5515 1808 5590 qui
