4280 6404
290 279 349 337 223

291 435 496 508 attentatam,
510 427 621 496 1311311
637 430 844 496 confirmare.
861 430 930 495 Nec
941 433 993 493 his
1004 449 1085 494 con-

290 537 373 599 tenti
395 532 698 609 adlimpediendum
718 531 934 592 executorem
948 525 1085 607 'procee-

292 651 364 695 sum
380 631 536 693 dixerunt
550 645 585 690 se
600 629 772 706 praelatum
787 631 979 689 Massanum
996 628 1085 705 epis-

288 747 421 808 copum,
451 744 491 789 eo
514 727 603 804 *quod
623 726 801 802 aliquando
823 730 895 802 ejus
921 727 1085 787 scholaris

288 829 415 898 133131,
451 825 574 886 habere
603 826 809 900 suspectum3
837 824 871 884 31
896 825 944 884 313
972 839 1083 884 331313

290 925 486 1004 quibusdam
510 921 646 982 arbitris
671 921 712 981 ab
739 921 843 981 31331
870 921 1084 996 procuratore

289 1023 394 1100 ipsius
426 1020 540 1081 electis
575 1019 674 1078 nimis
709 1018 834 1078 eisdem
869 1017 1084 1078 favorabilius

288 1119 467 1198 praedictus
489 1117 713 1194 33133333331
733 1119 804 1192 ejus
825 1115 961 1190 collegae
983 1132 1083 1176 recn-

289 1217 351 1278 sali
376 1213 520 1277 1331331.
544 1213 637 1274 Unde
659 1214 745 1274 idem
770 1212 908 1274 31133133
931 1213 1029 1274 taedio
1052 1212 1085 1274 et

289 1314 403 1376 labore
418 1312 459 1372 ad
475 1328 535 1373 nos
551 1311 669 1372 iterum
685 1326 860 1370 recurrens
875 1311 915 1369 ad
932 1326 990 1372 vos
1005 1326 1086 1372 exe-

289 1407 434 1474 cutorius
450 1426 469 1471 a
485 1409 579 1470 nobis
596 1403 724 1470 litteras
740 1407 931 1484 reportavit.
954 1408 1017 1468 Sed
1035 1405 1084 1466 illi

290 1509 428 1584 diffugia
459 1506 578 1567 frivola
602 1505 841 1576 mendicantes,
872 1504 1085 1580 exceptiones

291 1607 405 1666 contra
421 1603 646 1681 procuratoris
661 1605 733 1680 ejus
749 1617 936 1678 personam,
953 1603 986 1662 et
1004 1601 1082 1672 3113,

291 1721 363 1782 quaa
375 1718 440 1762 non
452 1699 633 1775 tangebant
646 1699 829 1776 principale
840 1699 1019 1772 negotium,
1031 1699 1085 1758 ob·

286 1799 458 1876 jecerunt3
474 1795 592 1874 3311133
609 1803 668 1856 133
684 1796 757 1872 plus
777 1795 885 1856 debito
900 1795 1085 1856 deserentes

289 1896 481 1956 mandatum
495 1893 720 1970 Apostolicum
740 1893 848 1952 adhuc
863 1891 1008 1952 linaliter
1021 1907 1084 1952 ex-

290 1992 381 2070 sequi
406 2007 473 2052 333
497 1990 650 2060 33133113,
675 2003 777 2066 33313
803 1989 872 2066 1333
900 1988 939 2047 de
965 1988 1084 2049 litteris

290 2089 413 2150 nostris
432 2083 481 2150 nil
496 2086 628 2146 videtur
642 2084 706 2144 nisi
721 2084 852 2145 labores
868 2085 900 2144 et
914 2085 1085 2160 angustias

290 2187 490 2262 reportasse.
509 2183 551 2244 Ut
563 2181 667 2256 131131
682 2181 844 2256 sapientia
856 2182 968 2243 vincat
983 2182 1083 2242 mali-

290 2282 381 2352 tiam,
399 2282 432 2341 et
446 2280 637 2340 devotorum
651 2277 837 2338 obedientia
853 2277 1084 2339 inobedientiae

293 2378 473 2457 praevaleat
492 2381 732 2454 protervorum,
757 2376 949 2437 discretioni
965 2378 1084 2437 vestrae

291 2491 351 2552 331
383 2473 503 2536 1131313
532 2472 654 2548 3311313
688 2472 828 2533 tirmiter
861 2469 1083 2549 praecipiendo

290 2555 506 2642 mandamus,
536 2570 698 2647 33313333
732 2567 920 2646 hujusmodi
955 2567 1084 2630 frivolis

291 2665 542 2744 exceptionibus
564 2683 630 2726 non
655 2665 870 2738 obstantibus
890 2666 978 2727 13113
1002 2667 1083 2728 1333

290 2753 425 2828 menses
453 2764 527 2842 3331
549 2763 791 2840 susceptionem
816 2765 1028 2839 praesentium
1048 2763 1083 2824 13

291 2860 405 2922 eodem
440 2861 572 2936 negotio
599 2861 693 2936 juxta
724 2860 872 2935 priorum
899 2861 1083 2922 litterarum

289 2957 527 3020 continentiam
554 2956 751 3032 procedatis,
767 2954 981 3018 decernentes
1004 2957 1085 3018 1111-

286 3057 357 3117 tum
381 3055 414 3114 et
434 3053 545 3124 inane,
570 3052 598 3113 si
625 3051 704 3130 quid
730 3052 863 3113 interim
887 3053 922 3113 in
944 3055 1083 3114 ecclesia

290 3153 424 3212 Lucana
440 3149 476 3210 13
493 3147 722 3226 praejudicium
745 3149 893 3226 praedicti
910 3150 1022 3212 clerici
1035 3152 1085 3213 est

290 3249 544 3325 praesumptum,
566 3245 826 3307 contradictores
842 3262 900 3322 331
925 3263 1083 3308 33333133

287 3343 533 3405 33313313311333
556 3342 776 3420 appellatione
796 3343 976 3420 postposita
993 3361 1084 3405 com-

288 3440 463 3518 pescendo.
475 3441 594 3501 Datum
611 3441 722 3500 Romae
741 3439 826 3516 apud
848 3443 1003 3502 Sanctum
1020 3443 1084 3502 Pe·

288 3540 387 3611 trum,
402 3553 479 3597 non.
495 3537 574 3596 maii
590 3551 677 3596 anno
692 3537 802 3598 tertio.

577 3805 579 3812 ,
612 3727 763 3820 CCXIV

392 3869 442 3928 Ad
455 3868 618 3928 Jacooom
632 3870 833 3942 drepanam
847 3880 977 3943 133333

588 3988 685 4044 813311
701 3989 779 4046 lite.

348 4101 454 4167 [liniter.
463 4103 618 4160 Romanum,
631 4102 683 4152 edit
695 4103 782 4162 1331,
798 4101 842 4160 111,
858 4103 911 4162 3110,
929 4103 1019 4170 3311]

287 4210 344 4268 Sub
366 4211 542 4282 protectione
563 4211 654 4267 sancti
674 4209 748 4267 Petri
764 4217 792 4266 et
806 4225 856 4266 sua
878 4212 995 4283 suscipit
1014 4227 1079 4286 133-

315 4366 319 4374 ,
390 4313 458 4354 num
472 4303 639 4370 drogonum
655 4306 683 4354 at
697 4305 802 4355 1311331
815 4293 978 4357 cataloniae.

327 4415 494 4476 Honorius
509 4415 685 4492 episcopus
701 4431 817 4475 servus
828 4433 997 4477 servorum
1010 4417 1080 4492 Dei,

287 4497 461 4572 carissimo
477 4511 512 4570 in
526 4511 656 4572 Christo
673 4511 741 4572 lilio
756 4513 879 4574 Jacobo
892 4517 1081 4590 Aragonum

286 4610 358 4685 regi
381 4607 514 4677 illustri,
531 4608 673 4669 salutem
695 4609 727 4670 31
747 4611 961 4688 apostolicam
981 4611 1083 4672 bene-

286 4706 477 4769 dictionem.

327 4803 545 4865 Sacrosancta
568 4805 716 4866 Romana
732 4803 878 4866 Ecclesia
898 4805 953 4882 pia
977 4806 1084 4868 mater

286 4899 421 4990 devotos
436 4897 482 4962 ’31
505 4901 648 4963 humiles
673 4903 760 4963 illios
788 4904 828 4964 ad
854 4903 986 4980 pietatis
1013 4919 1081 4964 suae

286 4998 447 5075 gremium
473 4999 694 5072 recurrentes,
720 5017 787 5061 non
812 4999 919 5060 solum
940 5000 1083 5062 honorat

285 5095 503 5174 amplexibus,
519 5113 635 5158 131313
648 5098 748 5160 311313
762 5101 920 5161 maternae
936 5098 1083 5160 consola·

284 5195 387 5256 tionis
401 5195 507 5256 nutrit
521 5193 689 5264 uberibus
707 5196 740 5255 et
752 5195 886 5266 exaltat,
902 5195 978 5256 illos
997 5196 1083 5255 dun-

283 5293 377 5353 taxat
390 5289 593 5367 diligentiori
608 5291 716 5352 3131113
735 5290 899 5362 refovens,
918 5302 999 5370 quos
1011 5309 1083 5355 ma-

283 5392 334 5466 gis
350 5405 418 5450 suae
435 5389 652 5450 recreationis
668 5389 775 5450 331311
787 5389 1080 5466 solatioindigere.

283 5490 389 5563 Hujus
404 5503 520 5564 nempe
534 5487 649 5545 1331113
663 5485 872 5547 dulcedinem
890 5505 955 5548 non
970 5488 1084 5550 113133-

281 5586 346 5646 1113
367 5587 502 5660 3331313
527 5583 717 5644 desiderant
740 5600 836 5658 reges
860 5588 893 5646 et
915 5588 1082 5663 principes

911 271 1085 333 333333
1105 251 1152 332 31
1173 273 1320 336 orans.

1874 273 1933 336 ael

1139 433 1229 493 orbis
1247 435 1346 496 terrae
1363 449 1422 510 pro
1438 435 1528 496 certo
1543 435 1696 506 33133133,
1712 435 1797 511 quod
1817 437 1845 495 si
1860 439 1934 514 ejus

1140 531 1318 606 prudenter
1332 531 1519 608 receperint
1538 531 1759 608 disciplinam,
1777 535 1812 594 31
1828 534 1861 595 31
1875 533 1935 594 be-

1139 617 1337 689 nedictionis
1371 646 1439 690 suae
1471 631 1662 690 mereantur
1685 631 1794 712 313113
1819 629 1936 692 33313-

1139 725 1220 798 1311,
1255 727 1346 786 33113
1372 727 1420 802 eis
1443 729 1565 804 poterit
1590 743 1709 788 nocere
1736 728 1932 800 adversitas,

1139 823 1219 900 3313
1250 823 1430 900 procedant
1454 841 1626 902 prospere,
1656 828 1755 902 31333
1781 827 1931 900 regnent.

1139 921 1208 981 Η33
1224 920 1336 998 113333
1358 921 1623 983 consideratione
1643 923 1807 994 inductus,
1825 923 1933 994 nobis,

1139 1019 1186 1080 fili
1202 1019 1383 1092 carissime,
1411 1021 1614 1098 supplicasti,
1633 1021 1714 1082 3113
1730 1020 1933 1080 3313131331

1136 1121 1327 1194 ¹nostrarum
1358 1117 1473 1178 umbra
1507 1115 1721 1193 dignaremur
1748 1117 1934 1195 protegere,

1139 1230 1177 1275 ac
1194 1215 1409 1292 protectionis
1431 1215 1628 1291 Apostolicae
1649 1215 1764 1291 clypeo
1786 1230 1937 1275 commu-

1140 1311 1224 1372 nire.
1248 1313 1316 1372 Nos
1340 1313 1443 1392 igitur
1469 1312 1569 1372 clarae
1593 1312 1779 1372 devotionis
1798 1308 1831 1372 'et
1855 1310 1934 1372 lidei

1140 1407 1327 1486 puritatem,
1351 1425 1449 1485 33313
1472 1405 1513 1470 ad
1528 1411 1631 1469 Deum
1647 1409 1680 1469 et
1694 1409 1800 1486 ipsam
1823 1409 1934 1469 eccle-

1140 1507 1223 1566 siam
1239 1501 1467 1585 progenitores
1487 1506 1561 1566 tuos
1582 1505 1738 1566 habuisse
1757 1505 1935 1566 didicimus

1139 1602 1342 1674 1333133133,
1371 1601 1576 1686 attendentes
1603 1618 1752 1679 333333,
1791 1603 1877 1680 quod
1900 1605 1934 1664 te

1140 1699 1272 1776 inclytae
1293 1700 1532 1760 recordationis
1555 1701 1589 1760 M
1592 1745 1652 1760 .....
1669 1701 1784 1774 133133
1800 1705 1932 1774 Arago-

1140 1807 1218 1857 num
1235 1799 1340 1858 mater
1352 1797 1408 1858 133
1424 1813 1498 1857 3313
1515 1800 1604 1857 13113
1619 1797 1742 1858 3131113
1757 1797 1854 1858 bonis
1867 1799 1934 1858 tuis

1140 1895 1246 1955 eidem
1262 1894 1413 1955 ecclesiae
1424 1895 1683 1966 commendavit;
1698 1909 1800 1969 agens
1811 1893 1934 1955 dudum

1140 1993 1225 2070 apud
1244 1993 1359 2053 Sedem
1380 1993 1602 2068 Apostolicam
1618 1993 1652 2052 in
1667 1993 1836 2064 extremis,
1851 2005 1933 2053 nos*

1139 2089 1200 2148 1133
1214 2087 1274 2149 tibi
1287 2087 1475 2149 dilectionis
1486 2089 1669 2164 praecordia
1683 2089 1818 2165 dignum
1830 2089 1932 2149 duxi-

1139 2199 1212 2244 mus
1227 2185 1369 2261 aperire,
1391 2187 1553 2262 quatenus
1571 2188 1627 2262 qui
1647 2187 1682 2246 in
1699 2187 1796 2249 aetate
1820 2187 1932 2248 tenera

1140 2297 1212 2342 esse
1237 2283 1442 2358 dignosceris
1467 2278 1675 2356 constitutae,
1704 2284 1781 2344 dum
1808 2283 1934 2344 favoris

1139 2379 1318 2455 Apostolici
1341 2378 1488 2440 brachiis
1508 2381 1712 2442 sustentatus
1736 2379 1851 2452 133113,
1879 2397 1935 2442 ro-

1138 2476 1261 2548 borari,
1278 2475 1456 2554 adjuvante
1472 2477 1621 2550 Domino,
1638 2478 1751 2539 valeas
1774 2479 1806 2539 et
1822 2479 1933 2539 susci-

1139 2589 1217 2649 pere
1232 2573 1483 2634 incrementum.
1500 2573 1614 2648 Regiis
1638 2575 1750 2652 itaque
1765 2574 1934 2652 supplica-

1139 2669 1283 2730 tionibus
1302 2668 1464 2742 inclinati,
1481 2685 1659 2746 personam
1670 2671 1773 2742 tuam,
1791 2681 1932 2746 regnum

1139 2759 1332 2842 aragonia,
1367 2768 1491 2828 terram
1524 2768 1725 2841 cataloniae,
1754 2768 1870 2828 villam
1901 2771 1934 2829 et

1138 2866 1261 2927 terram
1274 2865 1395 2925 Montis
1411 2865 1587 2926 Pessulani
1599 2882 1672 2926 cum
1686 2865 1838 2927 omnibus
1854 2865 1930 2926 aliis

1139 2956 1233 3019 bonis
1252 2959 1329 3030 tuis,
1356 2973 1429 3036 quae
1450 2959 1485 3018 in
1507 2960 1760 3035 presentiarum
1781 2960 1935 3021 rationa-

1139 3055 1249 3117 biliter
1262 3055 1422 3131 possides,
1432 3055 1484 3116 vel
1500 3056 1691 3118 infuturum
1701 3055 1931 3133 justismodis,

1139 3151 1316 3229 praestante
1341 3151 1495 3222 Domino,
1525 3154 1649 3228 poteris
1680 3151 1838 3233 adipisci,
1869 3153 1931 3214 sub

1138 3251 1227 3312 beati
1255 3249 1345 3310 Petri
1367 3252 1399 3310 et
1422 3251 1535 3310 333113
1560 3251 1762 3325 31313311333
1789 3251 1935 3326 suscipi·

1138 3364 1221 3419 mus,
1250 3348 1283 3408 et
1301 3347 1474 3422 praesentis
1499 3347 1614 3423 scripti
1634 3347 1820 3424 patrocinio
1841 3363 1935 3408 coma

1138 3445 1314 3508 munimus.
1337 3445 1429 3505 Nulli
1444 3459 1523 3518 3133
1548 3445 1682 3506 3313133
1699 3445 1870 3506 bominum
1886 3445 1933 3504 li-

1138 3545 1210 3603 ceat
1245 3541 1331 3603 banc
1365 3542 1521 3619 paginam
1556 3543 1678 3603 nostrae
1715 3541 1931 3618 protectionis

1137 3640 1330 3716 intringere,
1345 3640 1401 3701 vel
1416 3640 1448 3700 ei
1462 3647 1547 3700 3333
1559 3639 1736 3702 1313313113
1752 3639 1931 3700 contraire.

1139 3738 1173 3798 Si
1189 3738 1387 3815 3313331331
1407 3739 1469 3808 boo
1487 3737 1650 3800 attentare
1670 3737 1932 3813 praesumpserit,

1137 3835 1399 3913 indignationem
1420 3834 1741 3911 33131331331131131,
1758 3849 1797 3894 ac
1816 3833 1933 3896 beato-

1138 3951 1210 4004 1313
1226 3934 1317 3995 Ρ3111
1331 3934 1364 3994 31
1378 3932 1473 3994 Ρ3311
1489 3931 1714 4008 apostolorum
1729 3933 1802 4008 ejus
1817 3946 1853 3991 se
1868 3947 1929 3992 no-

1136 4032 1222 4093 verit
1236 4031 1457 4091 incursurum.

1176 4128 1294 4190 Datum
1310 4130 1422 4188 Romae
1443 4125 1529 4203 apud
1547 4127 1703 4191 Sanctum
1719 4127 1854 4188 Petrum
1867 4141 1930 4188 oc-

1136 4225 1212 4287 tavo
1237 4224 1311 4285 idus
1340 4223 1436 4296 13311,
1469 4223 1681 4300 pontificatus
1709 4223 1815 4286 nostri
1843 4237 1931 4284 anno

1137 4323 1246 4386 tertio.

1236 4571 1288 4630 Ad
1306 4569 1470 4630 Jocooum‘
1485 4573 1687 4645 drogonum
1701 4583 1830 4647 repam.

1431 4683 1464 4739 10
1478 4683 1546 4738 maii
1562 4683 1642 4739 lile.

1293 4789 1402 4851 [Taulet
1416 4789 1543 4852 Laycltes,
1557 4789 1575 4846 l,
1587 4789 1642 4846 480,
1658 4788 1778 4856 313111]

1172 4897 1276 4956 Villam
1293 4897 1553 4968 llontispessnlani,
1570 4911 1634 4954 cum
1650 4897 1750 4954 castris
1765 4895 1800 4954 de
1820 4898 1897 4956 Latis

1303 4993 1332 5042 et
1345 4984 1381 5042 de
1395 4986 1518 5054 Omelar,
1535 4987 1598 5058 1331
1613 4987 1771 5074 3331113131.

1152 5083 1344 5156 'Honorius
1379 5094 1570 5171 episcopus,
1608 5110 1723 5155 servus
1758 5092 1932 5158 servorum

1137 5194 1208 5264 Dei,
1221 5193 1395 5256 carissimo
1409 5193 1444 5252 in
1459 5193 1590 5254 Christo
1605 5193 1672 5253 illio
1687 5194 1822 5266 lacobo,
1834 5195 1932 5254 illus-

1137 5291 1264 5366 1111331
1283 5295 1483 5367 aragonum,
1504 5289 1645 5352 salutem
1664 5294 1697 5352 et
1715 5291 1932 5368 apostolicam

1137 5389 1412 5450 benedictionem.
2015 5462 2019 5475 Ι

1177 5487 1281 5549 iustis
1314 5487 1492 5564 3313311313
1522 5485 1698 5546 desideriis
1722 5485 1856 5561 dignum
1882 5487 1933 5546 est

1138 5603 1198 5648 nos
1213 5585 1344 5646 facilem
1360 5584 1508 5660 praebere
1525 5584 1950 5660 3333333133113133331·
