4300 6392
1742 203 1756 232 κ

174 272 236 332 453
800 273 1029 334 EPISTOLAE.
1053 274 1130 334 LlB.
1155 275 1209 334 IV.
1761 273 1820 333 roa

174 429 266 502 bere,
282 429 378 492 nobis
392 430 564 494 humiliter
578 431 772 510 supplicasti
786 433 822 492 ut
833 432 894 504 eis,
903 447 970 494 non
1024 432 1217 503 memorata,
1240 431 1293 493 vel
1308 431 1385 494 aliis
1402 429 1463 493 tibi
1478 429 1648 508 subjectis,
1662 431 1817 506 personis

174 527 328 590 obstante
355 527 442 605 quod
467 528 614 590 nondum
644 528 819 592 deventum
847 532 900 590 est
928 527 970 590 ad
1025 528 1155 590 idoneis
1174 529 1372 590 auctoritate
1396 527 1501 605 ipsius
1523 527 1658 590 concilii
1668 527 1821 590 conferas

174 638 351 702 numerum
366 623 592 701 saepedictum,
611 641 773 703 personas
787 626 924 688 idoneas
939 621 971 686 et
1025 625 1141 698 libere,
1154 641 1194 688 ac
1207 627 1358 688 licenter.
1373 627 1490 688 Datum
1504 626 1590 703 apud
1598 625 1720 687 Urbem
1728 627 1824 686 Vete-

174 719 327 784 ecclesiae
342 720 441 784 utiles
456 721 630 798 subrogari
643 723 683 784 de
697 723 813 784 nostra
823 723 970 800 permis·-
1025 725 1168 794 rem,V1
1187 722 1348 786 kalendas
1365 723 1455 800 julii,
1475 721 1689 800 pontificatus
1715 723 1823 783 nostri

176 819 273 896 sione
286 818 414 882 liceret.
424 820 455 881 N
458 835 494 880 os
505 819 609 896 igitur
623 819 777 897 precibus
791 820 858 882 tuis
867 818 970 880 beni·-
1027 834 1114 881 anno
1128 822 1258 897 quarto.

175 931 278 994 gnum
299 915 529 994 impartientes
551 932 735 990 assensum,
757 917 971 993 praesentium
1009 935 1013 940 ·
1368 949 1485 1040 CLIX

176 1013 238 1076 ilbi
255 1013 453 1076 auctoritate
480 1013 692 1078 concedimus
714 1015 766 1086 ut,
782 1015 856 1092 post
876 1029 973 1091 spon·

175 1111 312 1173 teneam
335 1110 573 1174 canonicorum
598 1110 747 1188 ipsorum
770 1110 973 1186 resignatio-

176 1222 265 1276 nem,
280 1207 381 1269 licaat
400 1206 462 1269 tibi
483 1223 558 1268 oum
581 1207 727 1285 capitulo
743 1209 811 1279 tuo,
827 1207 881 1269 vel
900 1222 973 1268 ma-

173 1305 242 1382 jori
257 1305 291 1366 et
308 1303 434 1365 saniori
449 1305 544 1381 parte
557 1303 663 1381 ipsius
677 1303 713 1364 in
727 1302 810 1366 locis
825 1303 969 1375 illorum,
1121 1272 1653 1422 [⁸⁰¹²‘¹¹²⁰‘’nfflzssssffig¹{}⁰,¹·gpf·{gif
1667 1274 1728 1334 ⁶⁹⁸³

176 1399 360 1478 praemlssis
384 1415 451 1462 ¹¹⁰⁰
473 1399 690 1471 mmmm
711 1400 797 1462 alias
812 1415 972 1477 p⁰r⁸⁰¹¹³⁸
1028 1441 1180 1510 Honorius,
1196 1441 1243 1512 qui
1261 1441 1384 1499 Gualteri
1399 1439 1823 1499 CoruutlelectionemadParl·

176 1497 326 1570 idoneas,
336 1497 466 1560 sublato
481 1496 714 1575 appellationis
725 1496 906 1569 obstaculo,
921 1513 974 1558 su·
1062 1529 1189 1585 ,pensem
1200 1530 1408 1602 mmmmm,
1420 1543 1436 1585 a
1450 1541 1523 1602 ,ege
1535 1527 1666 1601 Philippo
1679 1543 1823 1585 commen,

178 1592 325 1670 bP0831'i·
343 1593 463 1656 Datum
473 1593 559 1686 apud
582 1591 704 1656 Urbem
721 1595 886 1666 Veterem,
897 1593 973 1655 ἮῙῙ
1063 1615 1170 1686 datam,
1186 1617 1215 1674 in
1230 1617 1339 1674 irritum
1359 1618 1507 1691 rejecerat,
1524 1631 1623 1674 rursus
1641 1617 1822 1675 Gulllelmum

181 1689 344 1753 kalendas
356 1691 445 1769 julii,
460 1706 548 1753 anno
563 1691 692 1770 quarto.
1063 1703 1099 1762 de
1113 1705 1269 1780 Signtliaoo
1288 1705 1567 1766 autissiodorensem
1586 1707 1763 1780 episcopum,
1786 1706 1823 1764 ad

219 1817 257 1876 In
279 1813 430 1876 eumdem
451 1814 585 1875 modum
596 1813 755 1891 scriptum
771 1813 858 1876 est...
875 1813 974 1878 Μ,
1062 1791 1162 1850 sedem
1181 1795 1373 1854 Parisiensem
1385 1801 1557 1866 promotum,
1574 1795 1647 1868 regi,
1662 1795 1822 1854 senonensi

1063 1880 1280 1954 archiepiscopo
1289 1889 1319 1942 et
1328 1883 1481 1940 Parieiensi
1493 1883 1618 1956 capitulo
1628 1883 1821 1942 sommendat.

1026 1077 1079 1136 An
1092 1063 1251 1147 Petrum,
1266 1077 1497 1138 senonensem
1516 1077 1820 1152 archiepiscopum.

1310 1179 1345 1237 27
1361 1177 1434 1252 lunii
1454 1178 1533 1236 irio.

179 1911 284 1988 pitulo
299 1911 543 1972 claromonten.

219 2007 338 2071 Petitio
353 2009 475 2081 vestra,
487 2021 594 2082 nsque
605 2007 827 2086 supplicastis,
847 2007 884 2069 ut
906 2022 974 2066 non
1068 1997 1235 2060 Honorius
1264 1998 1491 2074 episcopus...,
1525 1999 1710 2060 venerabili
1726 1999 1822 2062 fratri

179 2104 329 2168 obstante
338 2105 576 2182 quodnondum
585 2105 681 2168 estad
691 2119 865 2166 numerum
874 2117 975 2180 saepe-
1029 2094 1280 2172 archiepiscopo
1301 2093 1555 2175 mueronem).
1581 2095 1733 2168 salutem,
1758 2099 1820 2159 cic·

179 2202 313 2275 dictum,
330 2201 485 2264 dilectum
499 2201 603 2263 lilium
619 2205 794 2278 Hugonem
814 2202 854 2264 de
869 2203 974 2262 Turre
1070 2193 1266 2255 urescere
1281 2193 1430 2256 caritatis
1445 2191 1584 2255 affectus
1598 2208 1694 2270 quam
1709 2193 1750 2255 ad
1763 2197 1823 2256 Pa-

180 2299 337 2363 clericum
362 2297 465 2360 alicui
484 2300 722 2361 canonicorum
748 2297 895 2376 ejusdem
919 2312 975 2359 eo-
1028 2289 1204 2352 belensem
1227 2290 1402 2351 ecclesiam
1426 2290 1583 2366 gerimus,
1607 2291 1735 2367 pateret
1753 2292 1824 2353 cla-

180 2396 291 2458 alesia
312 2394 354 2457 de
367 2397 480 2458 nostra
493 2395 668 2472 subrogari
691 2396 910 2473 permissione
931 2395 975 2455 li·
1029 2388 1099 2448 rius
1129 2403 1189 2464 per
1210 2387 1367 2450 alianum
1398 2387 1506 2448 eidem
1535 2387 1677 2463 pastoris
1702 2389 1822 2450 solatio
1879 2414 1882 2422 ·

180 2494 281 2554 cerat.
297 2493 366 2554 Nos
385 2493 488 2568 igitur
512 2493 666 2570 precibus
680 2492 812 2564 vestris,
833 2496 910 2563 ato,
935 2493 975 2552 nt
1029 2483 1206 2552 destitute,
1244 2482 1469 2545 venerabilem
1496 2483 1633 2546 fratrem
1669 2488 1820 2547 nostrum

179 2601 287 2664 supro
303 2601 412 2664 usone
430 2590 690 2666 resignationem
713 2589 855 2668 alicujus
872 2604 976 2650 cano-
1029 2583 1082 2642 W.
1096 2579 1145 2659 (3)
1171 2581 1251 2641 tunc
1270 2579 1595 2644 autissiodorensem
1617 2581 1821 2659 episcopum,

181 2687 333 2749 uicorum
347 2687 495 2764 ipsorum
506 2687 607 2749 liceat
620 2686 714 2749 rubis
723 2688 759 2747 in
771 2686 844 2748 loco
855 2686 973 2764 ipsius,
1028 2678 1138 2739 virum
1152 2677 1321 2753 praeolattc
1336 2676 1444 2750 famae,
1456 2677 1683 2740 110taevitiufis
1696 2693 1735 2740 80
1747 2695 1821 2757 prc-

183 2783 368 2861 praemissis
389 2799 457 2845 non
481 2783 698 2856 obstantibus,
717 2783 840 2846 dictum
862 2784 975 2859 Ilugo-
1028 2773 1143 2837 bitatis
1157 2775 1314 2852 expertae,
1337 2772 1387 2835 illi
1409 2774 1613 2851 providimus
1637 2776 1672 2836 in
1692 2776 1823 2853 episco-

149 2944 152 2950 ,
184 2894 272 2953 nem,
289 2877 418 2943 sublato
432 2881 666 2958 appellationis
676 2879 858 2954 obstaculo,
869 2877 974 2942 libere
1028 2873 1152 2950 pumat
1166 2873 1343 2950 pastorem,
1356 2873 1387 2934 ei
1396 2873 1588 2952 perscripta
1600 2874 1714 2936 noema
1727 2889 1823 2936 mau-

130 2972 134 2980 '
182 2978 370 3054 subrogari.
384 2979 503 3041 Datum
517 2978 678 3056 utsupra.
1030 2970 1145 3034 dantes
1160 2971 1196 3034 ut
1210 2986 1295 3034 onus
1313 2971 1487 3048 regiminis
1506 2973 1578 3048 ejus
1592 2972 1786 3049 susciperet,
1801 2987 1822 3034 a

1029 3067 1253 3132 sollicitudine
1276 3069 1576 3131 Autissiodorensis
1596 3068 1748 3132 ecclesiae
1763 3069 1825 3132 ab·
1934 3143 1948 3152 .

500 3138 658 3225 CLVIII
1029 3167 1157 3229 solutus
1174 3188 1181 3226 ι
1198 3166 1266 3242 qui,
1283 3167 1459 3243 antequam
1481 3167 1603 3228 nostrae
1622 3166 1664 3228 ad
1683 3181 1758 3228 eum
1772 3164 1823 3229 lit·

272 3263 324 3324 Aa
337 3263 533 3337 epncopnm
548 3261 873 3325 Ctnrmnontensent.
1028 3264 1110 3328 terea
1122 3263 1363 3340 pervenissent,
1380 3263 1444 3324 iter
1462 3262 1743 3340 adapostolicam
1762 3267 1823 3326 Se-

462 3366 498 3423 iii
514 3365 587 3438 junii
612 3365 691 3424 litt).
1029 3361 1103 3422 dem
1118 3359 1295 3436 arripiens,
1317 3361 1363 3432 ut,
1387 3361 1483 3437 quasi
1502 3360 1694 3439 reintegra,
1711 3363 1824 3438 posset

204 3459 322 3525 magas..
337 3459 383 3512 lib.
394 3459 438 3523 lv,
452 3461 526 3527 epist.
540 3459 595 3513 tus.
606 3463 664 3512 iia.
675 3461 710 3512 ca
722 3461 800 3512 rona
810 3461 844 3512 du
857 3459 952 3526 rheti]
1029 3457 1218 3536 hiijusmodi
1238 3473 1322 3520 onus
1338 3457 1469 3518 facilius
1489 3457 1668 3530 declinare,
1690 3459 1821 3520 demum

181 3557 317 3633 indulget
331 3559 357 3616 ei
371 3566 412 3629 ut,
424 3575 480 3616 uon
495 3559 625 3618 obstante
640 3561 843 3618 canonicorum
856 3561 972 3633 opposi-
1028 3556 1064 3616 in
1086 3553 1200 3618 nostra
1223 3557 1257 3616 et
1277 3553 1417 3616 fratrum
1437 3555 1625 3617 nostrorum
1644 3557 1822 3634 praesentia

215 3647 309 3717 tione,
331 3647 471 3706 mnenon
495 3661 560 3720 qua
587 3649 618 3705 tn
636 3649 757 3706 ecclesia
778 3663 830 3707 sua
850 3663 901 3722 ner
923 3661 974 3706 sex
1029 3653 1239 3726 consecutus,
1253 3652 1434 3730 postulavit
1452 3653 1624 3714 numnius
1642 3656 1675 3716 et
1688 3654 1822 3716 insen-

213 3749 331 3794 ΝΜ
346 3749 449 3794 “⁰⁰¹0
462 3738 628 3810 contigerit,
644 3736 776 3795 ⁰⁰¹1f0tt⁸
790 3737 890 3811 l>⁰⁸⁸¹¹·
1028 3752 1090 3824 ter,
1115 3766 1158 3812 ne
1172 3753 1246 3828 ,jam
1267 3750 1391 3812 dictum
1404 3765 1490 3810 onus
1503 3749 1749 3828 imponeremus
1767 3752 1821 3816 ei-

219 3843 397 3915 Honorius,
414 3846 491 3916 etc,
507 3843 691 3906 venerabili
716 3843 862 3907 fratri...
885 3845 975 3923 spis-
1028 3848 1113 3921 dem,
1140 3847 1225 3925 quod
1251 3846 1343 3908 nulla
1363 3847 1492 3908 ratione
1517 3846 1672 3910 deserere
1689 3849 1823 3914 volebat

181 3953 264 4017 copo
276 3939 533 4014 Glaromonten,
548 3942 773 4014 salutemetc.
1028 3943 1352 4006 autissiodorensem
1373 3942 1560 4014 ecclesiam,
1577 3959 1650 4020 quaa
1671 3945 1823 4008 nutrive-

219 4037 370 4113 Exparte
381 4041 438 4100 tua
449 4037 512 4099 fuit
525 4039 729 4116 propositum
740 4053 852 4102 coram
865 4039 972 4108 nobis,
1028 4042 1081 4102 rat
1094 4041 1203 4118 ipsum
1215 4054 1235 4100 a
1248 4053 1362 4116 puero,
1387 4038 1421 4099 et
1434 4041 1650 4118 promoverat
1662 4043 1770 4118 primo
1785 4043 1821 4104 in

180 4134 267 4214 quod
281 4149 356 4196 cum
369 4133 540 4207 beneficia,
558 4151 631 4214 quae
645 4135 681 4197 in
695 4136 904 4198 ecclesiates
915 4151 974 4213 per
1028 4137 1225 4200 canonicum
1239 4136 1273 4210 et
1283 4134 1401 4198 deinde
1412 4135 1449 4196 in
1460 4134 1634 4208 decanum,
1646 4138 1680 4200 et
1688 4137 1820 4200 demum

180 4245 240 4292 sex
262 4246 393 4294 menses
418 4247 540 4294 vacare
567 4233 740 4309 contingit,
756 4233 808 4295 vis
837 4233 973 4295 concilii
1027 4235 1063 4295 in
1078 4235 1269 4311 episcopum
1293 4231 1542 4305 sublimaverat,
1565 4233 1695 4310 adjecto
1721 4235 1819 4314 quod,

180 4329 377 4391 Lateranen.
399 4329 595 4390 auctoritate
611 4329 789 4404 ‘conferre3
819 4329 972 4392 canonici
1028 4346 1130 4393 onera
1145 4329 1245 4392 officii
1266 4327 1464 4407 pontificalis
1488 4331 1655 4406 expertus,
1683 4331 1724 4394 ad
1747 4349 1821 4414 quae

179 4425 327 4503 ejusdem
342 4424 493 4488 ecclesiae
517 4429 705 4488 asserentes
719 4429 752 4490 te
776 4427 874 4489 simul
898 4443 972 4489 cum
1027 4428 1188 4507 portanda
1203 4425 1378 4505 reputabat
1393 4442 1429 4488 se
1444 4425 1700 4492 insufficientem
1720 4431 1820 4494 etiam

180 4523 264 4600 ipsis
274 4524 495 4599 negligentem
504 4523 540 4585 in
548 4523 725 4587 collatione
735 4523 972 4586 beneficiorum
1026 4526 1062 4587 in
1078 4525 1151 4587 loco
1165 4539 1261 4604 quem
1280 4523 1337 4584 diu
1354 4523 1563 4602 probaverat,
1583 4529 1615 4588 ei
1625 4525 1660 4587 in
1675 4543 1739 4604 quo
1754 4544 1819 4590 no-

180 4619 370 4697 bujusmodi
389 4621 551 4694 extitisse,
568 4636 608 4683 eo
627 4620 714 4700 quod
734 4622 774 4684 de
794 4624 974 4684 consuetu·
1027 4623 1121 4684 verat
1140 4635 1249 4683 mores
1262 4619 1432 4681 bominum
1447 4623 1480 4682 et
1494 4621 1678 4683 devotionis
1697 4625 1821 4686 sentie-

180 4715 257 4779 dine
272 4717 515 4780 Claromonten.
531 4719 706 4796 episcopus
728 4719 907 4782 canonicus
924 4717 971 4799 (1)
1027 4719 1084 4780 bat
1094 4717 1261 4788 affectum,
1272 4731 1394 4776 novum
1410 4716 1474 4778 sibi
1483 4717 1601 4794 jugum
1613 4717 1740 4798 imponi
1752 4736 1820 4785 non

179 4813 330 4876 ecclesiae
345 4817 545 4887 memoratae,
558 4815 718 4894 impedire
738 4818 911 4888 conantur,
927 4831 972 4876 ne
1027 4815 1191 4876 immerito
1215 4811 1424 4885 formidabat,
1450 4815 1634 4891 praesertim
1659 4831 1734 4879 cum
1757 4819 1821 4880 fre·

180 4910 340 4974 beneficia
366 4912 437 4990 ipsa
463 4911 616 4975 conferas
642 4913 840 4976 auctoritate
859 4913 973 4975 conci·
1026 4909 1203 4992 quentibus
1216 4911 1249 4972 et
1263 4910 1448 4987 desperatis
1465 4912 1720 4986 aegritudinibus
1735 4916 1818 4978 adeo

179 5007 217 5069 lii
241 5011 426 5071 memorati.
447 5008 588 5087 Ideoque
609 5011 810 5074 fraternitati
828 5013 893 5073 tuae
913 5025 972 5088 per
1026 5008 1151 5070 fractus
1166 5008 1264 5080 esset,
1280 5006 1366 5086 quod
1382 5007 1418 5067 in
1434 5021 1473 5068 eo
1493 5007 1590 5085 vigor
1610 5013 1682 5073 erat
1695 5009 1817 5075 virium

178 5106 367 5182 apostolica
401 5105 525 5183 scripta
553 5107 769 5181 mandamus,
809 5110 972 5185 quaterms
1026 5108 1059 5168 et
1082 5105 1229 5168 omnium
1247 5119 1404 5166 sensuum
1424 5103 1632 5180 imminutus,
1660 5111 1693 5171 et
1708 5111 1817 5171 minus

180 5218 246 5264 non
270 5203 422 5266 obstante
449 5205 624 5266 occasione
650 5204 842 5281 hujusmodi
872 5220 971 5284 quam
1026 5199 1364 5264 eminentisscientiae
1380 5216 1419 5263 ac
1433 5201 1562 5278 peritiae
1575 5203 1762 5268 mitteretur
1775 5207 1817 5268 ad

179 5299 331 5362 bivolam
345 5301 548 5377 reputamus,
562 5299 735 5372 beneficia,
749 5315 822 5378 qua
843 5314 903 5378 per
916 5317 972 5362 se·
1026 5301 1135 5362 locum
1149 5299 1206 5361 ubi
1218 5299 1385 5376 precipue
1398 5298 1490 5376 viget
1506 5299 1645 5364 scientia
1659 5305 1691 5365 et
1706 5301 1816 5366 abun-

178 5399 301 5460 mestre
318 5399 579 5475 tempusvacare
593 5398 813 5474 contigeritin
829 5399 971 5460 ecclesia
1026 5399 1082 5460 dat
1105 5396 1285 5459 eminentia
1306 5395 1498 5474 peritorum.
1528 5399 1677 5478 Denique
1705 5416 1741 5461 se
1767 5403 1814 5465 lta

215 5517 257 5590 (l)
276 5519 579 5603 Texteevidemment
604 5518 712 5590 mutila,
730 5519 803 5577 mais
824 5520 971 5578 conforme
1031 5539 1037 5557 ·
1061 5519 1103 5665 523
1123 5503 1207 5603 Petro
1221 5518 1257 5577 de
1270 5517 1424 5603 corbolio...

180 5604 217 5646 au
232 5599 399 5648 manuscrit.
1072 5593 1088 5647 3
1120 5589 1261 5649 Guvllelm.
1277 5589 1313 5646 de
1325 5589 1490 5662 Signrlraco.
