4230 6388
338 301 401 366 aaa
960 293 1138 368 dortour
1159 288 1210 367 111'
1224 307 1375 370 ornas.
1978 310 2058 369 852

343 463 434 542 apud
459 460 651 526 districtum
670 460 817 540 judicem
843 463 981 540 praemia
1005 465 1139 526 aeternae
1191 465 1266 544 ipso
1284 483 1350 530 nec
1372 466 1409 528 in
1425 458 1618 531 bominibus
1637 469 1691 532 vel
1712 469 1790 532 allis
1811 471 1943 534 rebus
1974 488 2052 534 sen

211 597 216 605 .
343 563 439 640 pacis
454 561 639 624 inveniant.
655 563 771 621 Amen.
1189 564 1323 641 jnribus
1342 565 1490 643 eJ'usdem
1512 568 1708 630 monasterii
1729 569 1937 632 occasione
1967 570 2050 630 ad-

343 685 348 692 ·
384 661 453 734 ligo
464 657 631 720 Honorius
644 657 820 719 catholicae
834 656 992 719 Ecclesiae
1008 659 1110 736 episc.
1193 663 1331 724 vocatia
1356 662 1482 741 aliquid
1503 665 1646 726 ulterius
1668 667 1804 742 exigent
1826 669 1894 729 vel
1922 669 2046 729 reci-

340 779 345 788 ·
384 757 454 831 ogo
465 755 581 827 Guido,
598 755 817 832 praenestinus
831 755 1017 832 episcopus.
1194 761 1285 836 pient
1299 761 1611 837 quoquomod0,nec
1625 779 1662 823 se
1674 764 1842 841 aliquibus
1858 782 2045 826 monas—

385 855 454 928 Ego
466 852 666 914 Octavianus
682 853 740 914 SS.
758 852 868 928 Sergii
880 853 915 914 et
928 850 1051 914 Bacchi
1067 851 1140 913 dia·
1192 857 1271 918 terii
1293 859 1435 933 nogotiis
1459 858 1703 933 immiscebunt,
1730 863 1795 923 nisi
1815 879 1836 924 a
1858 879 2043 924 monas-

341 965 449 1012 conus
464 948 656 1010 cardinalis.
1193 955 1278 1016 tario
1307 955 1470 1032 requisiti.
1497 957 1662 1034 Requisiti
1684 975 1764 1020 vero
1790 959 1916 1036 ipsum
1945 977 2041 1022 mo-

384 1049 452 1122 Ego
463 1045 661 1123 Stephanus,
671 1045 821 1108 basilicae
835 1045 1016 1108 Duodecim
1031 1047 1140 1123 Apos-
1194 1053 1378 1112 casterium
1398 1051 1576 1115 defendere
1594 1055 1782 1125 teneantur,
1804 1057 1853 1120 ita
1868 1060 2034 1130 tamen,

342 1143 486 1206 telorum
497 1143 680 1220 presbyter.
1195 1148 1280 1226 quod
1290 1148 2033 1228 defensionemhujusmodinonextendent,

383 1243 452 1316 ego
467 1240 647 1316 Gregorius
663 1239 847 1317 presbyter.
1159 1296 1160 1305 ,
1194 1245 1260 1306 nisi
1282 1247 1446 1324 quatenus
1466 1248 1576 1324 ipsum
1593 1252 1836 1312 monasterium
1859 1251 1944 1312 sibi
1966 1254 2034 1313 vi-

339 1360 343 1368 ·
383 1338 505 1400 Datum
531 1337 704 1410 Laterani,
728 1352 788 1413 per
815 1351 949 1398 manum
977 1335 1140 1397 willelmi
1194 1343 1281 1406 derit
1295 1344 1465 1420 expedire.
1487 1345 1579 1418 Quod
1599 1346 1628 1408 sl
1648 1346 1733 1410 sorte
1752 1349 1871 1410 contra
1897 1365 2032 1412 vene-

341 1437 379 1498 S.
394 1439 435 1498 R.
453 1438 490 1496 Ε.
506 1435 786 1506 vicecancellarii,
807 1437 854 1495 ill
875 1433 950 1495 idus
968 1433 1067 1510 junii,
1081 1433 1138 1494 in·
1194 1441 1272 1512 rint,
1287 1442 1321 1502 et
1335 1441 1492 1517 praedicto
1508 1442 1691 1507 advocatiae
1707 1447 1844 1506 nomine
1859 1448 1902 1508 et
1918 1463 2029 1524 prae-

341 1533 491 1595 dictione
519 1535 575 1604 IX,
606 1533 850 1594 incarnationis
881 1532 1013 1593 Domini
1050 1547 1138 1592 anno
1194 1537 1261 1600 lato
1279 1539 1410 1600 redditu
1430 1540 1497 1602 sint
1519 1541 1592 1618 ipso
1605 1544 1684 1619 jure
1707 1543 1843 1619 privati.
1869 1545 1936 1605 Ad
1964 1546 2025 1606 rei

345 1631 517 1704 dccxxi,
529 1629 740 1707 pontificatus
754 1645 836 1692 vero
851 1629 982 1692 Domini
998 1629 1138 1692 Honorii
1194 1651 1273 1712 ergo
1303 1638 1498 1698 memoriam
1527 1640 1559 1701 et
1581 1642 1773 1717 perpetuam
1799 1639 2021 1704 firmitatem

339 1731 456 1806 Papae,
470 1728 506 1790 in
521 1743 610 1790 anno
633 1728 759 1806 quinto.
1159 1733 1161 1742 '
1195 1733 1418 1810 provisionem
1429 1751 1490 1796 seu
1500 1736 1773 1813 compositionem
1785 1737 2019 1814 hujusmodi,

341 1845 346 1854 ·
1195 1846 1292 1908 quam
1307 1845 1416 1892 comas
1431 1832 1464 1894 et
1477 1835 1673 1908 procurator
1688 1835 1837 1911 praedicti
1855 1835 1893 1895 in
1914 1853 2019 1912 prae-

1195 1929 1302 1988 sentia
1317 1930 1431 1990 nostra
1447 1931 1564 2006 sponte
1579 1946 1618 1991 ac
1630 1932 1841 1993 concorditer
1853 1948 2017 2010 recepe-

597 2029 893 2118 CGGGXXVHI
1159 2078 1161 2090 .
1193 2026 1282 2097 runt,
1300 2027 1457 2102 presenti
1479 2027 1609 2104 paginae
1629 2029 1782 2090 annotari
1800 2029 1958 2091 lecimus
1980 2033 2017 2093 et

1193 2121 1293 2184 bullae
1332 2125 1455 2186 nostrae
1493 2125 1676 2186 munimine
1707 2126 1875 2188 roborari.
1903 2129 2014 2190 Nulli

384 2201 436 2261 Ad
454 2199 609 2262 abbatem
628 2197 818 2260 (temtum
835 2198 870 2259 θΐ
891 2198 1098 2258 mentum
1194 2235 1285 2296 ergo,
1306 2221 1368 2282 etc.
1390 2223 1509 2282 Datum
1533 2223 1701 2295 Laterani,
1727 2225 1774 2285 111
1796 2224 1874 2286 idus
1892 2226 2011 2303 junii,

585 2297 893 2372 Nicoburpensem.
1195 2317 1408 2395 pontificatus
1421 2320 1529 2381 nostri
1545 2335 1633 2382 anno
1649 2320 1776 2399 quinto.

633 2443 847 2520 ripuariam.

419 2584 1062 2654 [somnumruunuutuum-limbi]
1159 2565 1161 2586 ’
1466 2613 1716 2702 ccccxffl

341 2721 446 2782 Abbati
458 2729 487 2779 et
498 2721 651 2779 couventui
661 2720 873 2794 Nieuburgensl
883 2719 1053 2791 compositio
1066 2717 1139 2775 inter

426 2813 504 2885 ipsos
523 2817 551 2868 et
565 2811 699 2868 comitem
718 2810 844 2867 Ascariis
859 2807 1052 2866 confirmatur.
1253 2764 1306 2828 Ad
1323 2764 1561 2826 mmmm
1577 2766 1614 2826 εἰ
1631 2766 1943 2840 mmmmm

1451 2864 1728 2926 ambianensem.

382 2945 562 3017 Honorius,
576 2945 638 3008 etc.

289 3033 297 3051 ⁰
381 3046 517 3120 Daque
539 3041 700 3120 probono
715 3040 807 3117 pacis
828 3040 964 3116 provide
980 3039 1139 3102 ordinan-
1370 3117 1375 3127 .
1485 2993 1604 3126 {¹1¹¹ssss
1619 2993 1700 3050 ¹²21·
1923 3119 1931 3130 ·

341 3141 407 3213 tur,
428 3140 603 3217 scriptura
624 3138 720 3200 decet
742 3137 942 3199 authenticae
964 3152 1136 3199 commen.
1224 3115 1343 3180 [bessu
1357 3114 1445 3176 ubi,
1457 3116 1597 3180 opacam.
1611 3119 1669 3168 uss.
1682 3118 1805 3168 aaroni
1819 3118 1855 3168 du
1866 3119 1968 3188 riui]

342 3238 427 3309 dari,
446 3253 488 3298 no
502 3252 562 3314 per
577 3234 753 3298 oblivionis
769 3234 1013 3296 incommodum
1029 3235 1064 3294 in
1078 3249 1142 3294 rea
1194 3231 1311 3289 Mandat
1331 3231 1374 3290 eis
1396 3239 1428 3290 ut
1450 3233 1481 3290 D.
1505 3232 1681 3290 monachum
1705 3234 1870 3292 nonasterii
1895 3237 1998 3294 sensu

342 3335 460 3398 01deae
494 3332 691 3410 quaestjonjs
716 3330 909 3408 scrupulum
933 3331 1140 3392 relabantur.¹
1230 3321 1362 3377 Fusciani
1377 3320 1579 3378 Ambianensis
1599 3321 1646 3394 qui
1663 3337 1695 3380 se
1717 3323 1744 3378 iu
1765 3323 1889 3394 quodam
1905 3339 1994 3396 erga-

342 3435 429 3494 Sane
444 3447 544 3508 quum
560 3430 700 3492 dilectus
715 3429 804 3490 filius
820 3429 1012 3504 Rodegerus
1027 3443 1147 3489 moue.
1229 3407 1551 3479 doloremsummum,
1570 3408 1606 3466 cd
1621 3411 1827 3468 monasterium
1844 3427 1927 3470 suum
1944 3428 1992 3469 re-

341 3529 425 3590 cbus
447 3528 480 3590 et
504 3529 700 3604 procurator
723 3529 833 3588 vester
857 3529 972 3588 contra
993 3525 1138 3586 nobilem
1228 3501 1341 3553 V⁰⁰e¹¹b

340 3626 450 3688 virum
465 3624 646 3686 Henricum
662 3623 815 3684 comitem
829 3623 986 3694 Ascariae,
1005 3623 1040 3682 in
1055 3637 1137 3684 nos·
1234 3622 1412 3692 Honorius,
1436 3623 1511 3694 etc„
1537 3623 1669 3686 dilectis
1689 3623 1768 3684 liliis
1790 3624 1988 3690 scholastico

340 3725 394 3784 tra
408 3721 588 3800 praesentia
601 3719 826 3792 constitutum,
844 3719 1025 3780 multatam
1040 3735 1139 3796 super
1194 3719 1227 3780 et
1242 3719 1488 3796 poenitentimio
1503 3719 1700 3782 Ambianen.
2070 3721 2071 3730 ’

339 3820 573 3882 exoculatione
590 3819 622 3880 et
638 3817 846 3879 mutilatione
866 3818 933 3886 tua,
957 3816 1004 3876 lili
1024 3815 1138 3887 abbas,
1233 3816 1352 3879 Dilecti
1381 3816 1442 3878 lilii
1468 3820 1576 3893 major
1604 3817 1638 3878 et
1660 3817 1775 3879 sanior
1797 3833 1875 3895 pars
1905 3835 1986 3880 con-

340 3935 440 3996 quam
456 3932 556 3994 super
569 3916 712 3978 diversis
727 3914 978 3992 gravaminibus
997 3915 1029 3976 et
1044 3914 1138 3990 inju-
1194 3914 1522 3976 vontus-monasterii
1545 3915 1658 3975 Sancti
1670 3915 1836 4004 ‘Fusciani
1855 3915 1987 3976 Ambia-

340 4016 412 4088 riis,
430 4031 503 4092 quae
517 4012 693 4076 occasione
708 4011 891 4074 advocatiae
907 4009 1000 4072 vobis
1016 4012 1048 4073 et
1063 4027 1138 4072 mo·
1194 4026 1271 4072 nen.
1287 4011 1439 4072 dioecesis
1454 4009 1550 4072 nobis
1569 4011 1743 4072 whumiliter
1762 4012 1985 4088 supplicarunt

341 4113 489 4174 naslerio
507 4113 619 4174 vestro
638 4111 810 4188 irrogasse
831 4108 1003 4171 dicebatur
1017 4107 1139 4170 nobilis
1195 4108 1231 4169 ut
1245 4109 1280 4168 Β.
1298 4108 1495 4174 monachum
1507 4108 1655 4186 ejusdem
1672 4108 1865 4172 monasterii
1879 4109 1983 4170 virum

340 4211 554 4281 memoratus,
585 4223 770 4285 proponere
791 4206 987 4278 curavisset,
1008 4221 1069 4266 nos
1091 4204 1139 4265 eis
1194 4204 1386 4276 litteratum,
1406 4205 1579 4284 providum
1597 4207 1631 4267 et
1649 4206 1837 4276 honestum,
1855 4207 1909 4284 qui
1923 4207 1984 4266 du-

341 4308 522 4384 diligenter
535 4306 669 4376 auditis,
692 4305 732 4365 ad
749 4303 962 4366 concordiam
978 4303 1139 4364 intervos
1195 4301 1272 4362 dum
1288 4302 1327 4362 in
1347 4303 1490 4380 quodam
1517 4301 1686 4378 ergastulo
1710 4318 1746 4363 se
1768 4301 1847 4364 lecit
1863 4303 1982 4364 intrudi

340 4406 375 4468 et
389 4404 540 4464 eumdem
551 4401 704 4464 comitem
715 4399 971 4472 reformandam,
983 4400 1139 4461 curantes
1195 4402 1285 4461 motu
1297 4400 1440 4477 propriae
1455 4399 1654 4471 voluntatis,
1663 4399 1703 4460 ad
1718 4399 1841 4460 dictum
1855 4416 1982 4460 monas-

340 4503 553 4578 interpcnere
569 4501 680 4576 partes
695 4501 827 4560 nostras
840 4496 880 4557 de
896 4512 1061 4558 consensu
1074 4496 1140 4558 dic·
1194 4497 1316 4558 terium
1336 4497 1490 4558 revocari
1510 4497 1771 4560 misericorditer
1792 4496 1978 4558 laceremus

339 4602 450 4675 torum
466 4597 596 4659 comitis
616 4595 649 4656 et
668 4593 906 4670 procuratoris,
928 4593 984 4669 qui
1000 4593 1140 4656 manda·
1194 4595 1263 4655 Nos
1288 4593 1390 4670 igitur
1411 4593 1659 4671 praemissorum
1689 4593 1829 4656 lratrum
1862 4593 1978 4656 devotis

340 4697 411 4757 tum
424 4698 492 4758 tam
505 4694 546 4756 ad
567 4691 830 4770 componendum
850 4706 949 4767 quam
969 4691 1010 4752 ad
1030 4706 1138 4766 agen·
1195 4691 1349 4768 precibus
1376 4690 1543 4762 inclinati,
1567 4691 1764 4752 discretioni
1785 4695 1901 4754 vestra
1923 4707 1978 4767 per

342 4794 419 4854 dum
433 4791 586 4863 babebat,
602 4789 651 4850 sic
664 4788 820 4850 duximus
835 4787 1084 4864 providendum,
1103 4789 1139 4850 ut
1195 4788 1384 4866 apostolica
1420 4790 1542 4866 scripta
1581 4779 1788 4860 mandamus,
1826 4792 1975 4866 quatenus

341 4889 498 4953 videlicet
507 4887 644 4963 triginta
653 4888 781 4948 tantum
793 4901 980 4946 marcarum
991 4885 1141 4947 redditus
1195 4888 1414 4948 memoratum
1427 4889 1462 4946 B.
1486 4887 1522 4948 ut
1545 4885 1585 4948 ad
1607 4887 1789 4948 claustrum
1811 4902 1902 4948 suum
1923 4901 1975 4948 re-

341 4986 514 5050 annuatlm
545 4984 778 5062 percipiendus
800 4983 836 5044 in
868 4984 957 5044 certo
984 4982 1059 5044 loco
1086 4982 1140 5043 vel
1195 4983 1272 5046 doat
1291 4983 1351 5044 sub
1367 4983 1495 5046 abbatis
1513 4983 1565 5044 sui
1581 4983 1772 5044 obedientia
1789 4983 1975 5060 regulariter

342 5086 438 5158 locis,
455 5082 614 5162 praedicto
630 5081 742 5144 comiti
759 5081 790 5142 at
809 5083 882 5157 ejus
901 5078 1089 5140 haeredibus
1104 5078 1140 5140 in
1195 5082 1353 5152 moretur,
1366 5081 1563 5143 auctoritate
1578 5081 1691 5142 nostra
1703 5096 1839 5142 monere
1854 5080 1976 5156 diligen·

341 5185 437 5248 bonis
458 5180 652 5244 monasterii
675 5179 776 5240 vestri
799 5194 859 5256 por
882 5179 925 5250 te,
952 5177 1000 5238 lili
1024 5176 1137 5248 abbas,
1194 5179 1272 5250 tius,
1294 5180 1326 5240 et
1345 5178 1502 5239 inducere
1526 5179 1721 5255 procuretis.
1746 5181 1866 5240 Datum
1886 5181 1972 5240 Lale-

341 5283 523 5346 advocatiaa
539 5279 673 5342 nomine
689 5277 878 5353 assignetur
894 5277 953 5348 ita,
969 5275 1054 5353 quod
1066 5275 1140 5352 ipse
1195 5275 1281 5348 rani,
1294 5278 1339 5338 lll
1352 5276 1426 5338 idus
1437 5275 1538 5354 junii,
1555 5275 1767 5353 pontificatus
1782 5277 1888 5339 nostri
1900 5291 1973 5338 anuo

341 5398 452 5448 comes
472 5379 525 5442 vel
547 5377 696 5442 haeredes
712 5377 783 5454 eJus
803 5391 865 5438 nec
880 5374 915 5436 in
937 5371 1140 5436 monasterio
1196 5374 1322 5450 quinto.
