4248 6410
946 199 1120 288 ncuonn
1143 186 1187 288 1'11
1208 225 1357 290 ornan.

612 409 836 496 CLXXXIX

401 542 453 601 Ad
473 545 759 616 archiepiscopos,
782 545 967 618 episcopos,
984 543 1046 604 etc.

627 653 729 728 lojan.
747 654 826 712 itti.

504 755 640 822 [Strehlke,
653 759 672 808 l.
683 773 716 816 c.,
729 774 754 823 p.
766 758 822 820 aab,
837 774 863 809 n.
877 759 946 824 tin]

354 864 480 923 Proelatis
494 864 623 922 ordinem
638 864 844 922 theutonicum
863 866 1046 924 commendat
1059 865 1096 924 ob

452 953 699 1049 eleemosynarum
719 952 926 1022 collectionem,
943 961 997 1010 etc.

370 1068 536 1129 Honorius
547 1070 734 1146 episcopus,
744 1085 1039 1131 servusservorum
1050 1069 1120 1140 Dei,

256 1247 258 1252 Ι
330 1166 576 1228 uenerabilibus
611 1166 769 1228 fratribus
804 1167 1063 1244 archiepiscopis
1091 1167 1124 1227 et

332 1263 496 1340 episcopis
512 1266 546 1326 et
559 1263 689 1325 dilectis
704 1263 783 1324 liliis
795 1263 980 1336 abbatibus,
996 1263 1120 1340 priori-

331 1359 403 1430 bus,
422 1359 680 1430 archidiaconis,
703 1360 838 1422 decanis
860 1362 893 1421 et
916 1361 991 1421 aliis
1016 1360 1124 1421 eccle-

331 1457 455 1518 siarum
479 1457 635 1534 praelatis,
653 1457 695 1518 ad
710 1473 792 1533 quos
808 1458 928 1519 litterae
952 1458 1024 1518 istae
1046 1472 1124 1534 per·

331 1554 494 1626 venerint,
518 1554 710 1616 salutemet
731 1554 947 1630 apostolicam
964 1553 1124 1614 benedic-

331 1650 466 1712 donem.

371 1749 451 1808 Cum
478 1747 609 1810 dilectis
639 1749 729 1820 filiis,
760 1747 919 1810 fratribus
942 1747 1123 1825 Hospitalis

331 1845 461 1908 sancte
488 1846 603 1906 Mariae
627 1846 906 1906 Tbeutouicorum
930 1845 1125 1920 Hierosoly-

330 1942 459 2010 mitaui,
484 1942 678 2002 duxerimus
700 1940 949 2016 indulgendum,
967 1942 1002 2003 ut
1022 1941 1123 2002 semel

331 2039 365 2098 in
384 2054 472 2098 anno
487 2038 692 2115 recipiantur
708 2040 743 2099 in
761 2038 910 2098 ecclesiis
923 2038 964 2099 ad
979 2039 1125 2098 eleemo-

331 2150 432 2212 synas
454 2134 669 2210 colligendas,
686 2135 819 2211 qnidam
838 2136 985 2196 vestrum
1008 2135 1123 2195 avari-

330 2232 385 2292 tiae
407 2232 526 2293 ardore
546 2233 699 2292 succensi
720 2231 919 2293 confratrias
941 2247 1019 2292 suas
1038 2247 1122 2292 con-

330 2328 458 2390 fratriis
481 2329 613 2389 illorum
640 2329 755 2389 eadem
775 2327 828 2390 die
846 2329 879 2389 in
900 2330 1046 2405 ipsorum
1061 2329 1123 2389 ad·

329 2427 430 2487 uentu
446 2427 651 2502 praeponunt,
670 2428 702 2488 et
718 2426 767 2487 sic
781 2425 901 2487 fratres
914 2427 979 2502 ipsi
995 2425 1124 2488 confusi

330 2523 388 2584 aut
411 2523 495 2583 nibil
515 2523 634 2584 exinde
650 2525 707 2584 aut
725 2523 889 2584 modicum
910 2537 1122 2602 consequun-

328 2623 394 2682 tur.
412 2621 496 2693 Quia
511 2620 614 2695 igitur
628 2620 691 2681 boc
706 2621 863 2682 indecens
876 2622 926 2681 est
940 2621 972 2682 et
989 2621 1024 2680 in
1039 2636 1123 2681 cou-

329 2717 488 2792 temptum
500 2717 558 2778 Dei
570 2719 603 2778 et
613 2717 767 2778 Ecclesiae
779 2721 936 2780 Romanae
950 2717 1121 2784 redundat,

330 2814 543 2878 universitati
566 2815 685 2874 vestrae
708 2830 766 2890 per
788 2814 976 2890 Apostolica
1000 2814 1123 2891 scripta

330 2910 555 2988 praecipiendo
585 2910 791 2982 mandamus,
820 2912 995 2987 quatenus,
1023 2927 1123 2986 quum

330 3007 452 3069 fratres
467 3007 533 3083 ipsi
548 3007 588 3068 ad
609 3007 682 3068 loca
700 3008 811 3092 vestra
826 3022 885 3084 pro
905 3007 1123 3084 eleemosynis

330 3103 533 3166 accesserint
547 3104 753 3179 colligendis,
767 3103 910 3180 benigne
924 3104 1122 3182 recipientes

315 3201 462 3279 ,eosdem
474 3203 507 3262 et
516 3202 653 3262 honeste
668 3201 859 3272 tractantes,
873 3201 961 3278 ipsos
974 3202 1009 3262 in
1022 3201 1124 3263 eccle·

330 3299 390 3359 siis
414 3299 533 3359 vestris
552 3297 731 3358 admonere
750 3299 906 3374 populum
925 3299 958 3360 et
980 3299 1124 3360 eleemo-

330 3395 1123 3472 synasliberequaererepermittatis,confratrias

330 3493 470 3562 vestras,
487 3508 569 3568 quas
587 3491 695 3552 facere
709 3493 845 3568 potestis
861 3491 1016 3568 quotidie,
1033 3491 1125 3568 ipso-

328 3603 405 3649 rum
429 3586 630 3658 confratriis,
648 3603 721 3664 quae
744 3588 846 3648 semel
868 3588 903 3648 in
925 3603 1013 3649 anno
1028 3587 1120 3659 liunt,

330 3685 520 3746 nullatenus
543 3685 782 3761 preponentes,
800 3701 842 3746 ne
854 3685 1029 3746 occasione
1044 3685 1123 3746 illa-

330 3797 405 3844 rum
427 3781 647 3859 eleemosynae
669 3782 793 3843 Christi
815 3797 997 3860 pauperum
1019 3782 1123 3859 depe·

1923 233 1992 292 648

1177 401 1239 463 que
1248 385 1494 456 beneficiorum,
1503 387 1619 465 quaein
1631 389 1988 452 sanctadomoeorum

1176 483 1269 555 flunt,
1286 484 1464 560 participes
1479 486 1644 550 existatis.
1665 488 1831 549 Praeterea
1847 486 1991 546 liberas

1176 581 1209 640 et
1221 579 1389 642 absolutas
1404 597 1575 657 personas,
1589 599 1660 659 quae
1677 599 1712 644 se
1728 581 1839 644 domui
1854 599 1988 644 eorum

1176 677 1211 736 in
1231 677 1374 738 sanitate
1392 679 1445 738 vel
1466 679 1658 742 infirmitate
1679 680 1912 749 reddiderunt,
1933 679 1987 738 li-

1171 773 1253 834 bere
1268 789 1307 834 ac
1323 775 1395 834 sina
1415 775 1567 837 molestia
1589 777 1693 852 recipi
1716 777 1922 852 permittatis
1938 776 1987 837 ab

1176 871 1237 942 eis,
1259 886 1320 932 nec
1339 871 1428 947 ipsos
1449 887 1549 948 super
1567 872 1630 934 hoc
1651 873 1783 934 tentetis
1805 874 1987 950 aliquate-

1177 983 1240 1028 nus
1256 968 1430 1044 impedire.
1451 969 1536 1029 illud
1552 971 1662 1031 autem
1678 985 1743 1031 non
1759 969 1988 1032 mediocriter

1177 1066 1356 1126 movetnos
1371 1081 1432 1126 nec
1446 1065 1610 1127 modicum
1626 1065 1986 1127 ecclesiasticaedero-

1176 1163 1233 1238 gat
1251 1161 1428 1232 honestati,
1443 1163 1528 1239 quod
1544 1162 1676 1240 quidam
1691 1168 1838 1224 vostrum
1854 1164 1983 1226 contra

1176 1258 1419 1320 institutionem
1443 1261 1632 1321 sauctorum
1656 1263 1785 1338 patrum
1806 1259 1841 1320 in
1859 1262 1982 1322 Turo-

1178 1355 1274 1416 nensi
1287 1356 1429 1418 concilio
1442 1355 1563 1417 editam
1576 1356 1716 1417 fratrum
1729 1357 1878 1434 ipsorum
1893 1373 1982 1418 cor-

1179 1467 1270 1530 pora,
1287 1468 1362 1514 oum
1383 1454 1554 1525 decedunt,
1570 1455 1688 1515 nolunt
1707 1455 1781 1515 sine
1794 1454 1904 1530 pretio
1922 1470 1986 1514 se-

1178 1551 1302 1627 pelire;
1332 1552 1436 1622 unde,
1462 1552 1540 1627 quia
1564 1553 1631 1612 tarn
1655 1565 1757 1627 prena
1785 1551 1921 1612 exactio
1948 1551 1986 1612 et

1178 1647 1291 1723 iniqua
1319 1663 1385 1708 non
1410 1647 1459 1708 est
1482 1643 1693 1724 aliquatenus
1719 1647 1916 1718 toleranda,
1945 1648 1983 1707 in

1178 1743 1374 1805 obedientiae
1402 1744 1497 1806 uobis
1524 1745 1648 1805 virtute
1673 1745 1908 1820 praecipimuS,
1946 1746 1985 1804 nt

1178 1841 1269 1902 nullo
1293 1841 1388 1902 modo
1413 1857 1431 1902 a
1457 1841 1614 1902 fratribus
1635 1843 1718 1918 ipsis
1737 1841 1789 1902 vel
1813 1841 1892 1901 aliis
1916 1857 1983 1917 pro

1179 1933 1347 2015 sepultura
1370 1939 1548 2016 quidquam
1571 1939 1706 2014 exigere
1729 1938 1782 2000 vel
1806 1937 1981 2014 accipere,

1179 2036 1243 2096 nisi
1259 2035 1345 2111 quod
1367 2038 1547 2112 spontanea
1567 2036 1795 2096 decedentium
1817 2034 1981 2096 liberali-

1178 2133 1230 2194 tas
1244 2133 1296 2192 vel
1317 2134 1490 2208 parentum
1511 2133 1641 2194 devotio
1664 2131 1757 2194 vobis
1781 2131 1979 2204 contulerit,

1178 2230 1356 2300 attentetis,
1375 2230 1433 2291 sed
1451 2230 1574 2307 absque
1590 2230 1659 2290 ullo
1679 2230 1786 2306 pretio
1800 2229 1981 2305 sepeliatis

1179 2342 1317 2402 corpora
1332 2329 1550 2398 mortuorum,
1564 2327 1607 2397 et,
1623 2327 1737 2402 siquis
1753 2326 1815 2387 hoc
1830 2326 1981 2388 ulterius

1178 2426 1400 2496 attentaverit,
1416 2425 1529 2485 taliter
1546 2424 1819 2486 animadvertatis
1831 2424 1867 2483 in
1883 2440 1977 2495 eum,

1178 2521 1263 2599 qrrod
1288 2523 1430 2598 amplius
1459 2520 1582 2581 similia
1606 2537 1671 2582 non
1707 2523 1900 2597 praesumat.
1927 2523 1978 2582 Ad

1178 2619 1250 2679 baec
1274 2617 1605 2695 praesentium-vobis
1630 2618 1827 2679 auctoritate
1850 2619 1978 2692 praeci-

1178 2717 1296 2793 pimus,
1320 2731 1360 2776 ue
1384 2716 1425 2777 ab
1449 2717 1498 2777 eis
1519 2717 1633 2776 contra
1658 2731 1708 2787 ea,
1723 2729 1797 2792 quae
1811 2713 1976 2776 fratribus

1178 2815 1261 2890 ipsis
1288 2813 1497 2884 indulsimus,
1521 2813 1561 2874 de
1594 2813 1807 2873 nutrimentis
1836 2811 1976 2872 anima·
2047 2819 2048 2874 l

1179 2910 1259 2971 lium
1283 2925 1428 2980 suorum,
1445 2911 1514 2971 sive
1537 2910 1676 2986 deipsis
1698 2908 1901 2970 animalibus
1920 2909 1975 2970 de-

1178 3008 1281 3070 cimas
1296 3008 1431 3083 exigere
1446 3008 1667 3084 praesumatis.

1218 3108 1296 3165 curu
1311 3106 1421 3166 autern
1442 3105 1588 3166 oratoria
1607 3105 1660 3165 vol
1683 3105 1884 3176 coemeteria,
1910 3121 1971 3165 se-

1178 3202 1320 3263 cundum
1329 3202 1414 3279 quod
1426 3203 1474 3262 eis
1485 3201 1887 3271 concess1imus,duxerint
1897 3216 1974 3261 con-

1178 3301 1346 3371 struenda,
1362 3315 1432 3369 vos,
1446 3297 1566 3359 fratres
1578 3298 1820 3375 archiepiscopi
1833 3299 1867 3359 et
1881 3299 1973 3374 epis-

1178 3398 1263 3474 copi,
1273 3399 1321 3458 eis
1332 3413 1390 3474 pro
1399 3395 1972 3457 seacfamiliasuatantumoratoria

1178 3495 1332 3556 dedicare
1344 3510 1383 3554 ac
1396 3493 1584 3554 coemeteria
1598 3491 1793 3554 benedicere
1806 3508 1970 3569 procure-

1177 3591 1231 3662 tis,
1243 3590 1584 3667 necaliquisvestrum
1596 3595 1708 3650 contra
1720 3589 1971 3652 concessionem
2047 3603 2048 3688 ᾗ

1179 3688 1324 3748 nostram
1337 3686 1370 3747 id
1384 3686 1545 3764 impedire
1560 3686 1680 3748 audeat
1693 3687 1905 3764 aliquatenus
1918 3688 1971 3748 vel

1178 3783 1324 3846 turbare.
1855 3805 1860 3816 ·

330 3880 426 3942 raaut
437 3880 470 3942 et
484 3878 708 3956 impediantur
721 3885 822 3956 opera
838 3879 980 3955 pietatis.
995 3881 1123 3941 Statui—
1219 3884 1265 3943 De
1285 3882 1404 3943 caetero
1420 3880 1539 3942 fratres
1555 3881 1728 3957 hospitalis
1745 3881 1876 3944 Sancta
1893 3883 1971 3943 bia-

330 3993 403 4038 mus
419 3977 531 4049 etiam,
548 3979 584 4038 ut
605 3991 701 4038 nemo
723 3978 987 4038 excommunicet
1005 3977 1124 4038 iratres
1178 3980 1238 4041 riae
1261 3978 1540 4041 Theutonicorum
1560 3978 1596 4040 in
1622 3979 1741 4040 vestris
1765 3980 1971 4056 episcopati·

329 4075 421 4152 ipsos
446 4075 499 4136 vel
532 4090 647 4136 eorum
677 4075 824 4136 oratoria
851 4074 1029 4136 interdicat
1053 4073 1124 4136 sine
1179 4075 1239 4136 bus
1259 4076 1466 4147 constitutos,
1483 4075 1540 4152 qui
1555 4089 1686 4136 crucem
1709 4077 1741 4136 et
1755 4091 1851 4136 suum
1873 4075 1973 4136 habi-

330 4173 485 4234 maudato
510 4172 604 4232 Sedis
630 4171 828 4248 apostoticae
856 4171 1005 4247 speciali,
1034 4185 1124 4247 prae·
1178 4173 1248 4234 tum
1276 4173 1477 4249 deponentes
1504 4187 1563 4248 per
1587 4171 1762 4233 illecebras
1795 4173 1909 4233 saeculi
1939 4176 1973 4235 et

330 4269 475 4330 sentium
498 4268 592 4330 vobis
623 4268 821 4329 auctoritate
859 4267 1063 4338 mandantes,
1090 4268 1126 4329 ut
1179 4271 1335 4331 vitiorum
1356 4269 1495 4346 abrupta
1511 4271 1684 4344 vagantur,
1712 4269 1835 4331 etillos
1857 4271 1970 4338 edam,

329 4365 419 4443 ipsos
439 4364 728 4426 excommunicare
749 4366 807 4424 aut
825 4378 940 4424 eorum
966 4363 1124 4424 ecclesias
1179 4366 1236 4443 qui
1258 4366 1426 4443 prioribus
1444 4366 1515 4426 suis
1538 4367 1748 4427 contumaces
1771 4371 1805 4428 et
1829 4366 1972 4428 rebelles

331 4462 530 4524 interdicere
549 4460 740 4520 nullatenus
759 4460 988 4535 praesumatis3
1010 4459 1051 4519 de
1065 4475 1126 4535 pa·
1179 4463 1337 4530 existunt,
1351 4464 1384 4522 et
1397 4461 1524 4523 balivas
1539 4463 1687 4524 detinent
1697 4462 1974 4525 contravolunta·

330 4558 501 4620 rochianis
516 4558 626 4617 autern
641 4555 774 4626 vestris,
791 4555 848 4630 qui
861 4554 975 4616 domos
990 4556 1124 4616 illorum
1178 4561 1229 4620 tes
1244 4560 1402 4635 ipsorum,
1420 4560 1582 4621 moneatis
1597 4559 1760 4621 instanter
1774 4562 1807 4621 et
1823 4575 1879 4636 pro
1895 4575 1974 4621 ves-

331 4651 773 4729 inuaduntparviolentlam
788 4650 845 4712 vel
858 4649 1053 4727 infringunt,
1068 4653 1126 4714 aul
1180 4657 1222 4718 tri
1251 4655 1352 4717 officii
1380 4656 1489 4717 debito
1516 4657 1731 4733 compellatis,
1760 4660 1796 4717 ut
1821 4655 1972 4718 habitum

282 4757 284 4761 “
328 4750 486 4811 indebitis
503 4747 663 4810 molestiis
683 4747 875 4824 opprimunt
886 4745 1007 4810 fratres
1023 4748 1122 4826 ipsos,
1179 4752 1363 4828 depositum
1379 4753 1582 4814 resumentes
1597 4753 1632 4813 in
1645 4752 1832 4814 obedientia
1845 4752 1971 4829 praela-

331 4849 364 4908 et
379 4848 445 4908 um
463 4844 611 4922 deposita
627 4859 725 4920 quarn
743 4859 797 4906 res
812 4843 975 4921 diripiunt
988 4859 1125 4906 eorum·
1179 4849 1288 4909 torum
1304 4843 1439 4908 suorum
1454 4847 1570 4910 devote
1585 4863 1624 4910 ac
1639 4848 1811 4911 humiliter
1819 4863 1974 4926 perseue-

331 4943 416 5012 dam,
431 4957 505 5002 cunr
520 4941 641 5002 exinde
656 4941 897 5017 querimoniam
913 4941 1127 5018 deposuerint
1180 4942 1704 5006 rentetbalivassivealiaofticia
1713 4943 1971 5022 perviolentiam

332 5055 444 5104 coram
469 5035 575 5110 vobis,
605 5039 672 5100 tam
699 5037 882 5099 districtam
909 5039 959 5098 eis
994 5038 1125 5100 faciatis
1181 5039 1427 5102 detineranullo
1438 5041 1534 5102 modo
1544 5042 1758 5118 praesumant.
1768 5041 1971 5118 Quicumque

327 5137 493 5219 justitiam
522 5137 555 5196 et
576 5135 622 5196 ita
637 5137 726 5222 ¹jura
751 5149 867 5196 eorum
893 5133 1069 5196 defendere
1094 5136 1127 5196 et
1181 5137 1291 5198 autem
1324 5137 1554 5198 mandatorum
1584 5138 1773 5198 nostrorum
1803 5135 1973 5200 extiterint

332 5235 549 5298 manutenere
573 5231 707 5302 curetis,
729 5227 815 5308 quod
841 5229 904 5308 ipsi
923 5230 965 5292 ad
988 5245 1047 5292 nos
1066 5247 1126 5309 pro
1181 5225 1433 5310 contemptores,
1450 5233 1801 5296 excommunicationis
1816 5249 1873 5294 eos
1890 5249 1971 5294 sen-

331 5331 462 5394 defectu
476 5328 617 5408 justitie
630 5341 719 5403 saepe
738 5341 913 5388 resumere
927 5341 994 5388 non
1009 5341 1127 5403 cogan-
1180 5329 1286 5390 teutia
1303 5331 1505 5407 percellatis,
1530 5345 1628 5408 quam
1647 5329 1779 5392 faciatis
1802 5345 1906 5407 usque
1930 5331 1971 5390 ad

332 5433 398 5501 tur,
415 5427 472 5489 sed
495 5441 560 5486 nos·
574 5423 831 5486 sollicitudinem
855 5423 888 5484 et
906 5422 1126 5484 obedientiam
1181 5425 1441 5488 satisfactionem
1456 5427 1653 5503 condignam
1669 5423 1906 5488 inviolabiliter
1914 5427 1974 5488 ob-

332 5526 480 5587 vestram
490 5523 667 5584 debeamus
678 5521 795 5582 merito
807 5519 1127 5592 commendaremu-
1181 5523 1319 5584 servari.
