<?xml version="1.0" encoding="UTF-8"?>
<!DOCTYPE html PUBLIC "-//W3C//DTD XHTML 1.0 Transitional//EN"
    "http://www.w3.org/TR/xhtml1/DTD/xhtml1-transitional.dtd">
<html xmlns="http://www.w3.org/1999/xhtml" xml:lang="en" lang="en">
 <head>
  <title>
</title>
<meta http-equiv="Content-Type" content="text/html;charset=utf-8" />
  <meta name='ocr-system' content='tesseract 3.04.00' />
  <meta name='ocr-capabilities' content='ocr_page ocr_carea ocr_par ocr_line ocrx_word'/>
</head>
<body>
  <div class='ocr_page' id='page_1' title='image "./mediiaevibiblio03bottgoog_0115.png"; bbox 0 0 4280 6404; ppageno 0'>
   <div class='ocr_carea' id='block_1_1' title="bbox 934 291 1353 366">
    <p class='ocr_par' dir='ltr' id='par_1_1' title="bbox 934 291 1353 366">
     <span class='ocr_line' id='line_1_1' title="bbox 934 291 1353 366; baseline 0.007 -18"><span class='ocrx_word' id='word_1_1' title='bbox 934 291 1116 366; x_wconf 53' lang='grc'><strong>,1111101111</strong></span> <span class='ocrx_word' id='word_1_2' title='bbox 1139 293 1183 352; x_wconf 92' lang='grc'>111</span> <span class='ocrx_word' id='word_1_3' title='bbox 1206 293 1353 356; x_wconf 59' lang='lat' dir='ltr'>creans.</span> 
     </span>
    </p>
   </div>
   <div class='ocr_carea' id='block_1_2' title="bbox 639 471 793 560">
    <p class='ocr_par' dir='ltr' id='par_1_2' title="bbox 639 471 793 560">
     <span class='ocr_line' id='line_1_2' title="bbox 639 471 793 560; baseline 0 -2"><span class='ocrx_word' id='word_1_4' title='bbox 639 471 793 560; x_wconf 79' lang='lat' dir='ltr'>&#39;dxciv</span> 
     </span>
    </p>
   </div>
   <div class='ocr_carea' id='block_1_3' title="bbox 323 607 1116 765">
    <p class='ocr_par' dir='ltr' id='par_1_3' title="bbox 323 607 1116 765">
     <span class='ocr_line' id='line_1_3' title="bbox 323 607 1116 676; baseline 0.009 -14"><span class='ocrx_word' id='word_1_5' title='bbox 323 607 374 662; x_wconf 72' lang='lat' dir='ltr'>ud</span> <span class='ocrx_word' id='word_1_6' title='bbox 382 607 628 676; x_wconf 79' lang='lat' dir='ltr'>prtrrzicertrrm</span> <span class='ocrx_word' id='word_1_7' title='bbox 649 607 682 666; x_wconf 84' lang='lat' dir='ltr'>et</span> <span class='ocrx_word' id='word_1_8' title='bbox 703 610 843 667; x_wconf 78' lang='lat' dir='ltr'>elericos</span> <span class='ocrx_word' id='word_1_9' title='bbox 858 609 979 668; x_wconf 81' lang='lat' dir='ltr'>sabotoe</span> <span class='ocrx_word' id='word_1_10' title='bbox 993 609 1116 669; x_wconf 81' lang='lat' dir='ltr'>corsto-</span> 
     </span>
     <span class='ocr_line' id='line_1_4' title="bbox 580 707 855 765; baseline 0.011 -4"><span class='ocrx_word' id='word_1_11' title='bbox 580 717 661 762; x_wconf 80' lang='lat' dir='ltr'>rum.</span> <span class='ocrx_word' id='word_1_12' title='bbox 688 707 729 764; x_wconf 84' lang='lat' dir='ltr'>de</span> <span class='ocrx_word' id='word_1_13' title='bbox 759 708 855 765; x_wconf 79' lang='lat' dir='ltr'>Urbe.</span> 
     </span>
    </p>
   </div>
   <div class='ocr_carea' id='block_1_4' title="bbox 321 823 1115 1100">
    <p class='ocr_par' dir='ltr' id='par_1_4' title="bbox 321 823 1115 1100">
     <span class='ocr_line' id='line_1_5' title="bbox 605 823 828 894; baseline 0 -15"><span class='ocrx_word' id='word_1_14' title='bbox 605 823 639 879; x_wconf 72' lang='lat'>20</span> <span class='ocrx_word' id='word_1_15' title='bbox 654 823 734 894; x_wconf 89' lang='lat' dir='ltr'>april.</span> <span class='ocrx_word' id='word_1_16' title='bbox 751 825 828 882; x_wconf 81' lang='lat' dir='ltr'>reta.</span> 
     </span>
     <span class='ocr_line' id='line_1_6' title="bbox 507 927 929 994; baseline 0.005 -16"><span class='ocrx_word' id='word_1_17' title='bbox 507 927 658 991; x_wconf 78' lang='lat' dir='ltr'>[Bullatium</span> <span class='ocrx_word' id='word_1_18' title='bbox 667 929 929 994; x_wconf 63' lang='lat' dir='ltr'>sericarumque]</span> 
     </span>
     <span class='ocr_line' id='line_1_7' title="bbox 321 1025 1115 1100; baseline 0.005 -19"><span class='ocrx_word' id='word_1_19' title='bbox 321 1025 817 1097; x_wconf 63' lang='grc'><strong>111011111101111111111111111</strong></span> <span class='ocrx_word' id='word_1_20' title='bbox 840 1027 916 1084; x_wconf 88' lang='lat' dir='ltr'>beati</span> <span class='ocrx_word' id='word_1_21' title='bbox 945 1028 1030 1095; x_wconf 87' lang='lat' dir='ltr'>Petri,</span> <span class='ocrx_word' id='word_1_22' title='bbox 1052 1043 1115 1100; x_wconf 83' lang='lat' dir='ltr'>quae</span> 
     </span>
    </p>
   </div>
   <div class='ocr_carea' id='block_1_5' title="bbox 355 1114 1115 1277">
    <p class='ocr_par' dir='ltr' id='par_1_5' title="bbox 355 1114 1115 1277">
     <span class='ocr_line' id='line_1_8' title="bbox 355 1114 1115 1196; baseline 0.003 -26"><span class='ocrx_word' id='word_1_23' title='bbox 355 1114 496 1196; x_wconf 81' lang='lat' dir='ltr'>coritingit</span> <span class='ocrx_word' id='word_1_24' title='bbox 524 1117 684 1174; x_wconf 84' lang='lat' dir='ltr'>Romanurn</span> <span class='ocrx_word' id='word_1_25' title='bbox 714 1117 877 1187; x_wconf 85' lang='lat' dir='ltr'>pontificem</span> <span class='ocrx_word' id='word_1_26' title='bbox 903 1115 1003 1175; x_wconf 89' lang='lat' dir='ltr'>decem</span> <span class='ocrx_word' id='word_1_27' title='bbox 1029 1117 1115 1174; x_wconf 88' lang='lat' dir='ltr'>libras</span> 
     </span>
     <span class='ocr_line' id='line_1_9' title="bbox 356 1205 978 1277; baseline 0.003 -19"><span class='ocrx_word' id='word_1_28' title='bbox 356 1218 408 1259; x_wconf 92' lang='lat' dir='ltr'>suo</span> <span class='ocrx_word' id='word_1_29' title='bbox 423 1210 530 1258; x_wconf 84' lang='lat' dir='ltr'>tanturn</span> <span class='ocrx_word' id='word_1_30' title='bbox 545 1211 674 1275; x_wconf 90' lang='lat' dir='ltr'>tempore</span> <span class='ocrx_word' id='word_1_31' title='bbox 688 1206 833 1261; x_wconf 82' lang='lat' dir='ltr'>annuatim</span> <span class='ocrx_word' id='word_1_32' title='bbox 851 1205 978 1277; x_wconf 83' lang='lat' dir='ltr'>largitur.</span> 
     </span>
    </p>
   </div>
   <div class='ocr_carea' id='block_1_6' title="bbox 316 1320 1115 3229">
    <p class='ocr_par' dir='ltr' id='par_1_6' title="bbox 320 1320 1114 1479">
     <span class='ocr_line' id='line_1_10' title="bbox 360 1320 1114 1399; baseline 0.005 -19"><span class='ocrx_word' id='word_1_33' title='bbox 360 1320 537 1392; x_wconf 90' lang='lat' dir='ltr'>Honorius,</span> <span class='ocrx_word' id='word_1_34' title='bbox 564 1323 638 1391; x_wconf 83' lang='lat' dir='ltr'>eto,</span> <span class='ocrx_word' id='word_1_35' title='bbox 665 1321 795 1382; x_wconf 90' lang='lat' dir='ltr'>dilectis</span> <span class='ocrx_word' id='word_1_36' title='bbox 820 1321 897 1382; x_wconf 84' lang='lat' dir='ltr'>liliis</span> <span class='ocrx_word' id='word_1_37' title='bbox 925 1323 1114 1399; x_wconf 89' lang='lat' dir='ltr'>primicerio</span> 
     </span>
     <span class='ocr_line' id='line_1_11' title="bbox 320 1416 993 1479; baseline 0.004 -4"><span class='ocrx_word' id='word_1_38' title='bbox 320 1418 352 1478; x_wconf 92' lang='lat' dir='ltr'>et</span> <span class='ocrx_word' id='word_1_39' title='bbox 367 1417 501 1478; x_wconf 76' lang='lat' dir='ltr'><strong>clericis</strong></span> <span class='ocrx_word' id='word_1_40' title='bbox 512 1416 635 1478; x_wconf 88' lang='lat' dir='ltr'>scholae</span> <span class='ocrx_word' id='word_1_41' title='bbox 650 1419 824 1479; x_wconf 78' lang='lat' dir='ltr'>cantorum</span> <span class='ocrx_word' id='word_1_42' title='bbox 838 1417 878 1479; x_wconf 92' lang='lat' dir='ltr'>de</span> <span class='ocrx_word' id='word_1_43' title='bbox 895 1418 993 1479; x_wconf 90' lang='lat' dir='ltr'>Urbe.</span> 
     </span>
    </p>

    <p class='ocr_par' dir='ltr' id='par_1_7' title="bbox 316 1515 1115 3229">
     <span class='ocr_line' id='line_1_12' title="bbox 358 1515 1114 1590; baseline 0.003 -17"><span class='ocrx_word' id='word_1_44' title='bbox 358 1515 1114 1590; x_wconf 71' lang='lat' dir='ltr'>Dignnmestut.quiministeriivestrimunia</span> 
     </span>
     <span class='ocr_line' id='line_1_13' title="bbox 319 1612 1114 1692; baseline 0.001 -21"><span class='ocrx_word' id='word_1_45' title='bbox 319 1612 534 1672; x_wconf 82' lang='lat' dir='ltr'>laudabiliter</span> <span class='ocrx_word' id='word_1_46' title='bbox 568 1613 808 1692; x_wconf 80' lang='lat' dir='ltr'>exsequimini,</span> <span class='ocrx_word' id='word_1_47' title='bbox 831 1613 946 1673; x_wconf 88' lang='lat' dir='ltr'>laudes</span> <span class='ocrx_word' id='word_1_48' title='bbox 981 1613 1114 1674; x_wconf 90' lang='lat' dir='ltr'>Domini</span> 
     </span>
     <span class='ocr_line' id='line_1_14' title="bbox 320 1709 1113 1786; baseline 0.003 -18"><span class='ocrx_word' id='word_1_49' title='bbox 320 1710 468 1770; x_wconf 82' lang='lat' dir='ltr'>suaviter</span> <span class='ocrx_word' id='word_1_50' title='bbox 496 1709 721 1780; x_wconf 83' lang='lat' dir='ltr'>decantantes,</span> <span class='ocrx_word' id='word_1_51' title='bbox 740 1710 861 1770; x_wconf 83' lang='lat' dir='ltr'>exinde</span> <span class='ocrx_word' id='word_1_52' title='bbox 889 1709 1113 1786; x_wconf 88' lang='lat' dir='ltr'>assequamini</span> 
     </span>
     <span class='ocr_line' id='line_1_15' title="bbox 318 1805 1111 1883; baseline 0.008 -19"><span class='ocrx_word' id='word_1_53' title='bbox 318 1822 455 1866; x_wconf 89' lang='lat' dir='ltr'>munera</span> <span class='ocrx_word' id='word_1_54' title='bbox 479 1807 636 1880; x_wconf 83' lang='lat' dir='ltr'>gratiosa,</span> <span class='ocrx_word' id='word_1_55' title='bbox 654 1823 740 1874; x_wconf 80' lang='lat' dir='ltr'>cum,</span> <span class='ocrx_word' id='word_1_56' title='bbox 759 1805 913 1868; x_wconf 84' lang='lat' dir='ltr'>dantibus</span> <span class='ocrx_word' id='word_1_57' title='bbox 938 1808 1111 1883; x_wconf 82' lang='lat' dir='ltr'>psalmum,</span> 
     </span>
     <span class='ocr_line' id='line_1_16' title="bbox 318 1903 1113 1981; baseline 0.004 -19"><span class='ocrx_word' id='word_1_58' title='bbox 318 1919 384 1963; x_wconf 90' lang='lat' dir='ltr'>non</span> <span class='ocrx_word' id='word_1_59' title='bbox 395 1903 437 1964; x_wconf 91' lang='lat' dir='ltr'>sit</span> <span class='ocrx_word' id='word_1_60' title='bbox 447 1904 889 1980; x_wconf 82' lang='lat' dir='ltr'>tympanumdensgandum.</span> <span class='ocrx_word' id='word_1_61' title='bbox 910 1907 989 1966; x_wconf 86' lang='lat' dir='ltr'>Cum</span> <span class='ocrx_word' id='word_1_62' title='bbox 1002 1906 1113 1981; x_wconf 88' lang='lat' dir='ltr'>itaque</span> 
     </span>
     <span class='ocr_line' id='line_1_17' title="bbox 318 1999 1115 2078; baseline 0.003 -20"><span class='ocrx_word' id='word_1_63' title='bbox 318 1999 424 2060; x_wconf 89' lang='lat' dir='ltr'>lelicis</span> <span class='ocrx_word' id='word_1_64' title='bbox 438 2002 605 2060; x_wconf 89' lang='lat' dir='ltr'>memoriae</span> <span class='ocrx_word' id='word_1_65' title='bbox 619 2001 816 2062; x_wconf 87' lang='lat' dir='ltr'>Caelestinus</span> <span class='ocrx_word' id='word_1_66' title='bbox 831 2016 916 2077; x_wconf 85' lang='lat' dir='ltr'>papa</span> <span class='ocrx_word' id='word_1_67' title='bbox 929 2001 1115 2078; x_wconf 88' lang='lat' dir='ltr'>praedeces-</span> 
     </span>
     <span class='ocr_line' id='line_1_18' title="bbox 319 2096 1112 2174; baseline -0.003 -16"><span class='ocrx_word' id='word_1_68' title='bbox 319 2113 375 2161; x_wconf 89' lang='lat' dir='ltr'>sor</span> <span class='ocrx_word' id='word_1_69' title='bbox 403 2100 518 2157; x_wconf 89' lang='lat' dir='ltr'>noster</span> <span class='ocrx_word' id='word_1_70' title='bbox 546 2096 641 2158; x_wconf 86' lang='lat' dir='ltr'>vobis</span> <span class='ocrx_word' id='word_1_71' title='bbox 669 2097 709 2158; x_wconf 90' lang='lat' dir='ltr'>da</span> <span class='ocrx_word' id='word_1_72' title='bbox 731 2099 883 2174; x_wconf 90' lang='lat' dir='ltr'>portione</span> <span class='ocrx_word' id='word_1_73' title='bbox 911 2096 1112 2158; x_wconf 86' lang='lat' dir='ltr'>oblationum</span> 
     </span>
     <span class='ocr_line' id='line_1_19' title="bbox 318 2193 1112 2270; baseline -0.001 -15"><span class='ocrx_word' id='word_1_74' title='bbox 318 2194 435 2256; x_wconf 90' lang='lat' dir='ltr'>altaris</span> <span class='ocrx_word' id='word_1_75' title='bbox 448 2193 537 2255; x_wconf 88' lang='lat' dir='ltr'>beati</span> <span class='ocrx_word' id='word_1_76' title='bbox 551 2195 653 2266; x_wconf 90' lang='lat' dir='ltr'>Petri,</span> <span class='ocrx_word' id='word_1_77' title='bbox 668 2211 740 2270; x_wconf 81' lang='lat' dir='ltr'>qnae</span> <span class='ocrx_word' id='word_1_78' title='bbox 751 2195 913 2270; x_wconf 84' lang='lat' dir='ltr'>contingit</span> <span class='ocrx_word' id='word_1_79' title='bbox 929 2197 1112 2257; x_wconf 87' lang='lat' dir='ltr'>Romanum</span> 
     </span>
     <span class='ocr_line' id='line_1_20' title="bbox 318 2291 1112 2368; baseline 0.001 -17"><span class='ocrx_word' id='word_1_80' title='bbox 318 2291 518 2367; x_wconf 86' lang='lat' dir='ltr'>pontificem,</span> <span class='ocrx_word' id='word_1_81' title='bbox 533 2307 662 2351; x_wconf 86' lang='lat' dir='ltr'>annuas</span> <span class='ocrx_word' id='word_1_82' title='bbox 677 2291 848 2352; x_wconf 84' lang='lat' dir='ltr'>duodecim</span> <span class='ocrx_word' id='word_1_83' title='bbox 863 2292 965 2352; x_wconf 91' lang='lat' dir='ltr'>libras</span> <span class='ocrx_word' id='word_1_84' title='bbox 980 2292 1020 2352; x_wconf 90' lang='lat' dir='ltr'>de</span> <span class='ocrx_word' id='word_1_85' title='bbox 1030 2307 1112 2368; x_wconf 81' lang='lat' dir='ltr'>gra-</span> 
     </span>
     <span class='ocr_line' id='line_1_21' title="bbox 316 2387 1112 2465; baseline 0.004 -18"><span class='ocrx_word' id='word_1_86' title='bbox 316 2388 364 2448; x_wconf 85' lang='lat' dir='ltr'>tia</span> <span class='ocrx_word' id='word_1_87' title='bbox 379 2387 556 2448; x_wconf 89' lang='lat' dir='ltr'>contulerit</span> <span class='ocrx_word' id='word_1_88' title='bbox 578 2387 720 2450; x_wconf 84' lang='lat' dir='ltr'>liberali.</span> <span class='ocrx_word' id='word_1_89' title='bbox 735 2389 803 2448; x_wconf 89' lang='lat' dir='ltr'>Nos</span> <span class='ocrx_word' id='word_1_90' title='bbox 815 2388 970 2465; x_wconf 87' lang='lat' dir='ltr'>ejusdem</span> <span class='ocrx_word' id='word_1_91' title='bbox 997 2389 1112 2464; x_wconf 84' lang='lat' dir='ltr'>gratiae</span> 
     </span>
     <span class='ocr_line' id='line_1_22' title="bbox 317 2485 1113 2561; baseline 0.003 -18"><span class='ocrx_word' id='word_1_92' title='bbox 317 2485 468 2546; x_wconf 87' lang='lat' dir='ltr'>volentes</span> <span class='ocrx_word' id='word_1_93' title='bbox 483 2485 604 2550; x_wconf 81' lang='lat' dir='ltr'>addere</span> <span class='ocrx_word' id='word_1_94' title='bbox 622 2485 775 2561; x_wconf 82' lang='lat' dir='ltr'>gratiam,</span> <span class='ocrx_word' id='word_1_95' title='bbox 790 2487 825 2545; x_wconf 93' lang='lat' dir='ltr'>ut</span> <span class='ocrx_word' id='word_1_96' title='bbox 840 2486 880 2547; x_wconf 91' lang='lat' dir='ltr'>de</span> <span class='ocrx_word' id='word_1_97' title='bbox 901 2487 1022 2547; x_wconf 85' lang='lat' dir='ltr'>virtute</span> <span class='ocrx_word' id='word_1_98' title='bbox 1042 2488 1113 2547; x_wconf 89' lang='lat' dir='ltr'>stu-</span> 
     </span>
     <span class='ocr_line' id='line_1_23' title="bbox 319 2581 1112 2659; baseline 0.005 -19"><span class='ocrx_word' id='word_1_99' title='bbox 319 2581 425 2643; x_wconf 91' lang='lat' dir='ltr'>deatis</span> <span class='ocrx_word' id='word_1_100' title='bbox 440 2583 601 2659; x_wconf 84' lang='lat' dir='ltr'>proficere</span> <span class='ocrx_word' id='word_1_101' title='bbox 625 2584 659 2642; x_wconf 94' lang='lat' dir='ltr'>in</span> <span class='ocrx_word' id='word_1_102' title='bbox 681 2583 850 2654; x_wconf 85' lang='lat' dir='ltr'>virtutem,</span> <span class='ocrx_word' id='word_1_103' title='bbox 881 2583 921 2643; x_wconf 92' lang='lat' dir='ltr'>de</span> <span class='ocrx_word' id='word_1_104' title='bbox 946 2582 1112 2644; x_wconf 88' lang='lat' dir='ltr'>oblatione</span> 
     </span>
     <span class='ocr_line' id='line_1_24' title="bbox 322 2679 1113 2756; baseline -0.001 -16"><span class='ocrx_word' id='word_1_105' title='bbox 322 2679 478 2756; x_wconf 85' lang='lat' dir='ltr'>praedicta</span> <span class='ocrx_word' id='word_1_106' title='bbox 492 2681 604 2740; x_wconf 89' lang='lat' dir='ltr'>decem</span> <span class='ocrx_word' id='word_1_107' title='bbox 621 2679 735 2751; x_wconf 86' lang='lat' dir='ltr'>libras,</span> <span class='ocrx_word' id='word_1_108' title='bbox 749 2682 862 2741; x_wconf 91' lang='lat' dir='ltr'>nostro</span> <span class='ocrx_word' id='word_1_109' title='bbox 877 2681 1004 2742; x_wconf 85' lang='lat' dir='ltr'>tantum</span> <span class='ocrx_word' id='word_1_110' title='bbox 1028 2681 1113 2740; x_wconf 89' lang='lat' dir='ltr'>tem·</span> 
     </span>
     <span class='ocr_line' id='line_1_25' title="bbox 317 2763 1109 2853; baseline 0 -15"><span class='ocrx_word' id='word_1_111' title='bbox 317 2793 410 2853; x_wconf 91' lang='lat' dir='ltr'>pore,</span> <span class='ocrx_word' id='word_1_112' title='bbox 428 2763 521 2837; x_wconf 83' lang='lat' dir='ltr'>nobis</span> <span class='ocrx_word' id='word_1_113' title='bbox 537 2777 707 2838; x_wconf 87' lang='lat' dir='ltr'>annuatim</span> <span class='ocrx_word' id='word_1_114' title='bbox 725 2777 881 2837; x_wconf 87' lang='lat' dir='ltr'>duximus</span> <span class='ocrx_word' id='word_1_115' title='bbox 905 2777 1109 2852; x_wconf 63' lang='lat' dir='ltr'>largiendam</span> 
     </span>
     <span class='ocr_line' id='line_1_26' title="bbox 318 2873 1113 2950; baseline 0.001 -15"><span class='ocrx_word' id='word_1_116' title='bbox 318 2875 365 2936; x_wconf 86' lang='lat' dir='ltr'>ita</span> <span class='ocrx_word' id='word_1_117' title='bbox 382 2875 466 2950; x_wconf 91' lang='lat' dir='ltr'>quod</span> <span class='ocrx_word' id='word_1_118' title='bbox 479 2891 522 2934; x_wconf 88' lang='lat' dir='ltr'>ex</span> <span class='ocrx_word' id='word_1_119' title='bbox 536 2873 599 2935; x_wconf 88' lang='lat' dir='ltr'>hoc</span> <span class='ocrx_word' id='word_1_120' title='bbox 615 2890 830 2935; x_wconf 87' lang='lat' dir='ltr'>successores·</span> <span class='ocrx_word' id='word_1_121' title='bbox 840 2874 945 2935; x_wconf 81' lang='lat' dir='ltr'>nostri</span> <span class='ocrx_word' id='word_1_122' title='bbox 967 2875 1113 2936; x_wconf 89' lang='lat' dir='ltr'>nullate·</span> 
     </span>
     <span class='ocr_line' id='line_1_27' title="bbox 317 2971 1111 3048; baseline 0.003 -16"><span class='ocrx_word' id='word_1_123' title='bbox 317 2989 379 3032; x_wconf 89' lang='lat' dir='ltr'>nus</span> <span class='ocrx_word' id='word_1_124' title='bbox 395 2971 592 3047; x_wconf 82' lang='lat' dir='ltr'>obligentur.</span> <span class='ocrx_word' id='word_1_125' title='bbox 617 2974 735 3031; x_wconf 89' lang='lat' dir='ltr'>Datum</span> <span class='ocrx_word' id='word_1_126' title='bbox 761 2974 873 3032; x_wconf 86' lang='lat' dir='ltr'>Romae</span> <span class='ocrx_word' id='word_1_127' title='bbox 897 2972 983 3048; x_wconf 92' lang='lat' dir='ltr'>apud</span> <span class='ocrx_word' id='word_1_128' title='bbox 1005 2975 1111 3034; x_wconf 86' lang='lat' dir='ltr'>Sano-</span> 
     </span>
     <span class='ocr_line' id='line_1_28' title="bbox 316 3067 1112 3144; baseline -0.003 -13"><span class='ocrx_word' id='word_1_129' title='bbox 316 3075 385 3131; x_wconf 90' lang='lat' dir='ltr'>tum</span> <span class='ocrx_word' id='word_1_130' title='bbox 398 3071 529 3130; x_wconf 92' lang='lat' dir='ltr'>Petrum</span> <span class='ocrx_word' id='word_1_131' title='bbox 545 3070 605 3129; x_wconf 85' lang='lat' dir='ltr'>XII</span> <span class='ocrx_word' id='word_1_132' title='bbox 621 3068 688 3128; x_wconf 87' lang='lat' dir='ltr'>kal.</span> <span class='ocrx_word' id='word_1_133' title='bbox 701 3067 791 3140; x_wconf 89' lang='lat' dir='ltr'>maii,</span> <span class='ocrx_word' id='word_1_134' title='bbox 807 3068 1017 3144; x_wconf 85' lang='lat' dir='ltr'>pontificatus</span> <span class='ocrx_word' id='word_1_135' title='bbox 1033 3085 1112 3129; x_wconf 90' lang='lat' dir='ltr'>nos-</span> 
     </span>
     <span class='ocr_line' id='line_1_29' title="bbox 316 3167 590 3229; baseline -0.011 0"><span class='ocrx_word' id='word_1_136' title='bbox 316 3167 359 3229; x_wconf 90' lang='lat' dir='ltr'>tri</span> <span class='ocrx_word' id='word_1_137' title='bbox 375 3183 462 3228; x_wconf 91' lang='lat' dir='ltr'>anno</span> <span class='ocrx_word' id='word_1_138' title='bbox 481 3167 590 3228; x_wconf 90' lang='lat' dir='ltr'>tertio.</span> 
     </span>
    </p>
   </div>
   <div class='ocr_carea' id='block_1_7' title="bbox 649 3293 780 3380">
    <p class='ocr_par' dir='ltr' id='par_1_8' title="bbox 649 3293 780 3380">
     <span class='ocr_line' id='line_1_30' title="bbox 649 3293 780 3380; baseline -0.008 -1"><span class='ocrx_word' id='word_1_139' title='bbox 649 3293 780 3380; x_wconf 78' lang='lat' dir='ltr'>dxcv</span> 
     </span>
    </p>
   </div>
   <div class='ocr_carea' id='block_1_8' title="bbox 316 3427 1110 3502">
    <p class='ocr_par' dir='ltr' id='par_1_9' title="bbox 316 3427 1110 3502">
     <span class='ocr_line' id='line_1_31' title="bbox 316 3427 1110 3502; baseline -0.005 -12"><span class='ocrx_word' id='word_1_140' title='bbox 316 3433 368 3490; x_wconf 85' lang='lat' dir='ltr'>Ad</span> <span class='ocrx_word' id='word_1_141' title='bbox 381 3427 588 3502; x_wconf 78' lang='lat' dir='ltr'>potestatem</span> <span class='ocrx_word' id='word_1_142' title='bbox 608 3428 643 3488; x_wconf 86' lang='lat' dir='ltr'>et</span> <span class='ocrx_word' id='word_1_143' title='bbox 664 3431 827 3502; x_wconf 71' lang='lat' dir='ltr'>peecatum</span> <span class='ocrx_word' id='word_1_144' title='bbox 843 3429 1110 3488; x_wconf 72' lang='lat' dir='ltr'>Alemandrtrtos.</span> 
     </span>
    </p>
   </div>
   <div class='ocr_carea' id='block_1_9' title="bbox 454 3537 971 3712">
    <p class='ocr_par' dir='ltr' id='par_1_10' title="bbox 454 3537 971 3712">
     <span class='ocr_line' id='line_1_32' title="bbox 598 3537 827 3612; baseline -0.004 -14"><span class='ocrx_word' id='word_1_145' title='bbox 598 3541 634 3598; x_wconf 77' lang='lat'>20</span> <span class='ocrx_word' id='word_1_146' title='bbox 650 3539 730 3612; x_wconf 89' lang='lat' dir='ltr'>april.</span> <span class='ocrx_word' id='word_1_147' title='bbox 748 3537 827 3598; x_wconf 82' lang='lat' dir='ltr'>rata.</span> 
     </span>
     <span class='ocr_line' id='line_1_33' title="bbox 454 3644 971 3712; baseline -0.006 -13"><span class='ocrx_word' id='word_1_148' title='bbox 454 3645 572 3712; x_wconf 75' lang='lat' dir='ltr'>[chilim</span> <span class='ocrx_word' id='word_1_149' title='bbox 583 3647 652 3698; x_wconf 77' lang='lat' dir='ltr'>Ana.</span> <span class='ocrx_word' id='word_1_150' title='bbox 663 3647 689 3696; x_wconf 93' lang='lat' dir='ltr'>dl</span> <span class='ocrx_word' id='word_1_151' title='bbox 700 3646 873 3706; x_wconf 78' lang='lat' dir='ltr'>Alessandria,</span> <span class='ocrx_word' id='word_1_152' title='bbox 885 3661 910 3710; x_wconf 91' lang='lat' dir='ltr'>p.</span> <span class='ocrx_word' id='word_1_153' title='bbox 918 3644 971 3710; x_wconf 62' lang='lat' dir='ltr'>ss]</span> 
     </span>
    </p>
   </div>
   <div class='ocr_carea' id='block_1_10' title="bbox 316 3743 1111 3892">
    <p class='ocr_par' dir='ltr' id='par_1_11' title="bbox 316 3743 1111 3892">
     <span class='ocr_line' id='line_1_34' title="bbox 316 3743 1111 3818; baseline -0.001 -16"><span class='ocrx_word' id='word_1_154' title='bbox 316 3745 372 3803; x_wconf 85' lang='lat' dir='ltr'>Sub</span> <span class='ocrx_word' id='word_1_155' title='bbox 385 3745 460 3803; x_wconf 89' lang='lat' dir='ltr'>beati</span> <span class='ocrx_word' id='word_1_156' title='bbox 470 3746 544 3802; x_wconf 85' lang='lat' dir='ltr'>Patri</span> <span class='ocrx_word' id='word_1_157' title='bbox 557 3753 586 3804; x_wconf 91' lang='lat' dir='ltr'>et</span> <span class='ocrx_word' id='word_1_158' title='bbox 600 3759 650 3802; x_wconf 88' lang='lat' dir='ltr'>sua</span> <span class='ocrx_word' id='word_1_159' title='bbox 661 3745 837 3817; x_wconf 88' lang='lat' dir='ltr'>protectione</span> <span class='ocrx_word' id='word_1_160' title='bbox 849 3744 967 3818; x_wconf 80' lang='lat' dir='ltr'>suscipit</span> <span class='ocrx_word' id='word_1_161' title='bbox 976 3743 1111 3816; x_wconf 86' lang='lat' dir='ltr'>populum</span> 
     </span>
     <span class='ocr_line' id='line_1_35' title="bbox 597 3833 831 3892; baseline -0.013 -1"><span class='ocrx_word' id='word_1_162' title='bbox 597 3833 831 3892; x_wconf 77' lang='lat' dir='ltr'>Alexandrinum.</span> 
     </span>
    </p>
   </div>
   <div class='ocr_carea' id='block_1_11' title="bbox 310 3942 1113 5481">
    <p class='ocr_par' dir='ltr' id='par_1_12' title="bbox 316 3942 1110 4214">
     <span class='ocr_line' id='line_1_36' title="bbox 355 3942 1109 4022; baseline -0.004 -18"><span class='ocrx_word' id='word_1_163' title='bbox 355 3945 520 4006; x_wconf 85' lang='lat' dir='ltr'>Honorius</span> <span class='ocrx_word' id='word_1_164' title='bbox 531 3944 841 4022; x_wconf 71' lang='lat' dir='ltr'>episcopusservus</span> <span class='ocrx_word' id='word_1_165' title='bbox 856 3957 1030 4002; x_wconf 85' lang='lat' dir='ltr'>servorum</span> <span class='ocrx_word' id='word_1_166' title='bbox 1038 3942 1109 4014; x_wconf 89' lang='lat' dir='ltr'>Dei,</span> 
     </span>
     <span class='ocr_line' id='line_1_37' title="bbox 316 4038 1110 4118; baseline -0.001 -19"><span class='ocrx_word' id='word_1_167' title='bbox 316 4041 445 4104; x_wconf 90' lang='lat' dir='ltr'>dilectis</span> <span class='ocrx_word' id='word_1_168' title='bbox 460 4039 538 4102; x_wconf 88' lang='lat' dir='ltr'>tiliis</span> <span class='ocrx_word' id='word_1_169' title='bbox 554 4041 708 4118; x_wconf 82' lang='lat' dir='ltr'>potestati</span> <span class='ocrx_word' id='word_1_170' title='bbox 723 4043 756 4100; x_wconf 91' lang='lat' dir='ltr'>et</span> <span class='ocrx_word' id='word_1_171' title='bbox 771 4039 893 4116; x_wconf 91' lang='lat' dir='ltr'>populo</span> <span class='ocrx_word' id='word_1_172' title='bbox 908 4038 1110 4100; x_wconf 84' lang='lat' dir='ltr'>Alexandri-</span> 
     </span>
     <span class='ocr_line' id='line_1_38' title="bbox 317 4135 1109 4214; baseline -0.005 -14"><span class='ocrx_word' id='word_1_173' title='bbox 317 4140 368 4200; x_wconf 86' lang='lat' dir='ltr'>nis</span> <span class='ocrx_word' id='word_1_174' title='bbox 384 4139 523 4200; x_wconf 88' lang='lat' dir='ltr'>salutem</span> <span class='ocrx_word' id='word_1_175' title='bbox 541 4140 575 4199; x_wconf 91' lang='lat' dir='ltr'>et</span> <span class='ocrx_word' id='word_1_176' title='bbox 598 4137 813 4214; x_wconf 88' lang='lat' dir='ltr'>apostolicam</span> <span class='ocrx_word' id='word_1_177' title='bbox 833 4135 1109 4197; x_wconf 86' lang='lat' dir='ltr'>benedictionem.</span> 
     </span>
    </p>

    <p class='ocr_par' dir='ltr' id='par_1_13' title="bbox 310 4232 1113 5481">
     <span class='ocr_line' id='line_1_39' title="bbox 357 4232 1112 4307; baseline -0.001 -10"><span class='ocrx_word' id='word_1_178' title='bbox 357 4238 574 4298; x_wconf 80' lang='lat' dir='ltr'>sacrosancta</span> <span class='ocrx_word' id='word_1_179' title='bbox 591 4237 740 4296; x_wconf 87' lang='lat' dir='ltr'>Romana</span> <span class='ocrx_word' id='word_1_180' title='bbox 759 4233 904 4295; x_wconf 77' lang='lat' dir='ltr'>Ecclesia</span> <span class='ocrx_word' id='word_1_181' title='bbox 918 4232 1064 4307; x_wconf 73' lang='lat' dir='ltr'>devotos</span> <span class='ocrx_word' id='word_1_182' title='bbox 1080 4235 1112 4296; x_wconf 90' lang='lat' dir='ltr'>et</span> 
     </span>
     <span class='ocr_line' id='line_1_40' title="bbox 315 4331 1113 4409; baseline -0.004 -14"><span class='ocrx_word' id='word_1_183' title='bbox 315 4333 457 4395; x_wconf 87' lang='lat' dir='ltr'>humiles</span> <span class='ocrx_word' id='word_1_184' title='bbox 469 4335 555 4394; x_wconf 89' lang='lat' dir='ltr'>lilios</span> <span class='ocrx_word' id='word_1_185' title='bbox 566 4349 608 4394; x_wconf 86' lang='lat' dir='ltr'>ex</span> <span class='ocrx_word' id='word_1_186' title='bbox 621 4333 763 4394; x_wconf 87' lang='lat' dir='ltr'>assuetae</span> <span class='ocrx_word' id='word_1_187' title='bbox 775 4332 907 4409; x_wconf 86' lang='lat' dir='ltr'>pietatis</span> <span class='ocrx_word' id='word_1_188' title='bbox 921 4331 1028 4393; x_wconf 83' lang='lat' dir='ltr'>officio</span> <span class='ocrx_word' id='word_1_189' title='bbox 1039 4347 1113 4408; x_wconf 90' lang='lat' dir='ltr'>pro·</span> 
     </span>
     <span class='ocr_line' id='line_1_41' title="bbox 316 4429 1110 4507; baseline -0.001 -18"><span class='ocrx_word' id='word_1_190' title='bbox 316 4434 450 4507; x_wconf 86' lang='lat' dir='ltr'>pensius</span> <span class='ocrx_word' id='word_1_191' title='bbox 469 4431 608 4504; x_wconf 80' lang='lat' dir='ltr'>diligere</span> <span class='ocrx_word' id='word_1_192' title='bbox 625 4429 812 4502; x_wconf 86' lang='lat' dir='ltr'>consuevit;</span> <span class='ocrx_word' id='word_1_193' title='bbox 830 4430 863 4488; x_wconf 89' lang='lat' dir='ltr'>et</span> <span class='ocrx_word' id='word_1_194' title='bbox 875 4445 917 4488; x_wconf 91' lang='lat' dir='ltr'>ne</span> <span class='ocrx_word' id='word_1_195' title='bbox 932 4443 1110 4504; x_wconf 87' lang='lat' dir='ltr'>pravorum</span> 
     </span>
     <span class='ocr_line' id='line_1_42' title="bbox 315 4526 1110 4602; baseline -0.004 -14"><span class='ocrx_word' id='word_1_196' title='bbox 315 4527 485 4588; x_wconf 91' lang='lat' dir='ltr'>hominum</span> <span class='ocrx_word' id='word_1_197' title='bbox 500 4526 660 4586; x_wconf 89' lang='lat' dir='ltr'>molestiis</span> <span class='ocrx_word' id='word_1_198' title='bbox 676 4527 854 4602; x_wconf 82' lang='lat' dir='ltr'>agitentur,</span> <span class='ocrx_word' id='word_1_199' title='bbox 871 4541 928 4585; x_wconf 91' lang='lat' dir='ltr'>eos</span> <span class='ocrx_word' id='word_1_200' title='bbox 942 4527 1110 4602; x_wconf 84' lang='lat' dir='ltr'>tamquam</span> 
     </span>
     <span class='ocr_line' id='line_1_43' title="bbox 316 4622 1111 4703; baseline -0.005 -17"><span class='ocrx_word' id='word_1_201' title='bbox 316 4627 370 4703; x_wconf 88' lang='lat' dir='ltr'>pia</span> <span class='ocrx_word' id='word_1_202' title='bbox 379 4627 486 4686; x_wconf 88' lang='lat' dir='ltr'>mater</span> <span class='ocrx_word' id='word_1_203' title='bbox 500 4642 567 4685; x_wconf 89' lang='lat' dir='ltr'>suae</span> <span class='ocrx_word' id='word_1_204' title='bbox 579 4624 794 4700; x_wconf 89' lang='lat' dir='ltr'>protectionis</span> <span class='ocrx_word' id='word_1_205' title='bbox 806 4623 987 4682; x_wconf 88' lang='lat' dir='ltr'>munimine</span> <span class='ocrx_word' id='word_1_206' title='bbox 997 4622 1111 4690; x_wconf 87' lang='lat' dir='ltr'>conlo-</span> 
     </span>
     <span class='ocr_line' id='line_1_44' title="bbox 315 4719 1111 4800; baseline -0.005 -15"><span class='ocrx_word' id='word_1_207' title='bbox 315 4741 403 4785; x_wconf 86' lang='lat' dir='ltr'>vere.</span> <span class='ocrx_word' id='word_1_208' title='bbox 423 4725 605 4800; x_wconf 79' lang='lat' dir='ltr'>ldnpropter</span> <span class='ocrx_word' id='word_1_209' title='bbox 619 4721 731 4782; x_wconf 86' lang='lat' dir='ltr'>dilecti</span> <span class='ocrx_word' id='word_1_210' title='bbox 750 4721 783 4780; x_wconf 93' lang='lat' dir='ltr'>in</span> <span class='ocrx_word' id='word_1_211' title='bbox 799 4721 939 4782; x_wconf 88' lang='lat' dir='ltr'>Domino</span> <span class='ocrx_word' id='word_1_212' title='bbox 954 4719 1016 4780; x_wconf 87' lang='lat' dir='ltr'>filii</span> <span class='ocrx_word' id='word_1_213' title='bbox 1030 4737 1111 4781; x_wconf 84' lang='lat' dir='ltr'>nes-</span> 
     </span>
     <span class='ocr_line' id='line_1_45' title="bbox 315 4817 1112 4898; baseline -0.008 -14"><span class='ocrx_word' id='word_1_214' title='bbox 315 4823 376 4884; x_wconf 90' lang='lat' dir='ltr'>tris</span> <span class='ocrx_word' id='word_1_215' title='bbox 386 4820 487 4898; x_wconf 90' lang='lat' dir='ltr'>justis</span> <span class='ocrx_word' id='word_1_216' title='bbox 504 4820 657 4897; x_wconf 86' lang='lat' dir='ltr'>precibus</span> <span class='ocrx_word' id='word_1_217' title='bbox 677 4817 840 4888; x_wconf 88' lang='lat' dir='ltr'>inclinati,</span> <span class='ocrx_word' id='word_1_218' title='bbox 858 4819 1026 4880; x_wconf 85' lang='lat' dir='ltr'>civitatem</span> <span class='ocrx_word' id='word_1_219' title='bbox 1040 4833 1112 4879; x_wconf 82' lang='lat' dir='ltr'>res·</span> 
     </span>
     <span class='ocr_line' id='line_1_46' title="bbox 314 4917 1111 4992; baseline -0.006 -11"><span class='ocrx_word' id='word_1_220' title='bbox 314 4917 1111 4992; x_wconf 86' lang='lat' dir='ltr'>tram,etpersonasconsistentesinea,subbeati</span> 
     </span>
     <span class='ocr_line' id='line_1_47' title="bbox 318 5014 1112 5092; baseline -0.006 -13"><span class='ocrx_word' id='word_1_221' title='bbox 318 5017 417 5084; x_wconf 86' lang='lat' dir='ltr'>Petri.</span> <span class='ocrx_word' id='word_1_222' title='bbox 432 5017 465 5077; x_wconf 88' lang='lat' dir='ltr'>et</span> <span class='ocrx_word' id='word_1_223' title='bbox 489 5017 601 5076; x_wconf 85' lang='lat' dir='ltr'>nostra</span> <span class='ocrx_word' id='word_1_224' title='bbox 617 5015 755 5091; x_wconf 85' lang='lat' dir='ltr'>speciali</span> <span class='ocrx_word' id='word_1_225' title='bbox 777 5015 983 5092; x_wconf 88' lang='lat' dir='ltr'>protectione</span> <span class='ocrx_word' id='word_1_226' title='bbox 1005 5014 1112 5075; x_wconf 88' lang='lat' dir='ltr'>susci-</span> 
     </span>
     <span class='ocr_line' id='line_1_48' title="bbox 317 5099 1112 5193; baseline -0.004 -18"><span class='ocrx_word' id='word_1_227' title='bbox 317 5117 435 5193; x_wconf 69' lang='lat' dir='ltr'>pimus</span> <span class='ocrx_word' id='word_1_228' title='bbox 452 5121 483 5175; x_wconf 91' lang='lat' dir='ltr'>et</span> <span class='ocrx_word' id='word_1_229' title='bbox 497 5111 673 5190; x_wconf 88' lang='lat' dir='ltr'>praesentis</span> <span class='ocrx_word' id='word_1_230' title='bbox 689 5113 804 5188; x_wconf 89' lang='lat' dir='ltr'>scripti</span> <span class='ocrx_word' id='word_1_231' title='bbox 820 5099 1004 5188; x_wconf 88' lang='lat' dir='ltr'>patrocinio</span> <span class='ocrx_word' id='word_1_232' title='bbox 1021 5129 1112 5173; x_wconf 87' lang='lat' dir='ltr'>com-</span> 
     </span>
     <span class='ocr_line' id='line_1_49' title="bbox 313 5209 1111 5284; baseline -0.006 -10"><span class='ocrx_word' id='word_1_233' title='bbox 313 5214 498 5284; x_wconf 87' lang='lat' dir='ltr'>munimus,</span> <span class='ocrx_word' id='word_1_234' title='bbox 531 5211 714 5272; x_wconf 90' lang='lat' dir='ltr'>districtius</span> <span class='ocrx_word' id='word_1_235' title='bbox 741 5209 940 5280; x_wconf 71' lang='lat' dir='ltr'>inhibentes</span> <span class='ocrx_word' id='word_1_236' title='bbox 967 5225 1008 5270; x_wconf 92' lang='lat' dir='ltr'>ne</span> <span class='ocrx_word' id='word_1_237' title='bbox 1038 5211 1111 5284; x_wconf 90' lang='lat' dir='ltr'>quis</span> 
     </span>
     <span class='ocr_line' id='line_1_50' title="bbox 310 5306 1111 5384; baseline -0.009 -10"><span class='ocrx_word' id='word_1_238' title='bbox 310 5320 385 5384; x_wconf 70' lang='lat' dir='ltr'>uos</span> <span class='ocrx_word' id='word_1_239' title='bbox 404 5313 436 5373; x_wconf 91' lang='lat' dir='ltr'>et</span> <span class='ocrx_word' id='word_1_240' title='bbox 450 5311 617 5371; x_wconf 87' lang='lat' dir='ltr'>civitatem</span> <span class='ocrx_word' id='word_1_241' title='bbox 639 5308 788 5368; x_wconf 88' lang='lat' dir='ltr'>eamdem</span> <span class='ocrx_word' id='word_1_242' title='bbox 811 5307 990 5384; x_wconf 88' lang='lat' dir='ltr'>praesumat</span> <span class='ocrx_word' id='word_1_243' title='bbox 1013 5306 1111 5367; x_wconf 87' lang='lat' dir='ltr'>inde-</span> 
     </span>
     <span class='ocr_line' id='line_1_51' title="bbox 315 5402 1111 5481; baseline -0.009 -10"><span class='ocrx_word' id='word_1_244' title='bbox 315 5412 382 5473; x_wconf 90' lang='lat' dir='ltr'>bite</span> <span class='ocrx_word' id='word_1_245' title='bbox 393 5408 580 5470; x_wconf 83' lang='lat' dir='ltr'>molestare.</span> <span class='ocrx_word' id='word_1_246' title='bbox 593 5406 684 5468; x_wconf 92' lang='lat' dir='ltr'>Nulli</span> <span class='ocrx_word' id='word_1_247' title='bbox 697 5421 776 5481; x_wconf 80' lang='lat' dir='ltr'>ergo</span> <span class='ocrx_word' id='word_1_248' title='bbox 790 5405 923 5466; x_wconf 90' lang='lat' dir='ltr'>omnino</span> <span class='ocrx_word' id='word_1_249' title='bbox 940 5402 1111 5464; x_wconf 91' lang='lat' dir='ltr'>hominum</span> 
     </span>
    </p>
   </div>
   <div class='ocr_carea' id='block_1_12' title="bbox 1860 297 1968 356">
    <p class='ocr_par' dir='ltr' id='par_1_14' title="bbox 1860 297 1968 356">
     <span class='ocr_line' id='line_1_52' title="bbox 1860 297 1968 356; baseline 0.009 -1"><span class='ocrx_word' id='word_1_250' title='bbox 1860 297 1968 356; x_wconf 66' lang='lat'>‘208</span> 
     </span>
    </p>
   </div>
   <div class='ocr_carea' id='block_1_13' title="bbox 1092 450 1967 536">
    <p class='ocr_par' dir='ltr' id='par_1_15' title="bbox 1092 450 1967 536">
     <span class='ocr_line' id='line_1_53' title="bbox 1092 450 1967 536; baseline 0.002 -24"><span class='ocrx_word' id='word_1_251' title='bbox 1092 523 1094 527; x_wconf 21' lang='lat'><strong><em>¹</em></strong></span> <span class='ocrx_word' id='word_1_252' title='bbox 1169 450 1349 512; x_wconf 81' lang='lat' dir='ltr'>contraire.</span> <span class='ocrx_word' id='word_1_253' title='bbox 1361 452 1395 512; x_wconf 87' lang='lat' dir='ltr'>Si</span> <span class='ocrx_word' id='word_1_254' title='bbox 1411 451 1485 528; x_wconf 89' lang='lat' dir='ltr'>quis</span> <span class='ocrx_word' id='word_1_255' title='bbox 1500 451 1611 512; x_wconf 87' lang='lat' dir='ltr'>autem</span> <span class='ocrx_word' id='word_1_256' title='bbox 1625 452 1694 536; x_wconf 69' lang='lat' dir='ltr'>hoc⁴</span> <span class='ocrx_word' id='word_1_257' title='bbox 1704 451 1870 534; x_wconf 85' lang='lat' dir='ltr'>attentare</span> <span class='ocrx_word' id='word_1_258' title='bbox 1885 469 1967 530; x_wconf 89' lang='lat' dir='ltr'>prae·</span> 
     </span>
    </p>
   </div>
   <div class='ocr_carea' id='block_1_14' title="bbox 1170 547 2029 1012">
    <p class='ocr_par' dir='ltr' id='par_1_16' title="bbox 1171 547 2029 824">
     <span class='ocr_line' id='line_1_54' title="bbox 1172 547 2029 633; baseline 0.006 -27"><span class='ocrx_word' id='word_1_259' title='bbox 1172 547 1634 623; x_wconf 78' lang='lat' dir='ltr'>sumpseritindignationem</span> <span class='ocrx_word' id='word_1_260' title='bbox 1650 549 1883 633; x_wconf 78' lang='lat' dir='ltr'>omnipotentis</span> <span class='ocrx_word' id='word_1_261' title='bbox 1894 550 1964 624; x_wconf 86' lang='lat' dir='ltr'>Dei,</span> <span class='ocrx_word' id='word_1_262' title='bbox 2026 548 2029 552; x_wconf 84' lang='grc'><strong>’</strong></span> 
     </span>
     <span class='ocr_line' id='line_1_55' title="bbox 1171 643 1966 724; baseline 0.006 -21"><span class='ocrx_word' id='word_1_263' title='bbox 1171 645 1203 704; x_wconf 88' lang='lat' dir='ltr'>at</span> <span class='ocrx_word' id='word_1_264' title='bbox 1231 643 1402 704; x_wconf 89' lang='lat' dir='ltr'>beatorum</span> <span class='ocrx_word' id='word_1_265' title='bbox 1427 645 1533 715; x_wconf 91' lang='lat' dir='ltr'>Petri,</span> <span class='ocrx_word' id='word_1_266' title='bbox 1562 647 1596 706; x_wconf 89' lang='lat' dir='ltr'>et</span> <span class='ocrx_word' id='word_1_267' title='bbox 1617 645 1712 706; x_wconf 87' lang='lat' dir='ltr'>Pauli</span> <span class='ocrx_word' id='word_1_268' title='bbox 1740 647 1966 724; x_wconf 86' lang='lat' dir='ltr'>apostolorum</span> 
     </span>
     <span class='ocr_line' id='line_1_56' title="bbox 1171 741 1688 824; baseline 0.008 -24"><span class='ocrx_word' id='word_1_269' title='bbox 1171 743 1254 817; x_wconf 71' lang='lat' dir='ltr'>ejus</span> <span class='ocrx_word' id='word_1_270' title='bbox 1269 757 1305 800; x_wconf 89' lang='lat' dir='ltr'>sa</span> <span class='ocrx_word' id='word_1_271' title='bbox 1321 741 1450 802; x_wconf 86' lang='lat' dir='ltr'>noverit</span> <span class='ocrx_word' id='word_1_272' title='bbox 1462 741 1688 824; x_wconf 80' lang='lat' dir='ltr'>incursurum.</span> 
     </span>
    </p>

    <p class='ocr_par' dir='ltr' id='par_1_17' title="bbox 1170 838 1966 1012">
     <span class='ocr_line' id='line_1_57' title="bbox 1210 838 1966 914; baseline 0.003 -16"><span class='ocrx_word' id='word_1_273' title='bbox 1210 838 1327 898; x_wconf 86' lang='lat' dir='ltr'>Datum</span> <span class='ocrx_word' id='word_1_274' title='bbox 1343 840 1455 902; x_wconf 85' lang='lat' dir='ltr'>Romae</span> <span class='ocrx_word' id='word_1_275' title='bbox 1470 838 1556 914; x_wconf 91' lang='lat' dir='ltr'>apud</span> <span class='ocrx_word' id='word_1_276' title='bbox 1574 840 1731 901; x_wconf 87' lang='lat' dir='ltr'>Sanctum</span> <span class='ocrx_word' id='word_1_277' title='bbox 1752 841 1886 908; x_wconf 87' lang='lat' dir='ltr'>Petrum</span> <span class='ocrx_word' id='word_1_278' title='bbox 1904 842 1966 902; x_wconf 83' lang='grc' dir='ltr'>ΧΠ</span> 
     </span>
     <span class='ocr_line' id='line_1_58' title="bbox 1170 933 1931 1012; baseline 0 -16"><span class='ocrx_word' id='word_1_279' title='bbox 1170 933 1237 996; x_wconf 84' lang='lat' dir='ltr'>hal.</span> <span class='ocrx_word' id='word_1_280' title='bbox 1255 935 1352 1006; x_wconf 90' lang='lat' dir='ltr'>maii,</span> <span class='ocrx_word' id='word_1_281' title='bbox 1368 934 1581 1012; x_wconf 83' lang='lat' dir='ltr'>pontificatus</span> <span class='ocrx_word' id='word_1_282' title='bbox 1596 936 1704 998; x_wconf 88' lang='lat' dir='ltr'>nostri</span> <span class='ocrx_word' id='word_1_283' title='bbox 1718 951 1806 997; x_wconf 80' lang='lat' dir='ltr'>anno</span> <span class='ocrx_word' id='word_1_284' title='bbox 1822 937 1931 999; x_wconf 90' lang='lat' dir='ltr'>tertio.</span> 
     </span>
    </p>
   </div>
   <div class='ocr_carea' id='block_1_15' title="bbox 1495 1095 1646 1214">
    <p class='ocr_par' dir='ltr' id='par_1_18' title="bbox 1495 1095 1646 1214">
     <span class='ocr_line' id='line_1_59' title="bbox 1495 1095 1646 1214; baseline 0 -33"><span class='ocrx_word' id='word_1_285' title='bbox 1495 1095 1646 1214; x_wconf 82' lang='grc'><strong>111111</strong></span> 
     </span>
    </p>
   </div>
   <div class='ocr_carea' id='block_1_16' title="bbox 1189 1227 1944 1303">
    <p class='ocr_par' dir='ltr' id='par_1_19' title="bbox 1189 1227 1944 1303">
     <span class='ocr_line' id='line_1_60' title="bbox 1189 1227 1944 1303; baseline 0.004 -18"><span class='ocrx_word' id='word_1_286' title='bbox 1189 1227 1240 1286; x_wconf 82' lang='lat' dir='ltr'>Ad</span> <span class='ocrx_word' id='word_1_287' title='bbox 1250 1227 1439 1300; x_wconf 79' lang='lat' dir='ltr'>potestates</span> <span class='ocrx_word' id='word_1_288' title='bbox 1453 1229 1486 1288; x_wconf 87' lang='lat' dir='ltr'>et</span> <span class='ocrx_word' id='word_1_289' title='bbox 1499 1234 1662 1303; x_wconf 76' lang='lat' dir='ltr'>populum</span> <span class='ocrx_word' id='word_1_290' title='bbox 1677 1232 1944 1292; x_wconf 75' lang='lat' dir='ltr'>Alemartdrtrtos.</span> 
     </span>
    </p>
   </div>
   <div class='ocr_carea' id='block_1_17' title="bbox 1232 1340 1832 1512">
    <p class='ocr_par' dir='ltr' id='par_1_20' title="bbox 1232 1340 1832 1512">
     <span class='ocr_line' id='line_1_61' title="bbox 1453 1340 1680 1412; baseline 0 -14"><span class='ocrx_word' id='word_1_291' title='bbox 1453 1340 1489 1398; x_wconf 74' lang='lat'>20</span> <span class='ocrx_word' id='word_1_292' title='bbox 1503 1340 1584 1412; x_wconf 91' lang='lat' dir='ltr'>april.</span> <span class='ocrx_word' id='word_1_293' title='bbox 1603 1342 1680 1398; x_wconf 74' lang='lat' dir='ltr'>luta.</span> 
     </span>
     <span class='ocr_line' id='line_1_62' title="bbox 1232 1442 1832 1512; baseline 0.008 -19"><span class='ocrx_word' id='word_1_294' title='bbox 1232 1487 1237 1506; x_wconf 86' lang='grc'>,</span> <span class='ocrx_word' id='word_1_295' title='bbox 1301 1442 1498 1505; x_wconf 68' lang='lat' dir='ltr'>[stitutum.</span> <span class='ocrx_word' id='word_1_296' title='bbox 1512 1445 1719 1506; x_wconf 82' lang='lat' dir='ltr'>dirllessandria,</span> <span class='ocrx_word' id='word_1_297' title='bbox 1733 1459 1758 1512; x_wconf 86' lang='lat' dir='ltr'>p.</span> <span class='ocrx_word' id='word_1_298' title='bbox 1778 1447 1832 1511; x_wconf 58' lang='grc' dir='ltr'>ἢ]</span> 
     </span>
    </p>
   </div>
   <div class='ocr_carea' id='block_1_18' title="bbox 1216 1539 1915 1617">
    <p class='ocr_par' dir='ltr' id='par_1_21' title="bbox 1216 1539 1915 1617">
     <span class='ocr_line' id='line_1_63' title="bbox 1216 1539 1915 1617; baseline 0.006 -21"><span class='ocrx_word' id='word_1_299' title='bbox 1216 1539 1295 1596; x_wconf 90' lang='lat' dir='ltr'>ldem</span> <span class='ocrx_word' id='word_1_300' title='bbox 1311 1549 1513 1612; x_wconf 84' lang='lat' dir='ltr'>argumentum</span> <span class='ocrx_word' id='word_1_301' title='bbox 1526 1557 1560 1600; x_wconf 88' lang='lat' dir='ltr'>sc</span> <span class='ocrx_word' id='word_1_302' title='bbox 1570 1543 1764 1601; x_wconf 87' lang='lat' dir='ltr'>antecedentis</span> <span class='ocrx_word' id='word_1_303' title='bbox 1778 1547 1915 1617; x_wconf 76' lang='lat' dir='ltr'>epistole.</span> 
     </span>
    </p>
   </div>
   <div class='ocr_carea' id='block_1_19' title="bbox 1166 1648 1965 4252">
    <p class='ocr_par' dir='ltr' id='par_1_22' title="bbox 1169 1648 1964 1918">
     <span class='ocr_line' id='line_1_64' title="bbox 1208 1648 1961 1724; baseline 0.009 -19"><span class='ocrx_word' id='word_1_304' title='bbox 1208 1649 1375 1707; x_wconf 89' lang='lat' dir='ltr'>Honorius</span> <span class='ocrx_word' id='word_1_305' title='bbox 1387 1648 1697 1724; x_wconf 77' lang='lat' dir='ltr'>episcopusservus</span> <span class='ocrx_word' id='word_1_306' title='bbox 1709 1666 1879 1711; x_wconf 86' lang='lat' dir='ltr'>serrorum</span> <span class='ocrx_word' id='word_1_307' title='bbox 1891 1653 1961 1723; x_wconf 85' lang='lat' dir='ltr'>bei,</span> 
     </span>
     <span class='ocr_line' id='line_1_65' title="bbox 1169 1741 1964 1823; baseline 0.008 -21"><span class='ocrx_word' id='word_1_308' title='bbox 1169 1741 1298 1803; x_wconf 89' lang='lat' dir='ltr'>dilectis</span> <span class='ocrx_word' id='word_1_309' title='bbox 1319 1744 1397 1804; x_wconf 89' lang='lat' dir='ltr'>liliis</span> <span class='ocrx_word' id='word_1_310' title='bbox 1415 1747 1570 1822; x_wconf 85' lang='lat' dir='ltr'>potestati</span> <span class='ocrx_word' id='word_1_311' title='bbox 1581 1749 1614 1806; x_wconf 91' lang='lat' dir='ltr'>et</span> <span class='ocrx_word' id='word_1_312' title='bbox 1629 1747 1750 1823; x_wconf 93' lang='lat' dir='ltr'>populo</span> <span class='ocrx_word' id='word_1_313' title='bbox 1764 1741 1964 1810; x_wconf 78' lang='lat' dir='ltr'>Alexandri-</span> 
     </span>
     <span class='ocr_line' id='line_1_66' title="bbox 1169 1840 1962 1918; baseline 0.008 -20"><span class='ocrx_word' id='word_1_314' title='bbox 1169 1840 1231 1910; x_wconf 92' lang='lat' dir='ltr'>nis,</span> <span class='ocrx_word' id='word_1_315' title='bbox 1254 1840 1395 1902; x_wconf 84' lang='lat' dir='ltr'>salulem</span> <span class='ocrx_word' id='word_1_316' title='bbox 1409 1845 1441 1902; x_wconf 90' lang='lat' dir='ltr'>et</span> <span class='ocrx_word' id='word_1_317' title='bbox 1455 1842 1672 1918; x_wconf 88' lang='lat' dir='ltr'>apostolicam</span> <span class='ocrx_word' id='word_1_318' title='bbox 1687 1843 1962 1906; x_wconf 88' lang='lat' dir='ltr'>benedictionem.</span> 
     </span>
    </p>

    <p class='ocr_par' dir='ltr' id='par_1_23' title="bbox 1166 1938 1965 4042">
     <span class='ocr_line' id='line_1_67' title="bbox 1208 1938 1963 2002; baseline 0.008 -6"><span class='ocrx_word' id='word_1_319' title='bbox 1208 1938 1423 1998; x_wconf 84' lang='lat' dir='ltr'>Deuotionem</span> <span class='ocrx_word' id='word_1_320' title='bbox 1438 1942 1582 2000; x_wconf 84' lang='lat' dir='ltr'>rostram</span> <span class='ocrx_word' id='word_1_321' title='bbox 1598 1941 1632 2000; x_wconf 91' lang='lat' dir='ltr'>in</span> <span class='ocrx_word' id='word_1_322' title='bbox 1646 1941 1785 2001; x_wconf 89' lang='lat' dir='ltr'>Domino</span> <span class='ocrx_word' id='word_1_323' title='bbox 1810 1941 1963 2002; x_wconf 86' lang='lat' dir='ltr'>laudibus</span> 
     </span>
     <span class='ocr_line' id='line_1_68' title="bbox 1168 2035 1962 2115; baseline 0.008 -22"><span class='ocrx_word' id='word_1_324' title='bbox 1168 2035 1447 2106; x_wconf 74' lang='lat' dir='ltr'>commendamus</span> <span class='ocrx_word' id='word_1_325' title='bbox 1461 2036 1545 2112; x_wconf 91' lang='lat' dir='ltr'>quod</span> <span class='ocrx_word' id='word_1_326' title='bbox 1565 2053 1625 2100; x_wconf 79' lang='lat' dir='ltr'>ros</span> <span class='ocrx_word' id='word_1_327' title='bbox 1643 2053 1805 2098; x_wconf 86' lang='lat' dir='ltr'>memores</span> <span class='ocrx_word' id='word_1_328' title='bbox 1819 2039 1962 2115; x_wconf 89' lang='lat' dir='ltr'>qualiter</span> 
     </span>
     <span class='ocr_line' id='line_1_69' title="bbox 1168 2132 1960 2207; baseline 0.008 -17"><span class='ocrx_word' id='word_1_329' title='bbox 1168 2145 1228 2206; x_wconf 91' lang='lat' dir='ltr'>pro</span> <span class='ocrx_word' id='word_1_330' title='bbox 1255 2132 1454 2207; x_wconf 71' lang='lat' dir='ltr'>apostolieae</span> <span class='ocrx_word' id='word_1_331' title='bbox 1479 2133 1573 2195; x_wconf 86' lang='lat' dir='ltr'>Sedis</span> <span class='ocrx_word' id='word_1_332' title='bbox 1607 2134 1733 2196; x_wconf 89' lang='lat' dir='ltr'>honora</span> <span class='ocrx_word' id='word_1_333' title='bbox 1755 2133 1818 2197; x_wconf 90' lang='lat' dir='ltr'>luit</span> <span class='ocrx_word' id='word_1_334' title='bbox 1840 2136 1960 2198; x_wconf 86' lang='lat' dir='ltr'>civitas</span> 
     </span>
     <span class='ocr_line' id='line_1_70' title="bbox 1168 2229 1959 2303; baseline 0.011 -16"><span class='ocrx_word' id='word_1_335' title='bbox 1168 2229 1277 2290; x_wconf 88' lang='lat' dir='ltr'>vestra</span> <span class='ocrx_word' id='word_1_336' title='bbox 1300 2232 1500 2303; x_wconf 89' lang='lat' dir='ltr'>constructa,</span> <span class='ocrx_word' id='word_1_337' title='bbox 1522 2232 1609 2291; x_wconf 91' lang='lat' dir='ltr'>unde</span> <span class='ocrx_word' id='word_1_338' title='bbox 1631 2246 1649 2292; x_wconf 90' lang='lat' dir='ltr'>a</span> <span class='ocrx_word' id='word_1_339' title='bbox 1674 2232 1783 2293; x_wconf 83' lang='lat' dir='ltr'>felicis</span> <span class='ocrx_word' id='word_1_340' title='bbox 1797 2233 1959 2295; x_wconf 84' lang='lat' dir='ltr'>recorda-</span> 
     </span>
     <span class='ocr_line' id='line_1_71' title="bbox 1166 2325 1957 2406; baseline 0.008 -20"><span class='ocrx_word' id='word_1_341' title='bbox 1166 2325 1269 2386; x_wconf 88' lang='lat' dir='ltr'>tionis</span> <span class='ocrx_word' id='word_1_342' title='bbox 1282 2325 1470 2388; x_wconf 81' lang='lat' dir='ltr'>Alexandro</span> <span class='ocrx_word' id='word_1_343' title='bbox 1482 2344 1565 2404; x_wconf 89' lang='lat' dir='ltr'>papa</span> <span class='ocrx_word' id='word_1_344' title='bbox 1577 2329 1820 2406; x_wconf 73' lang='lat' dir='ltr'>predecessore</span> <span class='ocrx_word' id='word_1_345' title='bbox 1833 2332 1957 2402; x_wconf 91' lang='lat' dir='ltr'>nostro,</span> 
     </span>
     <span class='ocr_line' id='line_1_72' title="bbox 1167 2423 1962 2499; baseline 0.009 -17"><span class='ocrx_word' id='word_1_346' title='bbox 1167 2423 1263 2499; x_wconf 89' lang='lat' dir='ltr'>cujus</span> <span class='ocrx_word' id='word_1_347' title='bbox 1277 2425 1425 2498; x_wconf 89' lang='lat' dir='ltr'>tempore</span> <span class='ocrx_word' id='word_1_348' title='bbox 1438 2424 1525 2486; x_wconf 86' lang='lat' dir='ltr'>facta</span> <span class='ocrx_word' id='word_1_349' title='bbox 1537 2427 1588 2488; x_wconf 89' lang='lat' dir='ltr'>est</span> <span class='ocrx_word' id='word_1_350' title='bbox 1606 2427 1820 2498; x_wconf 83' lang='lat' dir='ltr'>Alexandria,</span> <span class='ocrx_word' id='word_1_351' title='bbox 1840 2443 1962 2489; x_wconf 86' lang='lat' dir='ltr'>nomen</span> 
     </span>
     <span class='ocr_line' id='line_1_73' title="bbox 1167 2521 1965 2600; baseline 0.006 -21"><span class='ocrx_word' id='word_1_352' title='bbox 1167 2521 1356 2596; x_wconf 87' lang='lat' dir='ltr'>assumpsit,</span> <span class='ocrx_word' id='word_1_353' title='bbox 1368 2523 1401 2582; x_wconf 89' lang='lat' dir='ltr'>et</span> <span class='ocrx_word' id='word_1_354' title='bbox 1413 2522 1519 2582; x_wconf 91' lang='lat' dir='ltr'>eidem</span> <span class='ocrx_word' id='word_1_355' title='bbox 1531 2523 1602 2583; x_wconf 88' lang='lat' dir='ltr'>sedi</span> <span class='ocrx_word' id='word_1_356' title='bbox 1615 2524 1821 2600; x_wconf 88' lang='lat' dir='ltr'>postmodum</span> <span class='ocrx_word' id='word_1_357' title='bbox 1835 2539 1872 2585; x_wconf 89' lang='lat' dir='ltr'>se</span> <span class='ocrx_word' id='word_1_358' title='bbox 1885 2541 1965 2586; x_wconf 85' lang='lat' dir='ltr'>con·</span> 
     </span>
     <span class='ocr_line' id='line_1_74' title="bbox 1168 2617 1961 2696; baseline 0.008 -20"><span class='ocrx_word' id='word_1_359' title='bbox 1168 2617 1275 2678; x_wconf 91' lang='lat' dir='ltr'>stituit</span> <span class='ocrx_word' id='word_1_360' title='bbox 1296 2620 1497 2691; x_wconf 89' lang='lat' dir='ltr'>censualem,</span> <span class='ocrx_word' id='word_1_361' title='bbox 1524 2621 1791 2696; x_wconf 85' lang='lat' dir='ltr'>recognoscendo</span> <span class='ocrx_word' id='word_1_362' title='bbox 1811 2623 1961 2684; x_wconf 89' lang='lat' dir='ltr'>eamdem</span> 
     </span>
     <span class='ocr_line' id='line_1_75' title="bbox 1167 2715 1963 2792; baseline 0.006 -19"><span class='ocrx_word' id='word_1_363' title='bbox 1167 2715 1343 2790; x_wconf 88' lang='lat' dir='ltr'>specialem</span> <span class='ocrx_word' id='word_1_364' title='bbox 1375 2717 1531 2778; x_wconf 82' lang='lat' dir='ltr'>Ecclesiae</span> <span class='ocrx_word' id='word_1_365' title='bbox 1551 2720 1709 2779; x_wconf 88' lang='lat' dir='ltr'>Romanae</span> <span class='ocrx_word' id='word_1_366' title='bbox 1738 2718 1852 2792; x_wconf 87' lang='lat' dir='ltr'>liliam,</span> <span class='ocrx_word' id='word_1_367' title='bbox 1875 2735 1963 2780; x_wconf 87' lang='lat' dir='ltr'>nunc</span> 
     </span>
     <span class='ocr_line' id='line_1_76' title="bbox 1168 2811 1961 2890; baseline 0.01 -20"><span class='ocrx_word' id='word_1_368' title='bbox 1168 2811 1335 2876; x_wconf 77' lang='lat' dir='ltr'>fidelitatis</span> <span class='ocrx_word' id='word_1_369' title='bbox 1356 2816 1583 2890; x_wconf 86' lang='lat' dir='ltr'>juramentum</span> <span class='ocrx_word' id='word_1_370' title='bbox 1599 2815 1705 2883; x_wconf 87' lang='lat' dir='ltr'>nobis,</span> <span class='ocrx_word' id='word_1_371' title='bbox 1722 2817 1754 2876; x_wconf 89' lang='lat' dir='ltr'>et</span> <span class='ocrx_word' id='word_1_372' title='bbox 1778 2817 1885 2878; x_wconf 90' lang='lat' dir='ltr'>eidem</span> <span class='ocrx_word' id='word_1_373' title='bbox 1904 2833 1961 2878; x_wconf 88' lang='lat' dir='ltr'>ec-</span> 
     </span>
     <span class='ocr_line' id='line_1_77' title="bbox 1167 2910 1960 2990; baseline 0.005 -20"><span class='ocrx_word' id='word_1_374' title='bbox 1167 2910 1278 2970; x_wconf 86' lang='lat' dir='ltr'>clesiae</span> <span class='ocrx_word' id='word_1_375' title='bbox 1287 2911 1505 2987; x_wconf 83' lang='lat' dir='ltr'>praestitislis;</span> <span class='ocrx_word' id='word_1_376' title='bbox 1521 2913 1656 2990; x_wconf 87' lang='lat' dir='ltr'>propter</span> <span class='ocrx_word' id='word_1_377' title='bbox 1665 2914 1749 2990; x_wconf 90' lang='lat' dir='ltr'>quod</span> <span class='ocrx_word' id='word_1_378' title='bbox 1758 2914 1911 2990; x_wconf 80' lang='lat' dir='ltr'>eomagis</span> <span class='ocrx_word' id='word_1_379' title='bbox 1920 2914 1960 2975; x_wconf 91' lang='lat' dir='ltr'>ad</span> 
     </span>
     <span class='ocr_line' id='line_1_78' title="bbox 1166 3007 1962 3080; baseline 0.006 -13"><span class='ocrx_word' id='word_1_380' title='bbox 1166 3007 1337 3080; x_wconf 90' lang='lat' dir='ltr'>honorem,</span> <span class='ocrx_word' id='word_1_381' title='bbox 1351 3010 1385 3072; x_wconf 90' lang='lat' dir='ltr'>et</span> <span class='ocrx_word' id='word_1_382' title='bbox 1399 3009 1606 3072; x_wconf 90' lang='lat' dir='ltr'>commodum</span> <span class='ocrx_word' id='word_1_383' title='bbox 1628 3013 1775 3072; x_wconf 86' lang='lat' dir='ltr'>vestrum</span> <span class='ocrx_word' id='word_1_384' title='bbox 1789 3013 1823 3074; x_wconf 90' lang='lat' dir='ltr'>et</span> <span class='ocrx_word' id='word_1_385' title='bbox 1841 3012 1962 3074; x_wconf 84' lang='lat' dir='ltr'>civita-</span> 
     </span>
     <span class='ocr_line' id='line_1_79' title="bbox 1166 3105 1962 3187; baseline 0.005 -21"><span class='ocrx_word' id='word_1_386' title='bbox 1166 3106 1208 3166; x_wconf 89' lang='lat' dir='ltr'>tis</span> <span class='ocrx_word' id='word_1_387' title='bbox 1221 3105 1369 3182; x_wconf 89' lang='lat' dir='ltr'>ejusdam</span> <span class='ocrx_word' id='word_1_388' title='bbox 1385 3107 1590 3169; x_wconf 86' lang='lat' dir='ltr'>intendimus</span> <span class='ocrx_word' id='word_1_389' title='bbox 1603 3108 1753 3170; x_wconf 86' lang='lat' dir='ltr'>volentes</span> <span class='ocrx_word' id='word_1_390' title='bbox 1766 3109 1874 3185; x_wconf 90' lang='lat' dir='ltr'>ipsam</span> <span class='ocrx_word' id='word_1_391' title='bbox 1890 3123 1962 3187; x_wconf 86' lang='lat' dir='ltr'>spe·</span> 
     </span>
     <span class='ocr_line' id='line_1_80' title="bbox 1166 3202 1963 3282; baseline 0.006 -20"><span class='ocrx_word' id='word_1_392' title='bbox 1166 3202 1244 3263; x_wconf 88' lang='lat' dir='ltr'>ciali</span> <span class='ocrx_word' id='word_1_393' title='bbox 1271 3206 1383 3264; x_wconf 89' lang='lat' dir='ltr'>nostra</span> <span class='ocrx_word' id='word_1_394' title='bbox 1399 3204 1605 3281; x_wconf 89' lang='lat' dir='ltr'>protectione</span> <span class='ocrx_word' id='word_1_395' title='bbox 1630 3205 1766 3276; x_wconf 89' lang='lat' dir='ltr'>muniri,</span> <span class='ocrx_word' id='word_1_396' title='bbox 1788 3205 1874 3282; x_wconf 92' lang='lat' dir='ltr'>qnod</span> <span class='ocrx_word' id='word_1_397' title='bbox 1890 3206 1963 3282; x_wconf 89' lang='lat' dir='ltr'>ple-</span> 
     </span>
     <span class='ocr_line' id='line_1_81' title="bbox 1166 3300 1961 3376; baseline 0.005 -17"><span class='ocrx_word' id='word_1_398' title='bbox 1166 3300 1242 3359; x_wconf 92' lang='lat' dir='ltr'>nius</span> <span class='ocrx_word' id='word_1_399' title='bbox 1259 3301 1301 3360; x_wconf 89' lang='lat' dir='ltr'>ad</span> <span class='ocrx_word' id='word_1_400' title='bbox 1315 3316 1387 3372; x_wconf 88' lang='lat' dir='ltr'>nos,</span> <span class='ocrx_word' id='word_1_401' title='bbox 1405 3301 1438 3361; x_wconf 89' lang='lat' dir='ltr'>et</span> <span class='ocrx_word' id='word_1_402' title='bbox 1451 3301 1644 3376; x_wconf 84' lang='lat' dir='ltr'>praedictam</span> <span class='ocrx_word' id='word_1_403' title='bbox 1657 3301 1833 3362; x_wconf 87' lang='lat' dir='ltr'>ecclesiam</span> <span class='ocrx_word' id='word_1_404' title='bbox 1848 3301 1961 3363; x_wconf 91' lang='lat' dir='ltr'>since-</span> 
     </span>
     <span class='ocr_line' id='line_1_82' title="bbox 1166 3397 1959 3469; baseline 0.001 -13"><span class='ocrx_word' id='word_1_405' title='bbox 1166 3397 1285 3469; x_wconf 90' lang='lat' dir='ltr'>ritatis,</span> <span class='ocrx_word' id='word_1_406' title='bbox 1308 3398 1340 3459; x_wconf 90' lang='lat' dir='ltr'>et</span> <span class='ocrx_word' id='word_1_407' title='bbox 1359 3397 1543 3458; x_wconf 81' lang='lat' dir='ltr'>devotionis</span> <span class='ocrx_word' id='word_1_408' title='bbox 1566 3397 1765 3458; x_wconf 88' lang='lat' dir='ltr'>exhibuistis</span> <span class='ocrx_word' id='word_1_409' title='bbox 1792 3397 1959 3460; x_wconf 81' lang='lat' dir='ltr'>affectum.</span> 
     </span>
     <span class='ocr_line' id='line_1_83' title="bbox 1167 3493 1962 3571; baseline 0.005 -19"><span class='ocrx_word' id='word_1_410' title='bbox 1167 3493 1328 3564; x_wconf 88' lang='lat' dir='ltr'>Quocirca</span> <span class='ocrx_word' id='word_1_411' title='bbox 1342 3494 1592 3555; x_wconf 85' lang='lat' dir='ltr'>universitatem</span> <span class='ocrx_word' id='word_1_412' title='bbox 1607 3496 1753 3556; x_wconf 85' lang='lat' dir='ltr'>vestram</span> <span class='ocrx_word' id='word_1_413' title='bbox 1778 3495 1962 3571; x_wconf 82' lang='lat' dir='ltr'>rogandam</span> 
     </span>
     <span class='ocr_line' id='line_1_84' title="bbox 1167 3589 1962 3670; baseline 0.004 -20"><span class='ocrx_word' id='word_1_414' title='bbox 1167 3589 1333 3663; x_wconf 74' lang='lat' dir='ltr'>duximus</span> <span class='ocrx_word' id='word_1_415' title='bbox 1368 3594 1401 3653; x_wconf 88' lang='lat' dir='ltr'>st</span> <span class='ocrx_word' id='word_1_416' title='bbox 1430 3591 1644 3662; x_wconf 89' lang='lat' dir='ltr'>hortandam,</span> <span class='ocrx_word' id='word_1_417' title='bbox 1680 3607 1740 3670; x_wconf 90' lang='lat' dir='ltr'>per</span> <span class='ocrx_word' id='word_1_418' title='bbox 1774 3592 1962 3668; x_wconf 80' lang='lat' dir='ltr'>hpostoltca</span> 
     </span>
     <span class='ocr_line' id='line_1_85' title="bbox 1168 3688 1959 3764; baseline 0.003 -16"><span class='ocrx_word' id='word_1_419' title='bbox 1168 3688 1291 3764; x_wconf 86' lang='lat' dir='ltr'>scripta</span> <span class='ocrx_word' id='word_1_420' title='bbox 1314 3689 1518 3759; x_wconf 87' lang='lat' dir='ltr'>mandantes,</span> <span class='ocrx_word' id='word_1_421' title='bbox 1536 3689 1699 3764; x_wconf 90' lang='lat' dir='ltr'>quatenus</span> <span class='ocrx_word' id='word_1_422' title='bbox 1717 3689 1751 3748; x_wconf 89' lang='lat' dir='ltr'>in</span> <span class='ocrx_word' id='word_1_423' title='bbox 1772 3688 1959 3762; x_wconf 88' lang='lat' dir='ltr'>devotione,</span> 
     </span>
     <span class='ocr_line' id='line_1_86' title="bbox 1167 3784 1960 3862; baseline 0.001 -18"><span class='ocrx_word' id='word_1_424' title='bbox 1167 3799 1206 3845; x_wconf 84' lang='lat' dir='ltr'>ac</span> <span class='ocrx_word' id='word_1_425' title='bbox 1221 3784 1379 3846; x_wconf 85' lang='lat' dir='ltr'>fidelitate</span> <span class='ocrx_word' id='word_1_426' title='bbox 1395 3785 1489 3846; x_wconf 84' lang='lat' dir='ltr'>Sedis</span> <span class='ocrx_word' id='word_1_427' title='bbox 1510 3786 1708 3862; x_wconf 64' lang='lat' dir='ltr'>spostolicae</span> <span class='ocrx_word' id='word_1_428' title='bbox 1734 3787 1960 3862; x_wconf 86' lang='lat' dir='ltr'>persistentes,</span> 
     </span>
     <span class='ocr_line' id='line_1_87' title="bbox 1169 3882 1962 3959; baseline 0.003 -18"><span class='ocrx_word' id='word_1_429' title='bbox 1169 3882 1250 3942; x_wconf 92' lang='lat' dir='ltr'>nulli</span> <span class='ocrx_word' id='word_1_430' title='bbox 1265 3882 1389 3959; x_wconf 88' lang='lat' dir='ltr'>absque</span> <span class='ocrx_word' id='word_1_431' title='bbox 1402 3883 1538 3959; x_wconf 86' lang='lat' dir='ltr'>speciali</span> <span class='ocrx_word' id='word_1_432' title='bbox 1554 3883 1711 3944; x_wconf 89' lang='lat' dir='ltr'>mandato</span> <span class='ocrx_word' id='word_1_433' title='bbox 1729 3885 1843 3944; x_wconf 90' lang='lat' dir='ltr'>nostro</span> <span class='ocrx_word' id='word_1_434' title='bbox 1859 3883 1962 3944; x_wconf 84' lang='lat' dir='ltr'>fideli-</span> 
     </span>
     <span class='ocr_line' id='line_1_88' title="bbox 1166 3979 1613 4042; baseline -0.002 -2"><span class='ocrx_word' id='word_1_435' title='bbox 1166 3981 1267 4042; x_wconf 87' lang='lat' dir='ltr'>tatem</span> <span class='ocrx_word' id='word_1_436' title='bbox 1280 3981 1322 4041; x_wconf 93' lang='lat' dir='ltr'>de</span> <span class='ocrx_word' id='word_1_437' title='bbox 1337 3982 1456 4041; x_wconf 86' lang='lat' dir='ltr'>caetero</span> <span class='ocrx_word' id='word_1_438' title='bbox 1471 3979 1613 4041; x_wconf 77' lang='lat' dir='ltr'>faciatis</span> 
     </span>
    </p>

    <p class='ocr_par' dir='ltr' id='par_1_24' title="bbox 1166 4077 1962 4252">
     <span class='ocr_line' id='line_1_89' title="bbox 1206 4077 1962 4155; baseline 0.003 -19"><span class='ocrx_word' id='word_1_439' title='bbox 1206 4079 1325 4139; x_wconf 85' lang='lat' dir='ltr'>batum</span> <span class='ocrx_word' id='word_1_440' title='bbox 1339 4081 1452 4139; x_wconf 89' lang='lat' dir='ltr'>Romae</span> <span class='ocrx_word' id='word_1_441' title='bbox 1466 4077 1551 4155; x_wconf 90' lang='lat' dir='ltr'>apud</span> <span class='ocrx_word' id='word_1_442' title='bbox 1577 4078 1733 4139; x_wconf 86' lang='lat' dir='ltr'>Sanctum</span> <span class='ocrx_word' id='word_1_443' title='bbox 1751 4079 1886 4140; x_wconf 86' lang='lat' dir='ltr'>Petrum</span> <span class='ocrx_word' id='word_1_444' title='bbox 1901 4079 1962 4138; x_wconf 86' lang='lat' dir='ltr'>x11</span> 
     </span>
     <span class='ocr_line' id='line_1_90' title="bbox 1166 4173 1962 4252; baseline -0.001 -16"><span class='ocrx_word' id='word_1_445' title='bbox 1166 4173 1327 4236; x_wconf 84' lang='lat' dir='ltr'>kalendas</span> <span class='ocrx_word' id='word_1_446' title='bbox 1362 4176 1460 4248; x_wconf 90' lang='lat' dir='ltr'>maii,</span> <span class='ocrx_word' id='word_1_447' title='bbox 1491 4175 1702 4252; x_wconf 84' lang='lat' dir='ltr'>ponh&#39;tteatus</span> <span class='ocrx_word' id='word_1_448' title='bbox 1736 4175 1842 4238; x_wconf 81' lang='lat' dir='ltr'>nostri</span> <span class='ocrx_word' id='word_1_449' title='bbox 1875 4191 1962 4236; x_wconf 84' lang='lat' dir='ltr'>anno</span> 
     </span>
    </p>
   </div>
   <div class='ocr_carea' id='block_1_20' title="bbox 1169 4273 1652 4448">
    <p class='ocr_par' dir='ltr' id='par_1_25' title="bbox 1169 4273 1652 4448">
     <span class='ocr_line' id='line_1_91' title="bbox 1169 4273 1276 4334; baseline -0.019 0"><span class='ocrx_word' id='word_1_450' title='bbox 1169 4273 1276 4334; x_wconf 80' lang='lat' dir='ltr'>toruo.</span> 
     </span>
     <span class='ocr_line' id='line_1_92' title="bbox 1480 4363 1652 4448; baseline -0.006 -1"><span class='ocrx_word' id='word_1_451' title='bbox 1480 4363 1652 4448; x_wconf 81' lang='lat' dir='ltr'>CXCVII</span> 
     </span>
    </p>
   </div>
   <div class='ocr_carea' id='block_1_21' title="bbox 1225 4497 1898 4570">
    <p class='ocr_par' dir='ltr' id='par_1_26' title="bbox 1225 4497 1898 4570">
     <span class='ocr_line' id='line_1_93' title="bbox 1225 4497 1898 4570; baseline -0.007 -15"><span class='ocrx_word' id='word_1_452' title='bbox 1225 4497 1277 4555; x_wconf 79' lang='lat' dir='ltr'>Act</span> <span class='ocrx_word' id='word_1_453' title='bbox 1297 4497 1506 4570; x_wconf 74' lang='lat' dir='ltr'>maptstmm</span> <span class='ocrx_word' id='word_1_454' title='bbox 1524 4497 1655 4556; x_wconf 71' lang='lat' dir='ltr'>Gratiae</span> <span class='ocrx_word' id='word_1_455' title='bbox 1675 4498 1898 4567; x_wconf 77' lang='lat' dir='ltr'>capadocum.</span> 
     </span>
    </p>
   </div>
   <div class='ocr_carea' id='block_1_22' title="bbox 1307 4607 1822 4776">
    <p class='ocr_par' dir='ltr' id='par_1_27' title="bbox 1307 4607 1822 4776">
     <span class='ocr_line' id='line_1_94' title="bbox 1446 4607 1682 4679; baseline -0.004 -16"><span class='ocrx_word' id='word_1_456' title='bbox 1446 4607 1480 4664; x_wconf 72' lang='lat'>22</span> <span class='ocrx_word' id='word_1_457' title='bbox 1501 4608 1581 4679; x_wconf 81' lang='lat' dir='ltr'>april.</span> <span class='ocrx_word' id='word_1_458' title='bbox 1604 4607 1682 4664; x_wconf 74' lang='lat' dir='ltr'>fflB.</span> 
     </span>
     <span class='ocr_line' id='line_1_95' title="bbox 1307 4709 1822 4776; baseline -0.006 -13"><span class='ocrx_word' id='word_1_459' title='bbox 1307 4712 1421 4776; x_wconf 67' lang='lat' dir='ltr'>[Savlolh</span> <span class='ocrx_word' id='word_1_460' title='bbox 1430 4712 1497 4760; x_wconf 78' lang='lat' dir='ltr'>Ann.</span> <span class='ocrx_word' id='word_1_461' title='bbox 1508 4711 1624 4774; x_wconf 67' lang='lat' dir='ltr'>Bologn„</span> <span class='ocrx_word' id='word_1_462' title='bbox 1634 4717 1653 4762; x_wconf 86' lang='lat' dir='ltr'>t.</span> <span class='ocrx_word' id='word_1_463' title='bbox 1665 4711 1697 4769; x_wconf 92' lang='lat' dir='ltr'>ll,</span> <span class='ocrx_word' id='word_1_464' title='bbox 1712 4711 1737 4768; x_wconf 78' lang='lat'>2,</span> <span class='ocrx_word' id='word_1_465' title='bbox 1753 4709 1822 4774; x_wconf 75' lang='lat' dir='ltr'>tus]</span> 
     </span>
    </p>
   </div>
   <div class='ocr_carea' id='block_1_23' title="bbox 1167 4816 1963 4978">
    <p class='ocr_par' dir='ltr' id='par_1_28' title="bbox 1167 4816 1963 4978">
     <span class='ocr_line' id='line_1_96' title="bbox 1167 4816 1963 4891; baseline 0 -16"><span class='ocrx_word' id='word_1_466' title='bbox 1167 4821 1302 4876; x_wconf 78' lang='lat' dir='ltr'>Ecclesiae</span> <span class='ocrx_word' id='word_1_467' title='bbox 1314 4819 1501 4876; x_wconf 86' lang='lat' dir='ltr'>Bononiensis</span> <span class='ocrx_word' id='word_1_468' title='bbox 1512 4816 1719 4874; x_wconf 89' lang='lat' dir='ltr'>administratio</span> <span class='ocrx_word' id='word_1_469' title='bbox 1734 4817 1816 4874; x_wconf 89' lang='lat' dir='ltr'>datur</span> <span class='ocrx_word' id='word_1_470' title='bbox 1825 4817 1963 4891; x_wconf 83' lang='lat' dir='ltr'>magistro</span> 
     </span>
     <span class='ocr_line' id='line_1_97' title="bbox 1326 4906 1803 4978; baseline -0.002 -15"><span class='ocrx_word' id='word_1_471' title='bbox 1326 4907 1429 4964; x_wconf 73' lang='lat' dir='ltr'>Gratis</span> <span class='ocrx_word' id='word_1_472' title='bbox 1448 4913 1476 4962; x_wconf 91' lang='lat' dir='ltr'>et</span> <span class='ocrx_word' id='word_1_473' title='bbox 1498 4906 1561 4978; x_wconf 82' lang='lat' dir='ltr'>ejus</span> <span class='ocrx_word' id='word_1_474' title='bbox 1579 4906 1803 4963; x_wconf 88' lang='lat' dir='ltr'>suecessoribus.</span> 
     </span>
    </p>
   </div>
   <div class='ocr_carea' id='block_1_24' title="bbox 1167 5015 1964 5481">
    <p class='ocr_par' dir='ltr' id='par_1_29' title="bbox 1167 5015 1964 5270">
     <span class='ocr_line' id='line_1_98' title="bbox 1207 5015 1962 5090; baseline -0.003 -14"><span class='ocrx_word' id='word_1_475' title='bbox 1207 5015 1374 5076; x_wconf 89' lang='lat' dir='ltr'>Honorius</span> <span class='ocrx_word' id='word_1_476' title='bbox 1389 5015 1562 5090; x_wconf 87' lang='lat' dir='ltr'>episcopus</span> <span class='ocrx_word' id='word_1_477' title='bbox 1579 5030 1695 5076; x_wconf 86' lang='lat' dir='ltr'>servus</span> <span class='ocrx_word' id='word_1_478' title='bbox 1711 5030 1883 5076; x_wconf 88' lang='lat' dir='ltr'>servorum</span> <span class='ocrx_word' id='word_1_479' title='bbox 1903 5017 1962 5076; x_wconf 89' lang='lat' dir='ltr'>Dei</span> 
     </span>
     <span class='ocr_line' id='line_1_99' title="bbox 1167 5111 1964 5189; baseline -0.001 -15"><span class='ocrx_word' id='word_1_480' title='bbox 1167 5114 1326 5189; x_wconf 82' lang='lat' dir='ltr'>magistro</span> <span class='ocrx_word' id='word_1_481' title='bbox 1339 5111 1461 5172; x_wconf 73' lang='lat' dir='ltr'>Gratias</span> <span class='ocrx_word' id='word_1_482' title='bbox 1477 5113 1651 5188; x_wconf 86' lang='lat' dir='ltr'>capellano</span> <span class='ocrx_word' id='word_1_483' title='bbox 1665 5115 1778 5174; x_wconf 91' lang='lat' dir='ltr'>nostro</span> <span class='ocrx_word' id='word_1_484' title='bbox 1794 5111 1964 5173; x_wconf 86' lang='lat' dir='ltr'>archidia-</span> 
     </span>
     <span class='ocr_line' id='line_1_100' title="bbox 1168 5210 1482 5270; baseline -0.006 0"><span class='ocrx_word' id='word_1_485' title='bbox 1168 5227 1251 5270; x_wconf 90' lang='lat' dir='ltr'>cono</span> <span class='ocrx_word' id='word_1_486' title='bbox 1267 5210 1482 5270; x_wconf 89' lang='lat' dir='ltr'>Bononiensi.</span> 
     </span>
    </p>

    <p class='ocr_par' dir='ltr' id='par_1_30' title="bbox 1167 5307 1964 5481">
     <span class='ocr_line' id='line_1_101' title="bbox 1207 5307 1964 5384; baseline 0.001 -17"><span class='ocrx_word' id='word_1_487' title='bbox 1207 5309 1346 5384; x_wconf 85' lang='lat' dir='ltr'>Nejura</span> <span class='ocrx_word' id='word_1_488' title='bbox 1362 5307 1582 5368; x_wconf 87' lang='lat' dir='ltr'>Bononiensis</span> <span class='ocrx_word' id='word_1_489' title='bbox 1598 5307 1749 5368; x_wconf 84' lang='lat' dir='ltr'>ecclesiae</span> <span class='ocrx_word' id='word_1_490' title='bbox 1770 5307 1964 5368; x_wconf 89' lang='lat' dir='ltr'>minuantur</span> 
     </span>
     <span class='ocr_line' id='line_1_102' title="bbox 1167 5403 1962 5481; baseline 0 -17"><span class='ocrx_word' id='word_1_491' title='bbox 1167 5405 1193 5464; x_wconf 90' lang='lat' dir='ltr'>si</span> <span class='ocrx_word' id='word_1_492' title='bbox 1212 5421 1277 5464; x_wconf 89' lang='lat' dir='ltr'>non</span> <span class='ocrx_word' id='word_1_493' title='bbox 1294 5405 1337 5464; x_wconf 90' lang='lat' dir='ltr'>sit</span> <span class='ocrx_word' id='word_1_494' title='bbox 1347 5405 1403 5481; x_wconf 92' lang='lat' dir='ltr'>qui</span> <span class='ocrx_word' id='word_1_495' title='bbox 1420 5405 1613 5480; x_wconf 87' lang='lat' dir='ltr'>specialiter</span> <span class='ocrx_word' id='word_1_496' title='bbox 1627 5403 1749 5465; x_wconf 85' lang='lat' dir='ltr'>habeat</span> <span class='ocrx_word' id='word_1_497' title='bbox 1763 5419 1877 5464; x_wconf 88' lang='lat' dir='ltr'>curam</span> <span class='ocrx_word' id='word_1_498' title='bbox 1891 5406 1962 5481; x_wconf 87' lang='lat' dir='ltr'>ejus</span> 
     </span>
    </p>
   </div>
   <div class='ocr_carea' id='block_1_25' title="bbox 317 5500 1963 5584">
    <p class='ocr_par' dir='ltr' id='par_1_31' title="bbox 317 5500 1963 5584">
     <span class='ocr_line' id='line_1_103' title="bbox 317 5500 1963 5584; baseline -0.005 -14"><span class='ocrx_word' id='word_1_499' title='bbox 317 5511 415 5570; x_wconf 89' lang='lat' dir='ltr'>liceat</span> <span class='ocrx_word' id='word_1_500' title='bbox 430 5508 517 5569; x_wconf 88' lang='lat' dir='ltr'>hanc</span> <span class='ocrx_word' id='word_1_501' title='bbox 532 5506 687 5584; x_wconf 85' lang='lat' dir='ltr'>paginam</span> <span class='ocrx_word' id='word_1_502' title='bbox 701 5507 823 5564; x_wconf 87' lang='lat' dir='ltr'>nostrae</span> <span class='ocrx_word' id='word_1_503' title='bbox 838 5500 1065 5579; x_wconf 89' lang='lat' dir='ltr'>protectionis,</span> <span class='ocrx_word' id='word_1_504' title='bbox 1080 5503 1114 5562; x_wconf 87' lang='lat' dir='ltr'>et</span> <span class='ocrx_word' id='word_1_505' title='bbox 1167 5503 1200 5561; x_wconf 91' lang='lat' dir='ltr'>in</span> <span class='ocrx_word' id='word_1_506' title='bbox 1231 5503 1376 5577; x_wconf 87' lang='lat' dir='ltr'>capitulo</span> <span class='ocrx_word' id='word_1_507' title='bbox 1411 5502 1559 5578; x_wconf 88' lang='lat' dir='ltr'>ejusdem</span> <span class='ocrx_word' id='word_1_508' title='bbox 1588 5500 1739 5562; x_wconf 89' lang='lat' dir='ltr'>ecclesiae</span> <span class='ocrx_word' id='word_1_509' title='bbox 1769 5501 1899 5576; x_wconf 87' lang='lat' dir='ltr'>plenam</span> <span class='ocrx_word' id='word_1_510' title='bbox 1931 5503 1963 5562; x_wconf 90' lang='lat' dir='ltr'>et</span> 
     </span>
    </p>
   </div>
   <div class='ocr_carea' id='block_1_26' title="bbox 316 5599 1112 5679">
    <p class='ocr_par' dir='ltr' id='par_1_32' title="bbox 316 5599 1112 5679">
     <span class='ocr_line' id='line_1_104' title="bbox 316 5599 1112 5679; baseline -0.011 -12"><span class='ocrx_word' id='word_1_511' title='bbox 316 5606 525 5668; x_wconf 90' lang='lat' dir='ltr'>inhibitionis</span> <span class='ocrx_word' id='word_1_512' title='bbox 536 5603 729 5679; x_wconf 82' lang='lat' dir='ltr'>intringere,</span> <span class='ocrx_word' id='word_1_513' title='bbox 739 5600 791 5662; x_wconf 90' lang='lat' dir='ltr'>vel</span> <span class='ocrx_word' id='word_1_514' title='bbox 800 5601 829 5660; x_wconf 92' lang='lat' dir='ltr'>ei</span> <span class='ocrx_word' id='word_1_515' title='bbox 840 5615 921 5658; x_wconf 86' lang='lat' dir='ltr'>ausu</span> <span class='ocrx_word' id='word_1_516' title='bbox 933 5599 1112 5659; x_wconf 86' lang='lat' dir='ltr'>temerario</span> 
     </span>
    </p>
   </div>
   <div class='ocr_carea' id='block_1_27' title="bbox 1168 5597 1963 5673">
    <p class='ocr_par' dir='ltr' id='par_1_33' title="bbox 1168 5597 1963 5673">
     <span class='ocr_line' id='line_1_105' title="bbox 1168 5597 1963 5673; baseline 0.001 -15"><span class='ocrx_word' id='word_1_517' title='bbox 1168 5599 1306 5660; x_wconf 91' lang='lat' dir='ltr'>liberam</span> <span class='ocrx_word' id='word_1_518' title='bbox 1332 5599 1652 5660; x_wconf 87' lang='lat' dir='ltr'>administrationem</span> <span class='ocrx_word' id='word_1_519' title='bbox 1683 5597 1905 5673; x_wconf 86' lang='lat' dir='ltr'>spiritualium</span> <span class='ocrx_word' id='word_1_520' title='bbox 1932 5601 1963 5659; x_wconf 89' lang='lat' dir='ltr'>et</span> 
     </span>
    </p>
   </div>
   <div class='ocr_carea' id='block_1_28' title="bbox 0 0 2144 6404">
    <p class='ocr_par' dir='ltr' id='par_1_34' title="bbox 0 0 2144 6404">
     <span class='ocr_line' id='line_1_106' title="bbox 0 0 2144 6404; baseline 0 2"><span class='ocrx_word' id='word_1_521' title='bbox 0 0 2144 6404; x_wconf 95' lang='lat' dir='ltr'> </span> 
     </span>
    </p>
   </div>
  </div>
 </body>
</html>
