4250 6404
313 329 370 388 123
585 319 592 330 ’
934 323 1108 384 HONORII
1132 323 1176 382 ΙΙΙ
1197 325 1345 384 OPERA.
1905 323 1962 380 lar

353 493 457 551 Porro
467 487 496 548 si
511 485 659 565 episcopi
673 486 724 547 vel
736 485 795 547 alii
805 483 1022 547 ecclesiarum
1034 500 1109 545 rec·
1164 484 1541 560 sacratissimocorpore
1555 483 1588 544 et
1603 481 1766 558 sanguine
1781 481 1840 544 Dei
1857 483 1890 544 et
1903 486 1965 544 Do-

311 589 400 648 toras
415 585 449 646 in
462 585 699 645 monasterium
714 582 862 644 vestrum
878 579 933 642 vel
948 595 1109 657 personas
1164 581 1245 642 mini
1260 580 1491 658 Redemptoris
1505 580 1609 642 nostri
1621 582 1701 641 ,lesu
1714 579 1837 645 Christi
1853 581 1965 642 aliena

313 683 395 743 inibi
410 681 606 744 constitutas
619 679 858 757 suspensionis,
872 681 905 738 et
915 693 1110 738 excommu-
1165 679 1234 750 ilat,
1249 681 1347 756 atque
1358 679 1393 739 in
1408 681 1558 740 extremo
1574 678 1727 739 examine
1738 676 1896 740 districtae
1911 679 1967 739 ul·
2020 713 2030 722 -

313 779 491 842 nicationis
505 778 558 839 vel
572 777 740 838 interdicti
754 775 951 837 sententiam
963 774 1111 851 promul·
1164 777 1248 837 ticni
1273 775 1454 852 subjaceat.
1467 815 1469 820 ·
1482 775 1615 836 Cunctis
1643 776 1753 837 autem
1768 775 1875 836 eidem
1891 777 1964 838 loco

314 877 475 954 gaverint,
500 876 571 937 sive
594 875 695 936 etiam
716 875 751 934 in
776 872 1000 934 mercenarios
1028 888 1109 933 ves·
1167 891 1227 935 sua
1238 877 1316 950 jura
1333 873 1543 936 servantibus
1568 873 1612 934 sit
1630 889 1697 949 pax
1723 874 1854 940 Domini
1884 890 1966 936 nos-

313 979 384 1038 tros
397 990 456 1052 pro
471 989 510 1036 eo
530 973 615 1050 qnod
629 973 785 1044 decimas,
803 971 888 1032 sicut
903 970 1025 1032 dictum
1047 969 1109 1040 est,
1166 973 1210 1033 tri
1238 975 1317 1034 Jesu
1346 971 1478 1041 Christi,
1499 971 1661 1046 quatenus
1683 970 1716 1031 et
1739 970 1794 1031 hic
1819 969 1963 1032 fructum

315 1089 380 1135 non
391 1073 592 1150 persolvitis,
604 1071 676 1132 sive
689 1071 801 1148 aliqua
813 1070 988 1130 occasione
997 1083 1112 1129 eorum
1167 1069 1308 1131 actionis
1324 1069 1517 1146 percipiant,
1530 1069 1563 1130 et
1577 1067 1663 1144 apud
1679 1068 1864 1130 districtum
1873 1069 1967 1146 judi-

316 1188 389 1248 quae
401 1170 443 1232 ab
452 1170 642 1248 apostolica
657 1168 862 1244 benignitate
875 1166 969 1228 vobis
985 1165 1112 1228 indulta
1168 1183 1238 1228 cern
1249 1167 1385 1243 praemia
1397 1171 1530 1228 aeternce
1541 1167 1633 1242 pacis
1648 1166 1831 1228 inveniant.
1848 1171 1964 1228 Amen.

316 1269 402 1342 sunt,
418 1285 478 1330 seu
493 1267 721 1328 benefactores
737 1268 867 1328 vestros
884 1281 943 1342 pro
960 1280 1010 1335 eo,
1027 1263 1113 1341 quod
1168 1261 1970 1342 Amenilmen.(Sequuntursuscriptionescar-

315 1367 428 1445 aliqua
443 1365 537 1428 vobis
549 1365 710 1427 beneficia
724 1363 778 1426 vel
795 1363 953 1440 obsequia
969 1379 1012 1424 en
1024 1362 1115 1423 cari·
1169 1360 1362 1439 alcmana.)

316 1467 384 1527 tate
397 1462 624 1541 praestiterint,
639 1463 693 1524 vel
708 1461 749 1524 ad
775 1460 994 1522 laborandum
1019 1460 1116 1536 adiu·
1210 1461 1328 1521 Datum
1366 1457 1535 1530 Laterani,
1564 1473 1623 1535 per
1663 1473 1795 1519 manum
1830 1460 1968 1520 Ranerii

317 1563 429 1626 verint
447 1562 482 1623 in
501 1561 570 1622 illis
597 1561 713 1622 diebus
740 1575 801 1621 vos
817 1558 978 1620 laboratis
1000 1558 1034 1620 et
1056 1556 1115 1617 alii
1170 1560 1329 1619 Romanae
1350 1555 1507 1617 Ecclesiae
1529 1555 1808 1628 vicecancellarii,
1824 1556 1900 1617 idus
1913 1555 1969 1616 fe-

318 1660 492 1731 feriantur,
510 1659 658 1721 eamdem
682 1656 881 1719 sententiam
903 1655 1112 1733 protulerint,
1170 1654 1297 1716 bruarii
1316 1653 1498 1715 indictione
1513 1655 1567 1725 VI,
1590 1653 1834 1715 incarnationis
1850 1654 1967 1714 Domi-

318 1758 425 1833 ipsam
452 1757 610 1832 tanquam
644 1757 759 1815 contra
792 1753 886 1814 Sedis
917 1750 1116 1829 apostolicae
1171 1753 1255 1814 nicae
1285 1768 1375 1812 anno
1411 1753 1614 1818 MCCXVMI,
1644 1751 1855 1828 pontificatus
1888 1767 1969 1812 vero

318 1854 447 1915 indulta
469 1852 597 1929 prolata
622 1847 778 1914 duximus
816 1849 1024 1920 irritandam,
1055 1864 1116 1909 nec
1172 1849 1446 1912 dominiHonorii
1463 1853 1526 1910 ΡΡ.
1545 1851 1590 1910 ΙΙΙ
1604 1865 1692 1910 anno
1709 1850 1818 1911 tertio.

319 1951 438 2013 litterae
452 1950 529 2011 ullae
544 1949 736 2011 firmitatem
749 1947 905 2018 habeant,
919 1963 1001 2024 quos
1015 1945 1117 2008 tacito

315 2050 456 2111 uomina
464 2048 695 2110 cirterciensis
710 2046 836 2107 ordinis
848 2045 881 2108 et
894 2045 1010 2105 contra
1019 2047 1119 2105 teno—
1500 2009 1641 2095 CXXII

320 2163 391 2208 rern
402 2143 659 2222 apostolicorum
672 2143 923 2220 privilegiorum
932 2141 1120 2203 constiterit
1216 2138 1265 2198 Ad
1277 2133 1503 2209 prepositum
1519 2135 1552 2196 ct
1566 2134 1753 2206 capitutum
1768 2135 1802 2194 S.
1819 2135 1926 2196 Solvit

319 2242 503 2319 impetrari.
527 2241 694 2302 Praeterea
721 2255 795 2300 curn
816 2253 988 2300 commune
1011 2237 1118 2298 inter·
1507 2235 1636 2294 Albicu.

320 2340 444 2400 dictum
455 2340 555 2400 terrae
566 2337 677 2404 luerit,
688 2335 890 2400 liceatvcbis
901 2334 1119 2396 nihilominus
1469 2343 1502 2400 lt
1513 2341 1582 2400 lebr.
1597 2342 1675 2400 Mle.

321 2437 356 2498 in
378 2438 488 2498 vestro
504 2435 716 2505 monasterie,
732 2434 877 2495 exclusis
891 2431 1121 2495 excommuni·
1217 2439 1338 2504 suaper..
1350 2439 1396 2489 ub.
1407 2439 1450 2496 111,
1468 2453 1510 2503 cp.
1522 2439 1640 2490 mous.
1657 2441 1694 2490 La
1705 2440 1780 2490 rorte
1791 2438 1930 2504 durnah]

322 2535 406 2596 catis
422 2536 455 2597 et
470 2533 666 2602 interdictis,
682 2533 795 2594 divina
811 2531 920 2592 officia
936 2529 1117 2592 celebrare.
1175 2541 1281 2596 norum
1293 2539 1491 2610 possessiones
1506 2537 1559 2596 sup
1573 2539 1649 2597 beati
1665 2539 1739 2596 pepi
1753 2545 1782 2596 eq
1792 2553 1843 2596 gua
1859 2545 1969 2611 propo.

323 2631 404 2692 Paci
416 2645 546 2706 quoque
558 2626 792 2705 tranquillitati
801 2629 921 2687 vestrm
935 2626 1073 2702 paterna
1084 2625 1119 2685 in
1463 2625 1541 2684 tione
1553 2627 1681 2699 suscipit.

322 2730 491 2806 posterum
514 2725 739 2787 sollicitudine
760 2724 935 2800 providere
958 2723 1118 2792 volentes,
1214 2725 1392 2798 Honorius,
1409 2727 1486 2797 etc,
1503 2725 1633 2788 dilectis
1651 2726 1771 2786 liliis...
1792 2726 1972 2804 praeposito

323 2823 520 2887 auctoritate
539 2823 728 2900 apostolica
743 2820 956 2899 prohibemus
972 2822 1008 2883 ut
1032 2820 1120 2880 inira
1175 2824 1208 2885 et
1219 2822 1364 2900 capitulo
1380 2823 1530 2885 ecclesiae
1545 2824 1651 2886 sancti
1664 2823 1767 2884 Salvii
1781 2823 1911 2887 albion.

298 2990 303 3003 Ι
323 2924 499 2984 clausuras
524 2920 671 2982 locorum
686 2935 745 2980 seu
760 2920 975 2995 grangiarum
990 2918 1122 2979 vestra·
1216 2923 1296 2982 Cum
1309 2937 1328 2982 a
1341 2921 1437 2982 nobis
1448 2921 1581 2998 petitur,
1598 2921 1674 2990 etc,
1686 2936 1794 2995 usque
1804 2921 1972 2982 effectum.

322 3035 396 3082 rum
430 3019 542 3079 nullus
575 3019 728 3093 rapinam
757 3031 815 3077 seu
846 3015 969 3076 furtum
998 3014 1119 3087 iacere,
1176 3019 1368 3096 Eapropter,
1396 3020 1472 3091 etc,
1494 3033 1601 3092 arsque
1634 3034 1784 3091 assensu,
1812 3033 1972 3095 personas

323 3118 435 3193 ignem
461 3130 644 3192 apponere,
668 3114 865 3190 sanguinem
888 3113 1038 3178 sundere,
1060 3112 1122 3174 ho-
1176 3117 1304 3178 vestras
1319 3117 1352 3177 et
1366 3116 1474 3177 locum
1489 3116 1523 3176 in
1541 3132 1605 3192 quo
1620 3116 1801 3192 mancipati
1811 3132 1886 3177 oum
1901 3132 1975 3176 om·-

324 3215 430 3275 miues
441 3215 566 3275 temere
579 3228 698 3290 capere
709 3211 761 3272 vel
775 3209 964 3272 interficere
979 3226 1037 3272 seu
1049 3210 1123 3272 vio—
1177 3215 1275 3300 nibus
1295 3213 1402 3281 bonis,
1417 3229 1491 3290 quas
1505 3213 1804 3290 inpresentiarum
1819 3215 1973 3275 rationa-

323 3313 460 3374 lentiam
487 3310 608 3371 audeat
632 3324 801 3370 exercere.
821 3310 988 3370 Praeterea
1008 3323 1122 3368 omnes
1177 3311 1289 3374 biliter
1297 3311 1482 3387 possidetis,
1495 3312 1595 3372 autin
1604 3310 1750 3372 futurum
1755 3311 1856 3388 justis
1867 3311 1974 3372 modis

270 3481 277 3498 .
324 3409 496 3472 libertates
508 3411 541 3470 et
555 3405 1122 3482 immunitatesapraedecessoribus
1179 3407 1358 3484 praestante
1384 3407 1523 3468 Domino
1553 3407 1703 3482 poteritis
1731 3406 1882 3482 adipisci,
1911 3405 1972 3466 sub

270 3581 274 3590 Ι
325 3507 448 3569 nostris
473 3506 631 3567 Romanis
647 3503 862 3565 Pontificibus
884 3503 993 3564 ordini
1012 3505 1122 3564 vestro
1177 3504 1266 3565 beati
1276 3504 1366 3565 Petri
1377 3504 1410 3565 et
1422 3505 1534 3564 nostra
1543 3503 1748 3578 protectione
1757 3503 1973 3580 suscipimus;

326 3619 514 3674 concessas,
532 3617 593 3664 uec
612 3617 679 3662 non
703 3603 735 3663 et
753 3600 922 3663 libertates
941 3603 973 3662 et
993 3616 1124 3677 exemp·
1179 3601 1370 3680 specialiter
1398 3603 1508 3662 autem
1533 3601 1646 3662 Sancti
1668 3600 1828 3672 Africani,
1859 3601 1973 3662 Sancti

325 3703 433 3764 tiones
450 3699 660 3761 saecularium
675 3698 923 3761 exactionuma
943 3699 1077 3774 regibus
1092 3698 1125 3759 et
1179 3699 1352 3761 Michaelis
1367 3698 1408 3759 de
1433 3701 1575 3770 Bcrzac,
1600 3699 1713 3760 Sancti
1738 3697 1907 3760 Benedicti
1935 3697 1976 3758 de

327 3797 532 3877 principibus
551 3797 604 3858 vel
618 3795 695 3857 aliis
711 3794 862 3857 fidelibus
880 3795 1124 3857 rationabiliter
1179 3800 1294 3868 Bosco,
1312 3796 1424 3858 Sancti
1437 3795 1586 3857 Africani
1602 3795 1642 3857 de
1656 3795 1770 3868 Alauz,
1789 3796 1901 3856 Sancti
1918 3799 1978 3856 Be·

326 3896 421 3959 vobis
439 3895 603 3966 inductas,
619 3895 818 3956 auctoritate
837 3893 1027 3971 apostolica
1050 3910 1124 3955 con·
1180 3894 1302 3956 nedicti
1314 3893 1355 3955 da
1375 3894 1536 3964 Montili0,
1550 3894 1662 3955 Sancti
1680 3893 1783 3954 Salvii
1798 3893 1838 3953 de
1851 3895 1976 3954 Petra-

326 3993 531 4058 firmavimus
553 3995 585 4054 et
607 3992 781 4070 praesentis
808 3991 923 4068 scripti
949 3991 1123 4068 privilegio
1180 3991 1283 4063 lorte,
1315 3992 1428 4053 Sancti
1465 3991 1637 4052 Saturnini
1675 3991 1715 4051 de
1750 3991 1975 4058 intermontis,

325 4092 578 4153 communimus.
610 4089 826 4152 Decernimus
861 4105 940 4165 ergo
968 4091 1004 4152 ut
1040 4089 1123 4150 nulli
1181 4089 1294 4151 Sancti
1307 4089 1396 4150 Petri
1412 4088 1452 4149 de
1465 4087 1597 4156 Cambo,
1615 4089 1727 4150 Sancti
1748 4087 1839 4149 Petri
1854 4087 1894 4148 de
1909 4090 1977 4148 Co-

325 4189 460 4250 omnino
476 4189 646 4250 hominum
661 4186 761 4249 liceat
771 4186 943 4264 praeiatum
958 4191 1145 4249 monaste·
1180 4186 1273 4257 nilio,
1305 4185 1418 4248 Sancti
1447 4185 1578 4246 Nicolai
1605 4185 1645 4246 de
1674 4185 1833 4255 Gaulena,
1864 4186 1978 4246 Sancti

326 4289 413 4348 rium
428 4290 554 4348 temere
569 4286 843 4363 perturbare,aut
854 4288 927 4362 ejus
940 4285 1125 4362 possessio-
1181 4284 1341 4360 Stephani
1357 4284 1396 4344 de
1409 4283 1612 4358 Brugarolis,
1631 4283 1743 4344 Sancti
1757 4281 1921 4344 Martialis
1937 4283 1978 4342 de

299 4397 302 4405 ‘
326 4399 386 4444 nes
408 4383 540 4444 auferre
562 4384 615 4443 vel
636 4383 764 4444 ablatas
788 4383 944 4454 retinere,
962 4397 1021 4443 seu
1045 4383 1123 4459 qui·
1180 4386 1372 4453 PasamacO,
1384 4381 1496 4442 Sancti
1506 4381 1596 4441 Petri
1611 4382 1644 4443 et
1655 4381 1784 4442 Sanctae
1801 4380 1978 4442 Geuovetee

326 4479 470 4540 buslibet
494 4478 727 4540 vexationibus
754 4478 906 4553 fatigare,
930 4479 987 4539 sed
1013 4481 1124 4558 omnia
1180 4480 1220 4540 de
1233 4479 1448 4546 Monasterio,
1466 4479 1578 4540 Sancti
1593 4479 1728 4540 Martini
1744 4477 1783 4539 de
1797 4478 1976 4548 Sarmusis,

328 4579 458 4654 integra
491 4575 741 4645 conserventur,
772 4590 887 4635 eorum
916 4576 1124 4652 propriorum
1181 4575 1979 4652 sanctihcurcnuidchcpraccsanctitohannis

327 4675 524 4750 gubernatio
552 4688 592 4734 ac
627 4671 824 4733 sustentatio
857 4687 1016 4733 concessa
1049 4675 1126 4735 sunt
1180 4676 1220 4736 de
1238 4677 1430 4746 Mamaeam,
1449 4674 1562 4735 Sancti
1577 4674 1721 4746 danesii,
1740 4673 1853 4734 Sancti
1873 4673 1980 4734 Salvii

328 4773 442 4833 usibus
473 4770 671 4832 omnimodis
705 4768 878 4848 profutura
910 4768 1004 4832 salva
1032 4771 1125 4832 sedis
1181 4773 1364 4844 deremet
1383 4772 1495 4833 Sancti
1511 4771 1666 4843 Victoria,
1690 4768 1801 4832 Sancti
1819 4770 1922 4852 Salvii
1938 4771 1979 4830 de

327 4869 525 4947 apostolicas
543 4868 750 4930 anctoritate.
1181 4870 1347 4943 Cololens,
1369 4869 1482 4931 Sancti
1499 4869 1625 4946 Epartii
1644 4871 1677 4931 et
1698 4871 1826 4929 Sanctae
1848 4868 1977 4938 Mariae,

369 4968 405 5028 Si
438 4982 502 5042 qua
531 4966 634 5041 igitur
658 4966 693 5027 in
726 4965 873 5027 loturum
899 4965 1125 5028 ecclesiastica
1181 4970 1222 5030 de
1238 4971 1359 5030 Sancto
1381 4968 1527 5045 apertio,
1551 4967 1662 5029 Sancti
1684 4965 1788 5027 Salvii
1811 4965 1852 5027 de
1874 4969 1982 5027 Gero-

330 5065 543 5126 saecularisve
558 5079 700 5140 persona
715 5065 801 5125 hanc
816 5065 938 5126 nostrae
960 5065 1125 5125 constitu·
1181 5083 1269 5138 sens,
1300 5065 1412 5127 Sancti
1439 5065 1614 5126 Michaelis
1642 5063 1683 5124 de
1711 5063 1910 5135 Mentirelio,
1938 5063 1980 5124 de

327 5163 429 5224 tionis
464 5163 619 5239 paginam
644 5163 753 5224 sciens
780 5163 895 5224 contra
915 5177 988 5224 eam
1002 5163 1126 5224 temere
1181 5164 1380 5234 Combortio,
1397 5163 1438 5224 de
1452 5161 1658 5232 Armairaco,
1678 5161 1765 5222 etde
1781 5161 1981 5222 Lentinioet

328 5259 447 5324 venire
457 5260 645 5331 tentaverit,
659 5259 804 5322 secundo
819 5260 960 5321 tertiove
981 5276 1127 5321 commo-
1181 5261 1222 5323 de
1241 5263 1411 5323 Conazaco
1432 5259 1593 5320 ecclesias
1608 5275 1682 5320 cum
1696 5259 1849 5320 omuibus
1872 5259 1980 5334 perti-

329 5357 486 5430 nita,nisi
496 5361 624 5419 reatum
636 5373 732 5418 suum
742 5372 888 5433 congrua
898 5357 1126 5420 satisfactione
1181 5358 1304 5420 nentiis
1326 5359 1408 5430 suis,
1434 5357 1608 5432 grangiam
1633 5356 1755 5418 montis
1779 5355 1883 5417 Salvii
1904 5371 1980 5414 cum

328 5457 522 5528 correxerit,
540 5455 712 5532 potestatis
731 5455 934 5532 honorisque
952 5453 1127 5532 suidigni-
1183 5455 1392 5534 pertinentiis
1414 5455 1496 5526 suis,
1522 5454 1655 5531 podium
1682 5453 1795 5513 Sancti
1818 5452 1979 5522 Africani,

326 5557 394 5617 tate
407 5557 531 5626 careat,
545 5569 701 5630 reamque
715 5570 750 5615 se
765 5553 879 5614 divino
888 5553 1015 5632 judicio
1031 5555 1125 5614 exis·
1182 5554 1420 5632 possessiones,
1448 5554 1481 5614 et
1502 5552 1569 5612 alia
1590 5551 1677 5612 bona
1700 5551 1823 5620 vestra,
1836 5551 1922 5611 sicut
1941 5565 1982 5610 ea

327 5655 397 5712 tere
427 5653 467 5712 de
489 5655 677 5728 perpetrata
699 5651 874 5728 iniquitate
898 5656 1077 5727 cognoscat
1095 5655 1128 5716 et
1182 5653 1293 5713 omnia
1305 5652 1394 5725 juste
1410 5665 1448 5710 ac
1466 5647 1604 5725 pacifice
1621 5649 1809 5724 possidetis,
1825 5647 1930 5714 vobis,
1951 5653 1983 5708 et
