4280 6404
331 245 389 306 251
948 232 1124 294 HONORII
1145 231 1190 290 111
1212 231 1360 292 OPERA.
1910 232 1971 292 252

326 401 549 482 etcapellanis
557 395 779 460 servientibus
791 393 825 456 in
836 391 960 456 eisdem
969 391 1119 454 videritis
1172 390 1241 450 tam
1257 389 1317 450 sub
1330 388 1518 466 aliquorum
1530 387 1721 450 testimonio
1741 388 1967 466 praelatorum,

326 501 500 581 expedire,
530 497 613 558 duas
649 507 812 572 pauperes
846 489 1056 566 conjungatis
1083 489 1119 548 in
1173 487 1271 563 prout
1298 485 1369 557 tibi,
1386 488 1481 562 cinus
1505 485 1697 547 discretioni
1719 486 1966 560 committimus,

326 615 438 668 unam,
452 595 585 673 proviso
600 591 696 652 alteri
720 589 760 650 de
775 585 902 648 duobus
917 584 1118 663 presbyteris
1173 583 1331 660 expedire
1365 582 1542 654 videbitur,
1571 582 1607 642 in
1643 581 1827 644 subsidium
1855 585 1969 646 Terrae

325 699 362 759 in
376 696 443 758 alio
457 690 628 760 beneflcio,
642 687 694 748 vel
707 685 865 762 pensione
878 683 985 761 quoad
997 683 1120 744 vixerit
1174 681 1303 742 Sanctae
1314 680 1521 742 transmittas
1533 678 1718 746 venerabili
1732 680 1830 742 fratri
1852 683 1968 742 nostro

326 781 869 870 competeuto.'lestesautem‚ete.
887 781 1005 842 Datum
1016 780 1118 842 Reate
1172 776 1354 838 albanensi
1381 778 1535 854 episcopo
1559 775 1619 856 (1),
1644 777 1843 854 apostolicae
1873 778 1969 839 Sedis

326 891 435 954 idibus
446 885 534 966 junii
545 898 633 947 anno
644 881 754 948 tertio.

657 1039 785 1128 ccxl.

325 1183 545 1255 ademeram
559 1177 593 1240 et
611 1175 743 1250 rfatres
754 1175 788 1234 S.
804 1173 931 1235 Morte
944 1173 985 1232 de
1004 1172 1120 1232 Rllelto

459 1277 493 1338 et
502 1277 538 1338 S.
551 1272 743 1336 salvatoris
756 1271 995 1332 Bononiensts.

616 1385 651 1442 lt
662 1383 734 1456 junii
748 1382 826 1440 illa.

367 1494 526 1560 pambon,
536 1493 609 1543 um.
622 1491 649 1540 us
662 1489 687 1541 s.
699 1489 784 1540 nuru
793 1487 906 1544 namo,
917 1483 974 1544 isa,
985 1499 1011 1535 n.
1021 1483 1075 1548 aa]

471 1592 621 1665 Exemplio
636 1591 665 1646 in
679 1595 809 1660 tempore
823 1584 974 1643 interdicti.

366 1703 532 1766 Honorius
547 1699 722 1776 episcopus
737 1710 853 1755 seruus
864 1706 1035 1754 servorum
1046 1689 1117 1760 Dei,

324 1801 454 1864 dilectis
475 1799 591 1858 liliis...
616 1793 721 1872 priori
751 1793 784 1852 et
807 1789 966 1850 iratribus
990 1788 1119 1849 Sauctae

324 1899 441 1960 Mariae
456 1896 497 1957 de
512 1891 629 1955 Rheno
642 1890 675 1952 et
688 1889 800 1950 Sancti
812 1885 994 1947 Salvatorls
1011 1887 1120 1945 Bono-

325 1993 463 2064 niensis,
478 1987 664 2052 salutemet
687 1983 903 2062 apostolicam
915 1980 1119 2042 benedictio-

1173 873 1293 950 legato
1310 875 1397 936 sicut
1411 874 1518 936 eidem
1534 873 1720 946 scribimus,
1742 874 1803 936 sub
1832 875 1968 951 aliquo-

1173 986 1246 1032 rum
1264 971 1476 1048 praelatorum
1499 971 1689 1033 testimonio
1717 971 1967 1048 assignandam.

1213 1070 1331 1130 Datum
1353 1071 1466 1140 Reate,
1484 1071 1573 1130 XVII
1589 1068 1750 1132 kalendas
1767 1069 1857 1146 julii,
1878 1084 1967 1145 pon-

1151 1179 1154 1184 ·
1173 1164 1318 1228 tilicatus
1334 1166 1438 1226 nostri
1454 1180 1542 1226 anno
1556 1165 1665 1227 tertio.

1490 1350 1660 1440 CCXLII

1174 1484 1226 1544 Ad
1244 1485 1415 1546 loannem
1444 1485 1485 1544 de
1516 1486 1684 1545 Nioemis
1714 1485 1971 1561 kamaracensis

1457 1583 1684 1656 Rementem.

1458 1693 1490 1750 ll
1506 1692 1578 1765 junii
1604 1693 1685 1751 lile.

1190 1797 1311 1862 mereat,
1323 1797 1370 1848 lib.
1387 1797 1431 1858 lll,
1442 1798 1515 1862 epist.
1532 1796 1587 1847 les.
1601 1797 1658 1850 lle.
1669 1799 1706 1848 La
1721 1798 1793 1848 Porta
1806 1797 1840 1848 dn
1857 1797 1952 1864 luein]

1208 1883 1364 1963 Confirmat
1382 1903 1569 1961 donationem
1582 1905 1620 1962 illi
1637 1902 1740 1962 lectam
1760 1903 1796 1961 ab
1811 1905 1934 1962 ilenrico

1420 1993 1590 2050 Hivernensl
1607 1994 1720 2050 comite.

324 2107 413 2154 nem.
1213 2101 1390 2172 Honorius
1417 2102 1493 2172 etc„
1518 2101 1638 2163 dilecto
1663 2101 1733 2162 tilio
1755 2101 1902 2163 iohanni
1928 2101 1969 2163 de

365 2187 424 2249 llis
437 2199 509 2262 quae
525 2199 545 2244 a
564 2181 659 2242 nobis
675 2179 715 2240 ob
726 2177 832 2239 divini
848 2176 955 2238 cultus
971 2189 1119 2236 amorem
1173 2198 1331 2260 Nimis
1345 2197 1561 2272 Virgiliacen·
1578 2198 1729 2260 ecclesiae
1748 2197 1887 2275 burgen·

1213 2295 1316 2356 iustis
1337 2295 1531 2372 petentium,
1553 2297 1617 2357 etc.
1640 2295 1834 2372 eapropter,
1846 2295 1967 2357 dilecte

328 2382 423 2443 decet
447 2375 644 2441 benevolum
660 2371 833 2450 imperari.
851 2371 936 2432 Hinc
959 2371 1010 2432 est
1033 2369 1117 2445 quod
1173 2392 1208 2452 in
1223 2392 1362 2454 nomino
1377 2391 1436 2460 an,
1453 2393 1647 2454 dilectorum
1663 2392 1807 2454 aliorum
1825 2391 1967 2461 anneus,

326 2477 480 2557 precibus
521 2471 642 2534 vestris
681 2469 874 2578 benignum·
893 2467 1119 2578 impertitum
1173 2489 1207 2552 et
1221 2489 1403 2550 conuentus
1414 2489 1629 2566 Virgiliaceu.
1639 2489 1792 2566 precibus
1803 2489 1967 2561 inclinati,

325 2589 515 2644 assensum,
555 2567 769 2648 l>raesentium
800 2565 894 2626 V⁰h¹⁸
922 2566 1119 2626 fluminale
1174 2585 1451 2663 postulationibus
1466 2587 1639 2663 tuisgrato
1659 2588 1896 2648 concurrentes
1912 2603 1970 2648 as-

325 2669 549 2736 concedimub
565 2668 602 2728 Ut
621 2681 695 2727 cum
710 2663 892 2726 ΒΟΠΟΠῙΘΠ·
912 2661 1120 2739 οἱ1ἰ11198111)-
1174 2699 1285 2755 sensu,
1309 2683 1522 2745 donationem
1547 2683 1733 2746 medietatis
1755 2684 1966 2754 Blanarcen„

325 2285 380 2362 ple
406 2299 445 2344 ac
477 2279 616 2358 provide
645 2275 854 2354 postulantur
880 2273 1029 2334 savorem
1058 2286 1119 2332 nos

325 2769 432 2848 posita
446 2765 547 2828 ruera
571 2762 757 2832 lnerercto,
780 2759 987 2821 liceatvoms
1002 2759 1037 2820 1¹¹
1058 2773 1118 2820 00·
1174 2796 1213 2842 ae
1226 2780 1316 2842 elau
1329 2781 1369 2842 ae
1384 2781 1729 2844 permaneoanomu
1738 2782 1811 2842 uro
1823 2782 1969 2842 cenrico

324 2866 427 2928 olesia
453 2863 576 2932 vestra,
598 2859 720 2921 clausis
743 2858 869 2935 januis,
885 2873 951 2918 1¹0ss
979 2856 1119 2933 pulsatis
1174 2879 1292 2940 comite
1320 2879 1502 2940 Nivernen.
1531 2878 1717 2941 liberaliter
1743 2879 1804 2940 tibi
1833 2879 1966 2951 lectam,

324 2961 505 3039 campani&
531 2954 825 3020 0¹⁰⁰mm¹¹¹¹i⁰³fi⁸
857 2954 890 3014 et
924 2953 1118 3014 ”Ominafiffl
1173 2973 1259 3036 sicut
1273 2974 1308 3033 in
1322 2974 1469 3050 ejusdem
1483 2973 1603 3036 litteris
1618 2989 1679 3035 suo
1692 2973 1802 3050 sigillo
1825 2973 1967 3051 signatis

323 3056 509 3122 interdictis
522 3053 667 3116 exclusis
678 3051 842 3112 submissa
852 3065 933 3111 voca
945 3049 1057 3110 divina
1068 3048 1120 3110 ol-

323 3156 399 3218 llcia
410 3153 590 3217 celebrare.
602 3149 693 3211 Nulli
708 3163 787 3224 ergo
798 3145 933 3208 omnino
948 3147 1118 3208 bominum

321 3255 423 3316 liceat
444 3252 530 3312 banc
558 3247 712 3326 paginam
742 3245 864 3306 nostrae
892 3243 1118 3306 concessionis

323 3335 507 3425 intringere
522 3345 576 3407 vel
596 3345 628 3405 ei
643 3359 729 3404 ausu
744 3341 923 3404 temerario
939 3341 1116 3402 contraire.

325 3449 361 3510 Si
376 3447 449 3524 quis
469 3443 580 3506 autem
600 3441 662 3501 boc
680 3439 843 3501 attentare
858 3437 1116 3515 presumpserit,

324 3541 588 3618 indignationem
608 3536 843 3614 omnipotentis
868 3535 926 3596 Dei
944 3535 977 3598 et
998 3534 1117 3596 beato-

324 3657 400 3703 rum
426 3638 515 3700 Petri
535 3634 761 3713 apostolorum
784 3635 857 3710 ejus
870 3647 906 3694 se
921 3633 1051 3694 noverit
1065 3632 1120 3692 in-

325 3749 513 3797 cursurum.
534 3731 654 3792 Datum
669 3729 772 3790 Reate
790 3729 850 3790 Vll
870 3726 1030 3790 kalendas
1041 3727 1119 3804 julii

324 3829 537 3910 pontificatus
553 3825 658 3888 nostri
672 3839 759 3886 anno
774 3824 884 3886 tertio.

647 4003 796 4092 ccxli

323 4145 584 4216 adauctorum
610 4140 731 4200 domus
756 4139 883 4210 Templi
905 4137 1121 4198 Pcrtstensis

586 4236 856 4298 thesaurarium.

618 4346 821 4420 rajenarara.

364 4456 501 4522 [bouquet
512 4453 569 4504 Rea.
582 4451 625 4501 dea
635 4449 739 4506 Hister..
750 4455 769 4498 t.
780 4450 848 4508 xlx,
860 4466 886 4514 p.
894 4449 949 4499 688.
962 4450 1070 4516 aegest,

575 4591 578 4596 Ι
607 4529 651 4580 lib.
664 4530 707 4587 lll,
721 4543 761 4594 ap.
772 4527 841 4593 les]

212 4675 215 4680 Δ
323 4631 508 4692 'transmittat
522 4629 570 4686 ille
583 4625 740 4687 libanensi
753 4625 889 4699 episcopo
901 4627 935 4684 A.
950 4626 977 4683 S.
994 4625 1023 4684 in
1039 4627 1117 4701 Syria

358 4723 463 4794 legato,
479 4717 627 4776 collectam
642 4715 809 4772 vicesimam
824 4715 854 4771 iu
875 4713 1001 4772 fidelium
1025 4717 1119 4774 Terre

358 4811 470 4867 Sancte
481 4804 650 4864 subsidium.

361 4914 529 4978 Honorius
543 4913 720 4990 episcopus
733 4926 850 4973 servus
861 4927 1033 4974 servorum
1044 4911 1116 4986 Dei,

322 5013 443 5076 dilecto
478 5009 548 5071 tilio
574 5008 670 5071 fratri
713 5011 869 5086 Aymaro‚
902 5009 1117 5072 thesaurario

322 5111 439 5172 domus
455 5107 582 5184 Templi
599 5106 798 5168 Parisiensls
813 5107 954 5168 salutem
972 5108 1005 5168 et
1018 5123 1119 5184 apos-

323 5209 456 5271 tolicam
471 5205 746 5267 benedictionem.

361 5301 656 5368 Praesentiumtibi
679 5299 883 5363 auctoritate
907 5299 1115 5370 mandamus,

322 5405 485 5480 quatenus
498 5399 672 5478 pecuniam
686 5398 726 5460 de
741 5398 903 5460 vicesima
914 5399 985 5474 jam
994 5397 1118 5459 collec-

356 5535 397 5606 (ll
413 5534 539 5606 Pelagio.

1174 3071 1303 3148 plenius
1328 3071 1530 3144 continetur,
1556 3071 1755 3133 auctoritate
1778 3072 1969 3148 apostolica

1173 3167 1406 3229 confirmamus
1417 3170 1449 3228 et
1464 3169 1637 3244 praesentis
1653 3169 1767 3246 scripti
1779 3170 1966 3245 patrocinio

1174 3265 1424 3327 communimus.
1443 3264 1535 3325 Nulli
1553 3281 1643 3342 ergo,
1654 3267 1716 3327 etc.
1731 3258 1849 3328 Datum
1864 3267 1967 3328 Reate

1173 3363 1232 3424 XV
1246 3361 1406 3422 kalendas
1416 3361 1493 3439 julii
1506 3377 1595 3423 anno
1615 3362 1725 3424 tertio.

1475 3563 1667 3652 cdxliii

1174 3697 1226 3756 Ad
1239 3696 1489 3772 mopistratmet
1497 3697 1630 3772 tratres
1639 3698 1816 3772 respuam
1832 3699 1969 3762 Salamas

1193 3793 1320 3854 Marica
1332 3793 1616 3856 rueocoueorum
1627 3797 1665 3856 Η
1665 3797 1946 3870 ierosolmnlianl.

1461 3914 1496 3972 22
1516 3914 1590 3987 iunii
1605 3915 1685 3976 llis.

1251 4019 1390 4085 [Strebllra,
1401 4019 1504 4070 Tabulae
1517 4020 1613 4072 ordinis
1620 4021 1712 4072 'l'beut
1721 4021 1776 4082 tw,
1787 4037 1812 4073 u.
1824 4021 1891 4090 lin]

1173 4125 1328 4186 Confirmat
1352 4127 1495 4186 Honorius
1519 4126 1662 4186 Frederici
1686 4131 1712 4188 ll
1735 4131 1968 4188 constitutionem

1209 4230 1265 4287 qua
1280 4215 1346 4274 beet
1359 4213 1492 4288 hospitali
1505 4217 1651 4289 acquirere
1659 4215 1695 4274 de
1710 4215 1931 4291 leodisimperii.

1213 4333 1380 4416 Honorius
1417 4334 1602 4412 episcopus,
1635 4349 1752 4396 servus
1795 4351 1969 4398 servorum

1174 4431 1245 4501 Dei,
1260 4430 1389 4494 dilectis
1402 4429 1479 4491 liliis
1493 4431 1651 4507 magistro
1664 4433 1698 4494 et
1712 4431 1871 4494 fratribus
1882 4433 1967 4494 bos·
2015 4453 2021 4466 ·

1173 4526 1285 4604 pitalis
1299 4529 1429 4589 Sanctae
1440 4528 1558 4589 Mariae
1565 4529 1821 4590 Teutonicorum
1833 4531 1971 4591 ieroso-

1173 4623 1325 4701 lymitani
1340 4624 1482 4685 salutem
1498 4625 1530 4685 et
1544 4625 1761 4702 apostolicam
1770 4626 1970 4688 benedictio-

1173 4735 1260 4782 uem.

1211 4816 1316 4880 iustis
1342 4815 1523 4893 petentium
1552 4816 1729 4880 desideriis
1755 4817 1891 4896 dignum
1918 4820 1969 4880 est

1172 4927 1234 4976 nos
1255 4911 1386 4975 lacilem
1415 4913 1564 4989 praebere
1593 4929 1791 4976 consensum
1820 4917 1853 4976 et
1877 4917 1966 4988 vota,

1172 5027 1245 5088 que
1273 5025 1294 5072 a
1318 5009 1460 5072 rationis
1492 5009 1626 5073 tramite
1660 5027 1727 5073 uon
1764 5009 1967 5084 discordant,

1171 5106 1293 5170 effectu
1312 5109 1532 5184 prosequente
1552 5107 1730 5186 complere.
1754 5109 1835 5168 cum
1865 5108 1968 5184 igitur

1171 5203 1364 5265 carissimus
1379 5204 1413 5264 in
1427 5203 1558 5265 Christo
1571 5204 1660 5266 tilius
1674 5206 1787 5266 noster
1808 5205 1968 5266 Frederi-

1171 5317 1241 5374 cus,
1265 5301 1408 5368 illustris
1430 5317 1494 5362 rex
1515 5301 1650 5375 Siciliae,
1676 5303 1710 5362 in
1741 5303 1968 5363 Romanorum

1171 5399 1405 5476 imperatorem
1420 5399 1556 5472 electus,
1573 5399 1666 5476 regia
1682 5399 1883 5460 liberalitate
1894 5415 1970 5460 con-
