4300 6392
274 245 333 306 399

275 419 369 476 mus,
400 406 613 469 universitati
634 409 755 470 vestrae
773 409 957 470 districtius
981 410 1072 471 inhi-

276 499 395 574 bendo,
417 518 459 564 ne
477 520 539 564 vos
554 503 590 564 in
605 506 697 581 sylva
722 505 794 582 ipsa
814 506 951 570 cedendi
966 508 1067 583 ligna,

276 598 329 658 vel
357 601 515 676 pascendi
540 599 714 675 animalia,
739 620 798 664 seu
813 605 1068 681 quomodolibet,

273 696 435 770 jusvobis
451 701 658 774 praesumatis
680 701 720 762 de
743 704 863 763 caetero
886 703 1067 763 vindicare.

278 793 420 871 Ideoque
443 799 656 871 praesentium
684 798 776 860 vobis
796 801 992 862 auctoritate
1012 800 1071 860 dr-

277 891 375 952 miter
389 893 421 952 et
431 891 612 956 districtius
624 897 846 973 praccipieudo
863 898 1068 970 mandamus,

277 1003 319 1048 ne
333 989 509 1064 praedictos
524 993 667 1068 priorem
681 999 713 1056 et
728 995 847 1057 iratres
859 1013 918 1057 seu
936 1011 1071 1056 monas-

276 1085 397 1147 terium
425 1089 535 1164 ipsum
557 1105 656 1166 super
669 1092 783 1152 eadem
799 1093 892 1170 sylva
914 1092 1070 1171 deinceps

277 1181 523 1255 quomodolibet
546 1185 740 1257 molestetis,
771 1186 845 1258 sed,
875 1203 1072 1262 compensa-

276 1280 367 1348 tione
386 1283 544 1360 prredicta
570 1287 726 1356 contenti,
749 1303 790 1353 ea
805 1287 946 1348 utamini
967 1287 1071 1348 libere

278 1379 311 1438 et
325 1377 425 1451 licite,
445 1380 587 1443 scientes
604 1398 664 1443 nos
686 1383 805 1447 dilecto
827 1383 896 1446 filio
909 1384 1023 1444 nostro
1039 1383 1072 1444 et

280 1477 393 1538 Sancti
406 1479 523 1553 Angeli
537 1480 688 1552 diacono,
705 1481 867 1542 cardinali
882 1481 1070 1557 Campania

277 1574 519 1652 Maritimaeque
530 1579 651 1639 rectori
674 1579 812 1639 tirmiter
826 1579 1023 1655 injunxisse,
1037 1580 1072 1639 ut

275 1685 342 1730 non
371 1688 472 1749 super
497 1673 687 1750 brrjusmodi
714 1677 880 1751 permittat
902 1676 1071 1736 avicanis

278 1768 402 1833 temere
412 1771 593 1842 molestari,
609 1787 665 1833 eos
676 1788 695 1832 a
708 1774 938 1835 molestatione
948 1776 1069 1842 vestra,

278 1865 306 1924 si
322 1882 460 1928 neccsse
475 1868 585 1941 tuerit,
606 1885 665 1946 per
680 1885 854 1931 censuram
869 1870 1073 1932 ecclesiasti-

277 1977 361 2035 carn,
376 1965 599 2040 appellatione
615 1967 807 2042 postposita,
822 1967 1070 2043 compescendo.

318 2062 436 2122 Datum
465 2061 620 2134 Viterbii,
651 2065 795 2124 secundo
824 2063 921 2123 nonis
949 2063 1071 2134 martii,

279 2157 491 2232 pontificatus
504 2159 610 2220 nostri
622 2175 710 2220 anno
725 2162 853 2236 quarto.

614 2355 737 2442 XCVI
792 2341 794 2348 ¹

280 2495 332 2554 Ad
350 2495 603 2568 praesetnem
628 2500 775 2569 maioris
800 2503 963 2570 ecclestoe,
986 2513 1072 2560 cau-

319 2591 429 2652 torem
444 2594 563 2653 Sancti
586 2597 698 2665 Puatt,
724 2593 758 2654 et
773 2598 954 2656 Persicum
968 2610 1075 2658 carzo-

318 2693 435 2752 alcum
450 2694 723 2768 chpduucuacm.

570 2812 587 2868 6
602 2819 684 2872 mart.
700 2812 778 2873 1220.

309 2925 429 2989 [Reqcst.,
442 2925 487 2979 lib.
499 2926 541 2984 lv,
552 2925 625 2990 epist.
638 2925 693 2976 cta.
707 2926 764 2978 blss.
775 2927 812 2976 La
822 2927 939 2978 Portedu
957 2929 1049 2994 lusit]

281 3031 397 3092 Mandat
410 3033 453 3088 eis
467 3040 499 3090 ut
512 3033 558 3090 W.
571 3032 606 3089 de
617 3034 701 3091 Varei
712 3034 846 3090 clericum
856 3034 955 3091 litteris
966 3042 1077 3107 aposto·

216 3137 220 3145 ’
316 3121 379 3181 licis
393 3121 496 3192 quibus
516 3121 571 3193 ipsi
592 3119 741 3181 inhibitum
765 3119 857 3184 iuerat
876 3125 908 3180 P.
924 3121 960 3180 de
974 3125 1076 3182 Botion

316 3213 486 3276 canonicum
509 3210 702 3272 Viennensem
724 3207 761 3268 dc
786 3209 958 3278 morrachotp
981 3213 1074 3284 loqui·

317 3313 391 3368 rere,
406 3297 521 3362 obedire
533 3304 649 3372 cogant.

321 3424 499 3496 Honorius,
515 3425 589 3496 etc,
605 3424 736 3486 dilectis
749 3424 864 3485 liliis...
879 3425 1077 3500 praecentori

283 3521 420 3597 majoris
441 3521 630 3582 acclesiae...
656 3522 783 3584 cantori
807 3523 920 3583 Sancti
935 3523 1030 3583 Pauli
1045 3525 1078 3584 et

282 3619 417 3680 Terrico
432 3618 592 3678 canonico
608 3619 814 3694 lugdunen,
832 3619 996 3690 salutem,
1012 3619 1075 3680 etc.

300 3763 303 3776 ,
322 3715 471 3777 obtentis
487 3714 565 3776 olim
580 3715 620 3775 ad
637 3715 795 3792 quosdam
804 3716 934 3792 judices
951 3717 1075 3778 Bisun-

283 3813 343 3875 tin.
374 3811 600 3889 inquisitionis
624 3811 744 3874 litteris
766 3827 825 3889 per·
849 3815 901 3872 W.
923 3813 1078 3874 devaret

285 3911 442 3972 clericum
472 3925 572 3986 super
600 3909 811 3980 monachatu,
843 3925 939 3986 quem
974 3913 1011 3970 P.
1038 3910 1080 3971 de

285 4009 403 4070 Botton
417 4008 580 4068 viennen.
592 4007 752 4068 canonico
763 4007 962 4084 imponebat,
980 4007 1080 4083 parti-

283 4107 345 4167 bus
370 4105 503 4168 tandem
529 4105 571 4166 ad
596 4105 713 4164 Sedem
732 4105 955 4180 apostolicam
977 4119 1077 4165 acce-

285 4203 449 4274 dentibus,
460 4203 616 4265 dilectum
626 4201 886 4264 flliumnostrum
897 4205 936 4264 R.
949 4204 1078 4263 Sanctae

285 4301 402 4362 Mariae
423 4301 459 4360 in
475 4299 661 4369 cosmedin,
685 4299 860 4359 diaconum
876 4299 1078 4360 cardinalem

286 4399 512 4459 concessimus
525 4395 722 4456 auditorem.
739 4396 808 4456 Nos
831 4396 941 4456 autem
956 4395 1079 4456 auditis

286 4497 319 4558 et
333 4494 512 4556 intellectis
531 4507 590 4569 per
609 4491 738 4555 ildelem
754 4493 949 4554 relationem
965 4493 1078 4554 cardi·

265 4581 268 4586 ’
286 4594 373 4654 nalis
388 4592 535 4669 ejusdem
549 4605 621 4666 quae
636 4589 771 4651 luerunt
785 4591 952 4666 proposita
968 4604 1080 4650 coram

285 4707 336 4762 eo,
358 4689 533 4767 praedictas
558 4687 686 4748 litteras
701 4687 908 4748 decrevimus
929 4703 995 4748 non
1016 4703 1078 4748 va-

287 4791 356 4849 lere
369 4803 407 4848 ac
423 4787 461 4848 ad
479 4785 728 4862 inquisitionem
748 4784 848 4845 aliam
868 4783 1079 4846 obtinendam

286 4886 437 4948 eumdem
451 4887 577 4944 W.non
593 4883 748 4943 duximus
758 4881 1081 4943 admittendumve-

287 5001 360 5046 rum
375 4981 549 5045 cumidem
569 4983 634 5050 W„
650 4981 736 5040 sicut
749 4980 948 5056 accepimus
963 4981 1030 5041 tam
1046 4980 1081 5040 in

284 5082 423 5160 judicio,
446 5095 543 5157 quam
559 5079 653 5140 extra
665 5077 839 5155 judicium,
856 5080 925 5138 tum
946 5094 1007 5154 per
1024 5093 1079 5149 se,

287 5184 355 5243 tum
373 5195 430 5256 per
445 5177 540 5248 alios,
551 5176 723 5237 memorati
735 5178 771 5236 P.
782 5175 970 5250 opinionem
982 5189 1082 5251 super

288 5276 486 5339 monachatu
501 5289 643 5350 gravare
658 5272 887 5349 multipliciter
906 5274 1079 5343 niteretur,

287 5392 348 5437 nos
370 5375 434 5452 ipsi
456 5375 521 5442 W„
549 5387 645 5449 quem
666 5385 725 5447 per
740 5372 888 5432 nostrum
912 5371 1082 5447 poeniten-

287 5475 422 5534 tiarium
445 5471 572 5532 absolvi
589 5469 727 5530 lecimus
749 5468 791 5528 ab
812 5469 1083 5529 esconrmunica·

287 5573 388 5642 tione,
414 5587 511 5648 quam
540 5584 599 5646 pro
624 5582 724 5628 causa
754 5567 854 5629 simili
881 5564 1082 5628 venerabilis

885 252 1060 312 Honesti
1083 253 1127 311 111
1149 253 1297 314 OPERA.

1860 261 1921 320 400

1126 411 1228 473 trater
1253 415 1376 488 noster,
1397 415 1668 495 archiepiscopus
1682 417 1915 495 Lugduneu...,

1124 509 1246 572 tulerat
1271 510 1305 570 in
1334 513 1485 574 eumdem
1508 515 1543 576 ut
1563 518 1636 593 ejus
1656 517 1774 578 litterae
1790 519 1920 593 protes-

1125 609 1237 667 tantur
1265 623 1325 683 per
1352 611 1555 672 cardinalem
1581 614 1755 688 praefatum
1788 614 1919 690 injungi

1125 702 1264 764 lecimus
1286 721 1385 781 super
1399 707 1508 769 debito
1524 711 1664 785 praesun
1674 713 1866 787 juramenti,
1876 727 1918 771 ne

1125 817 1227 878 super
1241 802 1304 863 hoc
1315 804 1421 881 lpsum
1435 806 1610 870 decaetero
1625 808 1835 884 aliquatenus
1850 809 1918 870 dii-

1126 898 1251 960 lamare
1294 905 1482 976 praesumat.
1528 906 1690 975 Quocirca
1724 904 1919 968 discretioni

1126 998 1247 1058 vestrae
1272 1013 1331 1074 per
1355 1001 1544 1076 apostolica
1564 1003 1687 1079 scripta
1711 1002 1918 1074 mandamus,

1125 1096 1290 1168 quatenus
1301 1097 1330 1156 si
1341 1096 1448 1158 dictus
1461 1099 1513 1158 W.
1525 1098 1561 1158 iu
1576 1098 1639 1160 hac
1653 1102 1747 1176 parte
1763 1101 1919 1161 mandato

1125 1199 1239 1252 nostro
1264 1196 1522 1270 praesumpserit,
1538 1196 1673 1257 obviare
1703 1198 1920 1258 temeritatem

1125 1292 1210 1364 ejus,
1227 1291 1448 1366 appellatione
1461 1295 1599 1364 remota,
1613 1308 1710 1370 poena
1721 1294 1833 1356 debita
1845 1309 1922 1354 cas-

1125 1387 1250 1461 tigetis,
1266 1390 1526 1452 contradictores
1543 1406 1602 1467 per
1624 1407 1798 1452 censuram
1813 1391 1921 1452 eccle-

1127 1484 1306 1552 siasticam,
1323 1486 1545 1562 appellatione
1561 1489 1751 1564 postposita,
1771 1504 1922 1564 compes—

1127 1582 1241 1642 cendo.
1268 1582 1359 1655 Quod
1387 1585 1416 1644 si
1444 1601 1511 1645 non
1530 1601 1655 1657 omnes,
1677 1587 1830 1656 etc.,duo
1846 1600 1922 1645 ves-

1126 1681 1225 1751 trum,
1242 1682 1304 1741 eto.
1319 1683 1437 1742 Datum
1453 1681 1593 1743 Viterbii
1607 1686 1701 1744 sexto
1715 1698 1821 1744 nonas
1836 1698 1924 1743 mar·

1127 1777 1165 1836 tii
1183 1777 1393 1853 pontificatus
1412 1779 1518 1840 nostr-i
1533 1793 1621 1839 anuo
1634 1784 1763 1856 quarto.

1451 1946 1594 2036 XCVII

1128 2079 1179 2137 Ad
1196 2079 1477 2142 auratemsauetr
1495 2079 1671 2142 Benedicti
1683 2084 1920 2154 Hortnceuats,

1167 2174 1201 2235 et
1228 2178 1394 2238 Alorcum
1425 2180 1628 2240 cocorricum
1648 2179 1767 2243 saiwa
1790 2181 1918 2240 Antoni

1168 2276 1602 2342 Arlvelmuertstsdtoecests.

1421 2384 1435 2440 7
1451 2391 1534 2440 mart.
1550 2385 1629 2450 raro.

1155 2490 1275 2552 [Regest.,
1287 2487 1332 2538 lib.
1346 2487 1390 2548 Ν,
1401 2489 1473 2553 epist.
1483 2489 1538 2539 loe.
1549 2492 1606 2543 blas.
1619 2492 1655 2541 La
1670 2491 1745 2542 Porta
1754 2492 1788 2541 du
1800 2491 1896 2554 Thali]

1129 2585 1244 2644 blandai
1267 2588 1309 2643 eis
1329 2595 1358 2642 ut
1383 2588 1407 2644 si
1430 2587 1643 2646 Aurelianensis
1668 2591 1819 2662 episcopus
1837 2604 1924 2646 man-

1164 2673 1260 2731 datum
1297 2673 1483 2746 apostolicum
1515 2675 1551 2732 de
1579 2675 1753 2748 assignanda
1783 2676 1919 2744 ilenrico,

1164 2763 1292 2820 Basilice
1308 2763 1442 2835 principis
1461 2765 1661 2835 Apostolorum
1682 2765 1831 2832 canonico,
1856 2771 1926 2820 nato

1164 2849 1346 2908 lobannisde
1357 2851 1459 2908 Sancto
1475 2852 1639 2920 Eustochio,
1653 2853 1682 2909 iu
1697 2853 1786 2923 ipsius
1800 2852 1923 2908 ecclesia

1166 2938 1317 3010 praebenda
1345 2939 1512 3011 neglexerit,
1532 2939 1586 3012 ipsi
1613 2942 1781 2998 auctoritate
1800 2941 1925 3013 Aposto-

1165 3027 1219 3084 lics
1235 3028 1264 3084 in
1278 3029 1447 3090 muenicum
1461 3028 1547 3099 recipi
1568 3037 1732 3100 procurent.

1163 3135 1924 3206 Honorius‚etc.,dilectisfillis...abbatiSanoti

1133 3232 1301 3292 Benedicti
1316 3232 1504 3293 Floriacen.
1523 3232 1737 3293 Aurelianen.
1752 3232 1922 3303 dioecesis,

1132 3329 1282 3400 salutem,
1297 3331 1359 3389 etc.

1171 3425 1360 3486 Venerabili
1377 3425 1472 3485 tratri
1488 3427 1638 3488 nostro...
1655 3427 1810 3503 opiscopo
1824 3430 1930 3488 Aure-

1132 3523 1256 3583 lianeu.
1282 3523 1361 3582 olim
1374 3523 1505 3584 dedisse
1519 3524 1698 3584 recolimus
1721 3525 1756 3584 in
1781 3539 1927 3599 praccep-

1131 3621 1185 3687 tis,
1201 3621 1236 3680 ut
1251 3619 1369 3680 dilecto
1383 3619 1451 3680 illio
1467 3622 1568 3680 lienr.
1590 3621 1746 3681 Basilioae
1763 3621 1925 3696 principis

1132 3717 1356 3793 apostolorum
1372 3718 1542 3788 canonice,
1559 3719 1636 3778 nato
1651 3717 1772 3778 nobilis
1790 3719 1852 3778 viri
1863 3719 1925 3779 Jo-

1133 3815 1254 3875 hannis
1269 3815 1311 3874 de
1323 3816 1442 3874 Sancto
1454 3815 1641 3884 Eustachio
1665 3816 1721 3891 qui
1736 3815 1846 3876 sibiet
1865 3829 1930 3876 ec-

1133 3913 1244 3974 clesiae
1268 3927 1337 3972 suas
1363 3914 1470 3987 potest
1498 3912 1643 3972 existere
1678 3912 1867 3973 fructuosus
1890 3913 1929 3972 in

1134 4008 1259 4079 multis,
1272 4006 1495 4083 praebendam,
1519 4006 1548 4066 si
1570 4007 1688 4083 quain
1711 4007 1925 4068 aurelianen.

1134 4105 1276 4166 ecclesia
1286 4106 1364 4165 tunc
1374 4105 1519 4175 vacaret,
1534 4103 1575 4164 ob
1588 4105 1809 4165 reverentiam
1823 4107 1933 4180 Apos-

1134 4203 1243 4264 tolicae
1257 4201 1351 4262 Sedis
1368 4201 1400 4262 et
1412 4203 1559 4262 nostram
1576 4201 1752 4272 conterret,
1775 4205 1809 4262 et
1822 4201 1928 4262 colla-

1134 4302 1201 4360 tam
1228 4299 1413 4360 liberaliter
1436 4299 1634 4373 asstguaret,
1657 4298 1805 4374 alioquin
1822 4298 1932 4358 dona-

1133 4398 1257 4458 tiouem
1283 4395 1469 4474 praebendae
1484 4396 1728 4472 tuuoproximo
1753 4397 1787 4454 iu
1813 4394 1930 4455 eadem

1134 4494 1453 4554 ecclesiavacaturae
1464 4491 1750 4568 personaeidoneae
1759 4489 1932 4551 couteren-

1135 4591 1222 4662 dam,
1236 4589 1539 4652 nostraedonationi
1559 4589 1743 4658 servantes,
1758 4586 1932 4648 denuntia-

1135 4689 1243 4748 vimus
1258 4687 1389 4748 irritum
1403 4687 1436 4746 et
1448 4683 1559 4756 inane,
1577 4684 1606 4744 si
1619 4683 1696 4760 quid
1709 4685 1826 4745 contra
1845 4683 1931 4746 foret

1135 4782 1380 4860 quomodolibet
1389 4781 1597 4842 attentatum.
1611 4781 1690 4840 Cum
1702 4781 1805 4855 igitur
1822 4781 1930 4841 medio

1135 4884 1284 4956 tempore
1294 4877 1482 4955 praebenda,
1495 4877 1524 4936 si
1535 4891 1599 4953 qua
1609 4893 1748 4938 vacasse
1757 4877 1792 4938 in
1805 4893 1932 4938 memo·

1136 4979 1207 5039 rata
1220 4976 1362 5038 ecclesia
1372 4975 1598 5050 dignoscatur.
1609 4974 1696 5036 sicut
1710 4974 1833 5036 nostris
1844 4974 1932 5034 auri·

1136 5075 1197 5135 bus
1218 5075 1268 5134 est
1289 5073 1442 5144 relatum,
1457 5071 1615 5148 praedicte
1635 5073 1791 5148 episcopo
1817 5072 1930 5132 nostro

1136 5172 1287 5233 dedimus
1302 5169 1422 5232 litteris
1443 5170 1479 5230 in
1493 5170 1678 5246 praeceptis,
1695 5169 1741 5239 ut,
1764 5169 1791 5228 si
1809 5169 1859 5229 est
1870 5169 1928 5238 ita,

1137 5269 1290 5329 nuntium
1312 5267 1459 5343 ejusdem
1482 5267 1634 5327 canonici
1652 5265 1692 5325 de
1715 5265 1789 5341 ipsa
1820 5264 1933 5324 inves-

1137 5367 1223 5427 tiens
1247 5366 1321 5426 vice
1340 5379 1410 5435 sua,
1435 5364 1567 5427 stallum
1589 5363 1624 5422 iu
1644 5361 1747 5423 choro
1765 5363 1798 5422 et
1822 5361 1930 5422 locum

1138 5465 1171 5524 in
1198 5463 1343 5540 capitulo
1368 5463 1475 5522 eidem
1497 5460 1627 5520 studeat
1641 5459 1824 5534 assignare.
1850 5461 1931 5518 Cum

1139 5564 1239 5639 igitur
1250 5561 1336 5638 quod
1350 5561 1392 5620 de
1405 5557 1596 5634 provisione
1610 5557 1718 5633 ipsius
1735 5559 1773 5617 Η.
1787 5557 1930 5634 incoepi-
