4280 6404
307 233 367 296 aas
924 231 1100 292 nononis
1122 232 1166 292 nr
1188 233 1336 293 ornas.
1369 189 1372 194 ¹
1891 235 1953 293 aaa

307 388 442 448 niiestant
459 397 520 448 tum
542 388 698 464 pontificis,
717 397 777 446 tam
799 386 963 446 christianae
976 388 1104 461 legis,at
1156 387 1323 446 litterariam
1345 387 1449 446 studim
1472 388 1620 446 occisores
1642 388 1769 460 episcopi
1789 388 1954 446 aluiciensis

307 493 421 538 morum
434 477 693 536 mansuetudinem.
1156 491 1240 549 paena
1269 477 1408 546 multavit,
1428 483 1457 534 et
1489 477 1647 550 praesertim
1675 477 1862 534 bertrandum
1892 479 1951 546 cni,

343 567 447 625 iisdem
475 566 659 640 temporibus,
682 564 841 638 eodemque
864 579 952 634 anno,
970 571 1101 624 nontam
1155 565 1276 638 injunxit
1298 566 1370 624 ultra
1392 579 1471 624 mare
1494 566 1625 634 transire,
1646 563 1684 622 ibi
1705 567 1951 637 perseptennium

308 657 396 712 armis
421 670 507 728 quam
535 654 629 713 verbis
655 653 855 724 dimicaturus,
878 654 906 711 S.
934 654 1101 710 franciscus
1156 661 1316 710 moraturus
1333 655 1362 710 in
1377 655 1493 712 servitio
1507 655 1602 710 Terrae
1614 655 1736 723 Sanctae,
1752 661 1866 726 propter
1878 652 1948 711 iaci·

308 743 461 806 Scldanum
482 743 587 812 adibat,
612 742 674 817 ejus
695 742 924 810 conversionem,
942 747 971 798 et
985 753 1101 798 sucrum
1156 741 1232 798 noris
1248 742 1434 798 atrocitatem.

308 831 431 888 inhians.
449 832 560 904 Sicnue,
572 831 639 888 dum
652 830 729 887 orbis
742 829 917 887 christianus
931 829 1101 886 inmaximis
1191 829 1291 902 Legati
1314 829 1466 902 Apostolici
1489 843 1593 887 munus
1615 829 1754 904 Gregorio
1775 829 1951 899 Crescentis,

307 919 374 976 belli
393 919 536 977 laboribus
556 925 632 979 totus
651 925 722 988 erat,
737 927 796 975 tam
814 917 940 990 pontifex
955 932 1040 990 quam
1056 917 1102 975 1116
1155 916 1197 973 tit.
1221 917 1249 974 S.
1268 915 1409 974 Theodori
1426 916 1547 974 diacono
1564 915 1641 974 card.
1659 918 1688 974 in
1708 917 1809 987 Dania,
1836 919 1950 987 suecia,

308 1009 351 1064 vir
365 1015 482 1066 sanctus
495 1021 552 1064 non
567 1007 702 1065 oblivioni
719 1005 825 1063 dabant
841 1007 885 1063 vel
902 1005 1099 1062 1161666666-
1156 1005 1272 1061 Polonia
1297 1017 1331 1062 ac
1350 1004 1485 1062 Bobenua
1505 1003 1648 1062 commisit
1665 1003 1803 1074 Pontifex,
1820 1004 1856 1062 ad
1872 1005 1949 1061 sedi-

307 1093 643 1168 turaeimprescriptibilia
656 1095 784 1168 jura,vel
799 1095 1103 1152 inimicorumnnimas
1156 1093 1249 1150 tiones
1275 1093 1499 1165 componendas,
1528 1107 1592 1150 cum
1614 1107 1726 1150 summa
1750 1099 1890 1165 potestate
1915 1092 1951 1150 ad

307 1182 537 1252 lucrifaciendas,
547 1192 577 1241 et
586 1183 621 1242 ad
630 1191 795 1256 perpetuam
812 1184 841 1238 in
851 1182 924 1240 coelo
937 1181 1101 1240 beatitatem
1156 1181 1321 1252 pervicaces
1349 1180 1384 1238 ad
1412 1181 1539 1238 cilicium
1570 1179 1758 1238 revocandos.
1786 1183 1821 1238 Et
1847 1180 1964 1244 ecdem,

308 1285 373 1328 cum
383 1271 482 1329 electis
497 1271 549 1328 Dei
564 1270 889 1328 adducendas'fantum
899 1269 993 1328 differt
1008 1285 1023 1328 a
1036 1272 1102 1344 lege
1157 1281 1243 1336 anno,
1259 1267 1295 1325 ad
1311 1267 1413 1326 Scdem
1427 1269 1619 1340 apostolicam
1635 1268 1797 1340 Stephanus
1807 1268 1912 1326 Servius
1922 1277 1952 1326 et

308 1357 499 1417 liabumetica
515 1360 561 1416 lex
573 1358 746 1417 (linistianai
1156 1356 1281 1424 Diocliae,
1307 1357 1484 1428 aliarumque
1503 1357 1714 1429 provinciarum
1734 1371 1796 1425 rex,
1811 1358 1888 1414 viros
1901 1358 1959 1429 qui·

344 1447 503 1506 Ecclesiam
525 1448 577 1505 bei
597 1455 665 1506 tunc
685 1448 822 1520 temporis
836 1446 994 1504 illustrabat
1016 1449 1101 1504 etiarn
1156 1445 1600 1517 coniunctionemcumftomann
1609 1444 1748 1514 Ecclesia,
1759 1457 1813 1502 suo
1821 1446 1949 1514 nomine,

310 1535 338 1594 S.
364 1535 538 1592 Dominicus.
566 1535 615 1594 Cui
642 1533 771 1592 Pontifex
798 1534 949 1600 concessit,
974 1535 1003 1590 in
1028 1535 1104 1593 Urbe
1156 1532 1394 1606 redintegrarent.
1416 1534 1485 1592 Cum
1505 1534 1565 1605 pari
1591 1532 1698 1605 gaudio
1714 1532 1785 1590 vidit
1808 1535 1950 1592 Honorius

310 1623 449 1692 Romana,
461 1623 490 1682 S.
506 1622 587 1696 Xysti
601 1624 763 1690 ecclesiam,
777 1620 876 1678 dicens
886 1639 893 1678 :
904 1623 995 1696 Ligna
1012 1615 1101 1695 pomi-
1157 1629 1253 1678 noster
1267 1620 1403 1678 barbaras
1415 1628 1517 1694 gentes
1530 1621 1666 1689 bivoniae,
1675 1619 1854 1678 Estbonfmet
1865 1624 1951 1680 Prus-

309 1708 368 1765 lera
398 1709 428 1766 in
456 1710 592 1766 Ecclesia
620 1708 752 1782 paradiso
784 1708 922 1780 plantare,
949 1723 984 1765 ac
1007 1707 1102 1766 fovere
1156 1708 1435 1782 simiidesnscepta,
1450 1711 1479 1766 in
1494 1710 1588 1766 sinum
1597 1707 1949 1794 Ecclesiteconfugientcs.

309 1796 445 1869 plantata,
462 1795 593 1854 exodlcii
604 1795 698 1854 debito
709 1795 1100 1870 seteneri.ltrcbiepiscopis,
1156 1796 1200 1855 nd
1215 1813 1286 1870 quas
1301 1796 1450 1872 Evangelii
1471 1795 1670 1870 predicatores
1687 1795 1848 1866 destinavit,
1862 1814 1950 1870 quum

309 1885 452 1956 episcopis
475 1892 504 1941 et
527 1885 696 1957 presulibus
723 1885 811 1943 etiarn
837 1896 943 1941 novum
973 1885 1102 1942 ordinem
1154 1886 1213 1955 jam
1225 1886 1296 1942 albe
1308 1893 1404 1942 essent
1419 1887 1554 1958 regiones
1569 1883 1605 1942 ad
1617 1899 1753 1954 messem,
1763 1885 1813 1942 sed
1828 1887 1951 1958 operarii

309 1972 530 2030 commendavit.
541 1974 614 2031 iiam
625 1973 717 2046 signis
729 1978 757 2030 et
771 1971 921 2030 virtutibus
933 1979 1111 2044 potenserat
1157 1975 1240 2047 pauci
1254 1981 1284 2030 et
1298 1973 1428 2030 rariores.

309 2061 484 2118 flamininus.
1193 2060 1283 2130 Unde,
1294 2059 1379 2119 dante
1388 2064 1447 2118 bec
1458 2060 1683 2123 misericordiam
1694 2069 1722 2118 et
1732 2061 1948 2134 benignitatem,

345 2148 386 2203 ile
401 2161 452 2203 sua
467 2155 496 2204 et
508 2147 958 2219 proprirauxorisincoronatione
971 2147 999 2204 in
1012 2149 1101 2222 impe·
1157 2149 1205 2207 bic
1215 2163 1309 2206 annus
1323 2164 1387 2207 cum
1403 2163 1474 2222 pace
1495 2157 1524 2206 et
1543 2149 1637 2221 quiete
1658 2148 1720 2218 fuit,
1736 2163 1800 2206 curn
1815 2163 1984 2218 successu·

310 2242 433 2291 retorem
449 2241 477 2291 et
489 2235 724 2306 imperatricema
738 2235 867 2292 Romano
879 2235 1015 2294 Pontifice
1028 2252 1101 2294 nun·
1157 2237 1291 2310 presenti
1305 2251 1460 2306 armorum,
1474 2251 1539 2294 cum
1554 2251 1606 2310 spe
1619 2236 1704 2294 futuri
1718 2237 1784 2292 boni
1800 2251 1850 2308 per
1864 2238 1952 2311 impe

309 2323 365 2379 tlos
393 2322 472 2379 misit
500 2322 686 2393 fredericus,
715 2323 763 2395 qui
791 2337 852 2380 rem
879 2338 945 2380 cum
978 2326 1103 2383 iionnrio
1158 2335 1281 2384 retorem
1290 2324 1949 2398 fredericumcrucesignctumampliandi,cum

310 2417 473 2467 tractarent.
489 2410 573 2484 Cujus
586 2409 740 2484 preccsilie
750 2410 1038 2484 benigneexaudivit‚
1053 2413 1104 2470 sed
1158 2413 1250 2472 fructu
1263 2413 1402 2487 spirituaii
1424 2413 1453 2470 in
1468 2411 1813 2485 Evangeliidiiatatione,
1834 2421 1863 2472 et
1881 2415 1969 2476 satis.

310 2498 421 2556 monuit
433 2498 549 2561 devoto
561 2513 616 2561 non
632 2497 789 2556 differendo
802 2499 831 2556 in
845 2499 1104 2560 sulrsidiumferra
1158 2501 1277 2572 faustus,
1304 2508 1418 2574 propter
1432 2500 1588 2558 humanam
1603 2499 1805 2570 conditionem,
1826 2515 1890 2572 qum
1906 2508 1952 2560 est

310 2586 430 2644 Sanctae.
456 2588 513 2645 iles
538 2587 615 2644 enim
643 2587 773 2660 urgebat.
797 2589 830 2644 fn
858 2587 904 2660 bis
931 2589 1101 2662 negotiatio-
1158 2591 1257 2648 militia
1269 2591 1455 2664 potiusquam
1465 2586 1590 2662 perfecta
1601 2587 1885 2661 quiesrcputandus.
1896 2589 1952 2648 Sed

310 2672 396 2731 nibus
409 2680 484 2732 totus
499 2689 591 2732 annus
603 2682 788 2748 consumptus
802 2683 855 2734 est.
1154 2679 1214 2750 iam
1242 2677 1394 2736 timebatur
1416 2691 1453 2734 ne
1472 2676 1631 2734 Damiatam
1653 2676 1805 2746 Christiani
1824 2675 1878 2736 sub
1898 2693 1951 2736 sua

345 2763 386 2820 De
413 2762 497 2821 rebus
521 2763 610 2822 italica
642 2777 732 2837 pauca
764 2772 847 2822 crunt
876 2763 1006 2824 dicenda.
1036 2767 1102 2825 lura
1157 2767 1264 2824 ditione
1277 2765 1385 2839 possint
1399 2765 1531 2834 retinere,
1543 2772 1572 2822 ct
1585 2763 1735 2827 frederici,
1747 2764 1829 2836 qnasi
1840 2763 1964 2832 subdoli,

310 2847 446 2906 Ecclesiae
457 2851 593 2906 Romane
607 2849 637 2905 in
652 2847 779 2906 Sardinia
796 2851 934 2908 acerrime
950 2851 1102 2912 vindicavti
1156 2854 1302 2929 principis,
1318 2853 1365 2926 qui
1376 2860 1473 2910 votum
1486 2866 1542 2910 non
1553 2859 1668 2910 strenue
1681 2860 1908 2924 persequeretur,
1923 2861 1952 2912 ct

311 2935 462 2993 Honorius.
480 2938 573 3009 Leges
588 2937 727 3009 quasdam
739 2951 755 2994 n
766 2937 993 3008 Bononiensibus
1003 2941 1030 2997 in
1041 2955 1103 2999 aca-
1154 2943 1346 3017 juramentum
1361 2941 1584 3010 oblivisceretur,
1600 2940 1697 3013 opinio
1706 2942 1800 3012 magis
1811 2955 1844 2997 ac
1857 2942 1967 3016 magis.

309 3021 437 3082 demicus
453 3023 525 3082 latas
540 3025 707 3097 antiquavit,
722 3040 773 3098 pro
792 3027 912 3100 egregio
927 3043 979 3084 suo
993 3028 1023 3085 in
1041 3045 1102 3087 rem
1156 3029 1358 3089 invalescebat.
1374 3031 1415 3086 lic
1430 3027 1533 3102 quibus
1547 3028 1576 3084 in
1590 3043 1665 3086 anno
1677 3028 1834 3101 sequenti„

698 3793 725 3880 Ῑ
1157 3783 1330 3845 solatinnis
1346 3783 1449 3844 nutrit
1473 3780 1639 3853 uberibus,
1666 3783 1699 3844 et
1724 3783 1969 3844 exaltatilios-

1157 3879 1324 3956 praecipue
1338 3879 1542 3955 diligentiori
1558 3879 1668 3940 studio
1683 3879 1848 3949 refovens,
1865 3895 1963 3957 quos.

1157 3975 1264 4051 magis
1278 3993 1346 4037 suae
1360 3975 1578 4038 recreationis
1594 3977 1699 4038 cernit
1718 3976 1836 4042 solatio
1859 3975 1952 4037 indi-

655 4146 661 4158 ·
695 4145 711 4158 ..
1157 4088 1247 4149 gera.
1264 4075 1334 4134 Hac
1358 4073 1469 4150 itaque
1494 4073 1762 4134 consideratione
1783 4073 1967 4144 inductus,¹

609 4144 712 4219 ’ΜΗ
723 4143 802 4203 ¹²¹⁹·
1158 4170 1375 4232 charissimus
1402 4171 1450 4242 in
1463 4169 1594 4234 Christo
1610 4169 1698 4232 lilius
1716 4171 1838 4242 noster,
1853 4173 1953 4232 Jaco-

432 4257 657 4325 [noannoeane.
670 4259 782 4321 cistam,
792 4265 810 4309 i·
821 4257 864 4316 IV·
875 4258 975 4324 pata]
1158 4265 1231 4339 bus,
1246 4270 1436 4343 Aragonum
1449 4282 1511 4329 rex
1523 4266 1676 4334 illustris,
1698 4266 1793 4329 nobis
1808 4265 1950 4330 bumili—
1965 4313 1967 4317 -

308 4364 425 4424 Mandat
438 4365 629 4434 utlacobum,
641 4367 809 4439 Aragonum
829 4381 941 4438 regem,
957 4374 1105 4439 tamquam
1158 4367 1210 4428 ter
1225 4364 1434 4442 supplicavit,
1451 4365 1487 4426 ut
1507 4365 1616 4441 ipsum
1638 4363 1698 4432 sub
1720 4363 1850 4426 alarum
1872 4378 1954 4424 nos-

342 4452 497 4525 specialem
531 4453 667 4510 Ecclesia
697 4455 832 4510 lfomana
859 4454 947 4511 tilium
988 4454 1104 4522 babeat,
1158 4465 1285 4524 trapam
1314 4460 1431 4524 umbra
1461 4461 1676 4536 dignaremur
1701 4462 1953 4537 protegero,‚ac

344 4555 437 4614 neque
451 4541 573 4616 patiatur
585 4548 615 4597 ¹¹³
629 4555 751 4614 fetuum
766 4539 880 4614 eiusab
898 4542 998 4614 aliquo
1010 4543 1101 4618 impu·
1160 4559 1373 4636 protectionis
1386 4559 1585 4635 apostolicas
1600 4559 1717 4635 clypeo
1733 4553 1964 4622 communire..

345 4638 460 4704 gnatur.
1159 4659 1227 4719 Nos
1256 4657 1359 4732 igitur
1385 4655 1556 4732 praeclare
1585 4654 1786 4728 devotionis,
1816 4655 1953 4722 6111161

349 4748 516 4809 Honorius
556 4748 743 4825 episcopus,
771 4763 891 4810 servus
931 4764 1103 4810 servornm
1158 4754 1348 4832 puritatem,
1365 4767 1463 4829 quam
1478 4751 1519 4813 ad
1534 4755 1648 4823 Deum,
1665 4755 1699 4814 et
1716 4753 1824 4828 ipsam
1841 4752 1955 4813 Eccle-

308 4845 379 4916 Dci,
396 4845 516 4906 diiecto
530 4845 599 4907 lilio
615 4848 651 4906 Β.
665 4845 759 4908 tituli·
771 4847 968 4908 Sanctorum
983 4847 1107 4909 161166-
1159 4852 1242 4912 siam
1260 4850 1487 4926 progenitores
1502 4863 1579 4909 suns
1595 4849 1752 4910 babuisse
1763 4848 1963 4921 didicimus,

307 4941 361 5002 nis
383 4943 416 5002 et
430 4942 527 5002 Pauli
543 4942 735 5020 presbytero
757 4941 932 5015 cardinali,
957 4945 1103 5020 nposto-
1158 4947 1353 5016 recolentes,
1372 4945 1581 5007 attendentes
1592 4960 1729 5022 quoque·
1746 4945 1831 5023 quod
1859 4961 1956 5006 ervm-

307 5040 382 5102 licae
408 5037 503 5100 Sedis
525 5039 646 5116 legato,
661 5040 813 5113 salutem,
828 5043 862 5103 et
886 5041 1103 5119 apostolicam
1159 5045 1232 5106 dem
1249 5047 1360 5119 regem
1375 5043 1508 5122 inclytae
1521 5037 1761 5104 recordationis
1776 5045 1820 5103 M.
1835 5043 1955 5119 regina

308 5135 586 5200 benedictionem.
1158 5146 1348 5217 aragonum
1367 5141 1480 5202 mater¹
1501 5157 1572 5212 sua,
1597 5156 1671 5201 cum
1694 5141 1795 5212 terra,
1819 5143 1852 5202 61
1877 5141 1955 5202 61116

348 5234 568 5298 sacrosancta
587 5237 737 5296 Romana
760 5235 909 5297 Ecclesia
921 5236 976 5314 pia
998 5237 1105 5298 mater
1159 5239 1254 5300 bonis
1278 5239 1350 5304 suis
1373 5237 1479 5300 eidem
1504 5238 1656 5302 ecciesiae
1681 5239 1953 5304 commendavit:

310 3927 361 3986 Ad
390 3927 630 3988 bertrannum
662 3905 874 3992 cardinalem
902 3925 1102 3999 apostoncae

369 4035 372 4041 ’
567 4025 665 4086 Sedis
682 4023 843 4100 wantum.

308 5331 456 5403 devotos,
479 5333 513 5394 61
533 5331 676 5393 humiles
700 5332 787 5393 filios
807 5349 885 5395 suns
907 5332 948 5394 ad
971 5333 1104 5410 pietatis
1158 5352 1262 5412 agens
1276 5335 1399 5397 dudum
1420 5335 1507 5413 apud
1530 5335 1650 5398 sedem
1671 5335 1905 5412 Apostolicam,
1918 5337 1966 5406 in,

308 5448 378 5494 suaa
388 5431 551 5508 gremium
564 5430 786 5500 recurrentes,
798 5430 981 5490 nonsolum
994 5430 1103 5492 bono·
1159 5433 1317 5496 extremis
1331 5437 1453 5496 nostres
1473 5432 1538 5494 sibi
1560 5433 1747 5496 dilectionis
1769 5433 1964 5510 praecordia»

309 5532 361 5590 rai
373 5527 724 5620 amplexibus,verum
737 5526 836 5588 ctiam
852 5528 1010 5588 maternae
1023 5544 1104 5590 con·
1159 5530 1293 5607 dignum
1309 5530 1464 5592 duximus
1485 5530 1642 5606 aperire:
1659 5531 1821 5606 quatenus
1845 5531 1903 5608 qui
1920 5530 1959 5592 in
