4250 6404
320 304 358 366 ut
937 301 1113 366 HONORII
1133 302 1181 366 ill
1203 302 1351 364 OPERA.
1932 307 1972 368 52

322 466 402 543 pant
426 464 460 530 11
484 477 643 526 nauseam
679 461 930 528 transeuntibus
957 459 1114 534 inierant,
1170 459 1972 542 communicationiseiinterdictisententiaspro-

321 564 394 640 ipse
412 561 525 623 habito
538 559 736 637 prudentum
748 559 896 622 virorum
910 558 1063 631 consilio,
1079 573 1118 624 ao
1172 559 1337 636 mulgatas
1350 559 1385 620 in
1396 558 1499 634 ipsos,
1510 560 1728 636 preeo,quod
1737 561 1971 640 resistentibus

320 658 606 736 intellectc,q1md
624 673 689 734 ,per
716 657 840 718 iratres
864 656 991 718 ordinis
1015 656 1117 720 vani
1172 657 1259 733 parti
1279 658 1394 733 Regiae
1423 657 1538 720 sonim
1553 657 1810 733 prohibitionem
1828 663 1973 737 Aposto-

321 758 440 819 melius
456 771 553 833 quam
577 771 638 831 per
662 755 747 816 alios
764 755 877 832 posset
890 770 930 816 ac
945 754 1117 824 honestius
1171 753 1282 824 licam,
1297 754 1520 826 adloeserunt,
1536 755 1611 816 vice
1623 757 1749 827 nostra
1764 756 1893 820 sublato
1906 775 1970 836 ap-

321 854 513 925 retormari,
540 853 732 929 saepelatum
755 852 994 916 monasterium
1022 851 1116 914 vohis
1171 851 1726 928 pellationisobstacnlorslaratis,
1740 855 1971 932 etiru'unqatis

321 951 567 1015 reiormandum
598 950 781 1022 commisit,
812 951 905 1012 saluo
939 951 1053 1012 tamen
1082 949 1117 1010 in
1171 948 1296 1010 eisdam
1323 949 1384 1008 sub
1406 949 1515 1010 debito
1539 949 1688 1026 prestito
1707 953 1911 1028 juramento,
1936 956 1973 1018 111

320 1049 473 1110 omnibus
486 1052 562 1125 jure
585 1049 619 1110 et
644 1048 846 1124 proprietate
870 1051 1028 1110 Romanae
1051 1049 1117 1108 ilc·
1172 1047 1286 1108 oontm
1295 1045 1552 1122 prohibitionem
1565 1048 1715 1113 nostram
1730 1049 1783 1112 uel
1798 1065 1971 1114 successo-

216 1203 217 1206 ,
320 1147 442 1218 clesiae,
465 1145 506 1206 ad
532 1161 632 1223 quam
669 1146 818 1216 noscitur
843 1146 1021 1222 pertinere.
1048 1145 1117 1206 Nos
1172 1157 1245 1203 rum
1260 1145 1460 1216 nostrorum,
1475 1145 1559 1205 nulli
1573 1148 1777 1221 praesumant
1793 1147 1836 1210 ds
1850 1149 1970 1212 caetero

320 1245 424 1320 igitur
437 1245 525 1320 piam
538 1243 754 1306 intentionem
769 1244 873 1320 ipsius
891 1243 1040 1320 episcopi
1060 1244 1116 1305 at·
1171 1240 1356 1313 adhaerere,
1374 1240 1477 1302 salvis
1495 1241 1572 1304 aliis
1595 1241 1771 1315 mandatis,
1788 1259 1861 1320 quae
1889 1245 1971 1321 ipsis

319 1341 504 1413 1111111111,
516 1341 885 1413 considerantesetiam‚
894 1341 982 1418 quod
1000 1340 1117 1407 adhoc
1172 1340 1306 1414 propter
1317 1338 1383 1400 hoc
1395 1338 1590 1400 duxerimus
1603 1338 1755 1401 iacienda
1764 1339 1805 1402 ad
1818 1340 1881 1402 hoc
1894 1341 1971 1402 iide-

319 1438 507 1503 sollicitudo
522 1441 633 1504 1111111
646 1439 827 1515 potestnon
847 1439 1010 1503 modicum
1026 1440 1118 1503 ouis·
1172 1435 1275 1497 litatis
1297 1437 1489 1513 juramenta
1515 1437 1687 1514 recipiatis
1700 1437 1816 1500 nostro
1837 1439 1972 1500 nornine

319 1537 391 1598 tere
416 1537 599 1605 menon.
624 1537 874 1601 universitatem
888 1539 1036 1600 vestram
1052 1549 1118 1598 mo-
1171 1533 1213 1593 ab
1227 1532 1972 1606 eisdem,etnnnuumcensumlibrarumXXV

318 1649 437 1696 nemus
449 1635 609 1696 attentius
624 1635 658 1696 et
672 1634 844 1699 lucramur
856 1649 915 1710 per
926 1634 1117 1711 apostolica
1174 1629 1388 1707 Papiensium
1415 1645 1474 1708 pro
1494 1631 1653 1692 tredecim
1668 1633 1777 1704 annis,
1794 1632 1915 1710 quibus
1932 1634 1969 1694 in

319 1731 413 1792 vobis
426 1732 550 1807 scripta
561 1731 769 1802 mandantes,
787 1733 951 1808 quatenus
962 1731 1007 1792 ad
1015 1731 1118 1796 retiar-
1173 1730 1244 1804 ejus
1259 1728 1423 1790 solutione
1438 1730 1623 1801 cessarunt,
1637 1730 1809 1805 exigentes
1819 1731 1857 1792 et
1877 1731 1970 1792 reci-

317 1828 498 1890 mationem
517 1827 719 1896 ,monasterii
745 1829 920 1892 memorati
935 1829 1048 1894 taliter
1060 1829 1115 1890 in-
1172 1825 1300 1902 pientes
1308 1825 1350 1886 ab
1361 1825 1456 1902 ipsis,
1465 1827 1785 1903 conservetisipsam
1793 1829 1970 1905 pecuniam

318 1924 473 1998 undans,
486 1925 577 2003 quod
591 1925 849 1992 sollicitudiuem
863 1926 898 1988 et
909 1925 1117 2001 diligentiam
1172 1923 1359 1998 diligenter,
1380 1939 1553 2000 quousque
1571 1937 1672 2000 super
1696 1924 1760 1991 boc
1782 1925 1971 2002 reciperitis

318 2024 462 2085 vestram
478 2037 655 2098 possumus
670 2023 704 2082 in
715 2022 856 2090 Domino
870 2023 1115 2094 commendare,
1172 2020 1296 2085 nostras
1307 2019 1750 2096 beneplacitumvoluntatis
1768 2024 1849 2084 Gum
1860 2025 1971 2086 autem

318 2119 570 2183 etexliocvobis
579 2119 729 2180 cumulus
740 2121 875 2204 aeternae
885 2118 1115 2181 retributionis
1171 2132 1245 2192 quae
1269 2118 1502 2194 premisimus,
1524 2117 1649 2182 luerint
1665 2119 1863 2196 adimpleta,
1881 2121 1971 2184 cives

318 2218 498 2280 accrescat.
515 2217 633 2278 Datum
646 2217 816 2288 Laterani,
833 2218 891 2276 XV
904 2216 972 2278 kal.
985 2215 1118 2278 decem-
1171 2214 1277 2290 ipsius
1292 2214 1357 2276 loci
1370 2215 1516 2278 reddatis
1526 2216 1567 2278 de
1577 2216 1665 2279 bona
1674 2217 1844 2280 voluntate
1857 2219 1971 2294 etgra-

318 2313 398 2386 bris,
413 2313 624 2392 pontificatus
637 2314 745 2378 nostri
755 2329 843 2376 anno
856 2313 966 2378 tertio.
1171 2311 1218 2372 tia
1233 2313 1348 2374 nostra
1361 2327 1497 2376 securos
1512 2312 1642 2389 publice
1657 2313 1893 2378 denuntiantes
1912 2330 1970 2378 eos

1168 2409 1232 2472 sub
1255 2409 1394 2488 speciali
1420 2411 1738 2488 apostolicaesedis
1766 2411 1971 2488 protectione

656 2509 780 2595 XLIV
1172 2509 1487 2584 manere,tauquam
1501 2508 1659 2572 Ecclesia
1672 2507 1967 2580 nomanaefideles

1170 2619 1211 2665 ac
1233 2603 1319 2665 lilios
1347 2605 1520 2682 speciales.
1541 2607 1613 2667 Dat.
1640 2607 1809 2677 Laterani,
1823 2609 1882 2668 XV
1901 2605 1970 2666 kal.

370 2653 423 2712 Ad
438 2653 656 2726 bonifacium
670 2651 825 2713 abbatem
839 2651 873 2711 ct
893 2651 1064 2712 Vasatium
1171 2701 1367 2775 decembris,
1384 2702 1499 2780 ponus·
1516 2703 1622 2768 noem
1637 2720 1725 2770 anno
1740 2703 1850 2768 mio·

417 2751 574 2824 prioratis
595 2749 800 2810 rasoriastertt
822 2750 863 2809 dc
887 2747 1015 2809 Ttiieto.

611 2871 643 2930 17
657 2886 723 2928 nov.
741 2871 820 2928 1118.
1522 2889 1625 2976 XLV
1646 2843 1648 2850 ,

459 2974 976 3042 [1111111111.1111111111111,ρ.11,]
1453 3033 1459 3046 Ι

351 3073 561 3136 Alexandrinos
574 3075 716 3132 sententia
732 3073 1038 3132 exconnmuuicationis
1054 3081 1083 3130 et
1331 3033 1383 3092 Ad
1403 3045 1599 3106 ⁶P²³⁰⁰Wm
1617 3029 1809 3094 misinen·

578 3161 718 3220 interdicti
733 3161 862 3220 absolvit.
1428 3151 1607 3210 idnovennb.
1632 3153 1711 3211 liiii.

323 3248 326 3256 ¹
356 3273 524 3334 Honorius
537 3271 721 3348 episcopus,
731 3287 847 3332 servus
862 3285 1035 3333 servorum
1044 3269 1114 3342 nei,
1186 3269 1306 3330 quaeest,
1319 3266 1363 3316 nn.
1377 3267 1421 3324 111,
1433 3266 1508 3330 epist.
1521 3267 1574 3316 ¹2¹·
1589 3267 1646 3316 nas.
1667 3269 1704 3320 ua
1718 3269 1794 3319 eoae
1807 3270 1841 3320 1¹³
1855 3271 1949 3336 nicil]

317 3371 447 3432 dilectis
461 3369 620 3432 iratribus
635 3368 745 3431 abbati
759 3370 792 3430 et
807 3368 910 3446 priori
931 3367 971 3428 de
983 3441 987 3447 Δ
997 3367 1116 3430 Tilieto
1172 3375 1207 3432 tlt
1217 3372 1332 3445 quidam
1345 3373 1477 3430 mnonici
1492 3372 1616 3433 Xsnmn.
1643 3374 1786 3444 ecclesie,
1799 3377 1970 3450 episcopum

316 3468 481 3544 Aquensis
496 3466 660 3538 diaecesis,
681 3466 821 3528 salutem
848 3468 880 3527 et
901 3465 1115 3542 apostolicam
1206 3462 1443 3536 contrailugonis
1451 3460 1487 3519 de
1496 3463 1646 3520 beriniaco
1656 3463 1776 3536 iniurias
1785 3463 1971 3524 defendentes

316 3564 591 3627 benedictionem.
1206 3550 1319 3624 integre
1340 3564 1457 3608 suarum
1472 3558 1627 3624 proventus
1639 3549 1857 3624 prebendarum
1876 3555 1968 3628 perci·

356 3661 457 3724 Vobis
478 3661 608 3724 dedisse
632 3661 811 3722 recolimus
833 3661 867 3720 in
883 3661 1064 3733 mandatis,
1081 3661 1117 3721 nt
1206 3640 1295 3712 piant.

315 3758 477 3820 Alexand.
488 3757 762 3822 satisfaciendide
773 3757 910 3819 offensis
924 3757 1113 3835 praeteritis,
1210 3756 1388 3830 Honorius,
1405 3758 1480 3832 etc,
1497 3757 1651 3836 episcopo
1664 3759 1864 3846 Xantonen„
1878 3761 1973 3822 salu-

315 3873 355 3918 ac
370 3857 479 3918 standi
496 3856 659 3919 mandatis
679 3855 814 3929 nostris,
829 3855 1023 3932 reciperetis
1043 3856 1115 3916 vioe
1169 3855 1247 3928 tem,
1265 3856 1326 3917 etc.

316 3955 429 4017 nostra
436 3955 648 4032 juratoriam,
661 3954 693 4015 ¹et
706 3954 818 4022 aliam,
831 3968 929 4030 quam
940 3953 1115 4030 prudentia
1209 3955 1289 4014 Cum
1305 3951 1427 4014 subditi
1443 3951 1590 4030 praelatis
1605 3953 1674 4014 suis
1694 3955 1851 4032 tanquam
1866 3971 1973 4016 mem-

314 4055 426 4115 vestra
462 4052 621 4130 expedire
649 4053 879 4128 cognosceret,
911 4051 1112 4124 cantionem,
1169 4049 1265 4112 hrum
1279 4050 1380 4126 capiti
1396 4049 1532 4126 obsequi
1544 4051 1732 4124 teneantur,
1745 4053 1823 4130 quia
1838 4055 1972 4130 propter

316 4166 414 4227 qnam
443 4149 518 4211 inde
547 4151 642 4212 tieret
666 4149 762 4211 nobis
795 4163 854 4226 per
877 4147 1005 4210 litteras
1030 4149 1114 4210 inti·
1170 4147 1432 4224 persecutionem
1448 4146 1569 4208 nobilis
1580 4147 1644 4210 viri
1657 4150 1807 4226 lingonis
1823 4150 1865 4210 de
1880 4150 1970 4212 lezi·

315 4250 454 4309 mantes.
472 4251 551 4308 Cum
564 4263 643 4322 ergo
656 4247 757 4308 iidem
771 4247 861 4308 cives
884 4247 993 4308 standi
1013 4258 1113 4308 man-
1169 4245 1277 4316 niaco,
1294 4245 1350 4322 qui
1372 4245 1404 4306 te
1424 4243 1581 4321 grauibus
1597 4243 1766 4308 lacescens
1784 4247 1968 4324 iiquriisa

314 4345 402 4407 datis
414 4345 537 4405 nostris
550 4345 811 4420 prestiterintin
824 4343 977 4406 munibus
990 4345 1114 4406 nostris
1170 4343 1303 4404 civitate
1317 4342 1452 4419 propria
1482 4341 1621 4406 exulare
1642 4344 1821 4420 compellit,
1841 4346 1971 4424 aliquos

311 4443 549 4522 juramentum,
562 4441 780 4502 nihilominus
795 4444 941 4502 castrum
957 4442 1114 4504 deBosco
1169 4441 1209 4502 de
1233 4441 1405 4503 canonicis
1427 4440 1510 4512 tuis,
1536 4455 1673 4502 necesse
1699 4440 1802 4502 habes
1822 4442 1970 4504 ictuum
2018 4467 2023 4478 ¹

315 4543 451 4621 propter
476 4538 539 4600 hoc
567 4537 661 4599 vobis
690 4537 816 4598 nomini
846 4539 959 4598 nostro
984 4538 1113 4614 pignori
1169 4539 1344 4599 consilium
1372 4539 1405 4600 et
1432 4537 1596 4599 auxilium
1618 4535 1793 4612 advocare,
1810 4539 1842 4600 11
1862 4541 1970 4602 tecum

315 4637 512 4713 obligantes,
529 4636 616 4697 sicut
627 4635 746 4696 littsrae
765 4635 885 4696 vestras
899 4633 995 4696 nobis
1016 4634 1116 4696 exbi—
1169 4635 1314 4696 retinere
1329 4636 1481 4710 vocatam
1503 4637 1539 4697 ut
1553 4635 1617 4711 ipsi
1626 4634 1688 4696 tibi
1702 4633 1860 4698 libentius
1873 4636 1972 4698 obse-

314 4735 393 4798 bitae
406 4734 630 4806 continebant,
661 4748 700 4799 ao
715 4731 852 4794 dilectos
872 4731 958 4793 tilios
974 4731 1114 4793 Rainal-
1170 4733 1323 4810 quantur,
1340 4731 1542 4795 fraternitati
1569 4735 1635 4794 tum
1661 4733 1859 4797 auctoritate
1882 4750 1972 4812 prae-

317 4835 395 4894 dum
410 4829 557 4894 'troitum
568 4830 829 4908 ethisulpbum
840 4829 1013 4900 Acerbum,
1025 4831 1114 4892 viros
1169 4831 1312 4893 sentium
1338 4830 1566 4908 indulgemus,
1591 4832 1629 4893 ut
1654 4831 1812 4908 quamdiu
1838 4832 1972 4894 durabit

316 4932 429 5008 utique
442 4929 598 5008 providos
613 4930 646 4992 et
664 4929 789 5001 fideles,
806 4929 848 4990 ad
863 4928 1011 4990 nostram
1026 4944 1115 5005 pras·
1168 4928 1359 5005 hujusmodi
1388 4929 1585 5004 persecutio,
1616 4929 1650 4990 hi
1676 4943 1762 5005 quos
1786 4929 1828 4991 ad
1849 4933 1882 4991 te
1903 4945 1967 4992 vc-

315 5029 456 5091 sentiam
471 5029 678 5090 destinarent
691 5026 733 5088 ad
749 5026 1014 5088 observationem
1025 5041 1115 5087 man·
1169 5027 1272 5095 cabis,
1289 5042 1328 5087 ac
1352 5027 1459 5088 tecum
1488 5025 1646 5096 tenueris,
1663 5027 1717 5087 vel
1739 5041 1800 5104 pro
1824 5027 1969 5104 negotiis

315 5127 394 5200 dati,
404 5127 489 5205 quod
501 5125 747 5188 eisiaciendum
757 5124 1019 5202 duximus,quod
1029 5125 1114 5186 solu·
1170 5125 1235 5188 tuis
1249 5123 1386 5188 duxeris
1394 5121 1678 5196 transmittendos,
1694 5122 1823 5202 integre
1833 5139 1970 5188 suorum

314 5223 806 5302 tionemcensusquemdebent,
814 5221 1114 5299 apostolicaesedis
1169 5219 1971 5299 proventuspercipiantpraebeudarnm,ecclesie

315 5341 352 5387 se
375 5323 547 5386 bmniliter
571 5321 750 5384 offerentes
773 5321 967 5382 discretioni
993 5321 1114 5384 vestrm
1169 5317 1710 5382 Χ11111011111.101111111111111111111
1728 5317 1972 5384 0111111111-

315 5421 734 5500 praesentiumauctoritate
744 5419 940 5482 mandamus
952 5419 1113 5496 quatenus
1169 5421 1238 5480 tum
1249 5415 1417 5486 Laterani,
1433 5417 1495 5478 Xli
1509 5415 1671 5478 kalendas
1685 5415 1880 5492 decembris,
1893 5431 1972 5495 pon·

315 5520 534 5583 Alexandrini
566 5517 787 5598 personaliter
817 5517 1026 5592 accedentes
1049 5533 1113 5578 ex·
1174 5513 1435 5579 tilloatusnostri
1457 5529 1544 5576 anno
1560 5513 1688 5576 tertio.-
