<?xml version="1.0" encoding="UTF-8"?>
<!DOCTYPE html PUBLIC "-//W3C//DTD XHTML 1.0 Transitional//EN"
    "http://www.w3.org/TR/xhtml1/DTD/xhtml1-transitional.dtd">
<html xmlns="http://www.w3.org/1999/xhtml" xml:lang="en" lang="en">
 <head>
  <title>
</title>
<meta http-equiv="Content-Type" content="text/html;charset=utf-8" />
  <meta name='ocr-system' content='tesseract 3.04.00' />
  <meta name='ocr-capabilities' content='ocr_page ocr_carea ocr_par ocr_line ocrx_word'/>
</head>
<body>
  <div class='ocr_page' id='page_1' title='image "./mediiaevibiblio03bottgoog_0089.png"; bbox 0 0 4250 6404; ppageno 0'>
   <div class='ocr_carea' id='block_1_1' title="bbox 335 282 1981 383">
    <p class='ocr_par' dir='ltr' id='par_1_1' title="bbox 335 282 1981 383">
     <span class='ocr_line' id='line_1_1' title="bbox 335 282 1981 383; baseline 0.022 -36"><span class='ocrx_word' id='word_1_1' title='bbox 335 282 391 347; x_wconf 74' lang='lat'>151</span> <span class='ocrx_word' id='word_1_2' title='bbox 953 290 1130 358; x_wconf 82' lang='lat' dir='ltr'><strong>HONORII</strong></span> <span class='ocrx_word' id='word_1_3' title='bbox 1152 299 1197 358; x_wconf 91' lang='lat'>111</span> <span class='ocrx_word' id='word_1_4' title='bbox 1219 301 1367 366; x_wconf 81' lang='lat' dir='ltr'><strong>OPERA.</strong></span> <span class='ocrx_word' id='word_1_5' title='bbox 1922 323 1981 383; x_wconf 76' lang='lat'>152</span> 
     </span>
    </p>
   </div>
   <div class='ocr_carea' id='block_1_2' title="bbox 330 443 1981 1622">
    <p class='ocr_par' dir='ltr' id='par_1_2' title="bbox 330 443 1981 1622">
     <span class='ocr_line' id='line_1_2' title="bbox 374 443 1980 554; baseline 0.025 -51"><span class='ocrx_word' id='word_1_6' title='bbox 374 443 591 508; x_wconf 74' lang='lat' dir='ltr'>praesentium</span> <span class='ocrx_word' id='word_1_7' title='bbox 612 447 706 512; x_wconf 91' lang='lat' dir='ltr'>vobis</span> <span class='ocrx_word' id='word_1_8' title='bbox 722 450 919 514; x_wconf 88' lang='lat' dir='ltr'>auctoritate</span> <span class='ocrx_word' id='word_1_9' title='bbox 933 455 1130 518; x_wconf 84' lang='lat' dir='ltr'>mandamus</span> <span class='ocrx_word' id='word_1_10' title='bbox 1184 475 1351 537; x_wconf 73' lang='lat' dir='ltr'>exponere</span> <span class='ocrx_word' id='word_1_11' title='bbox 1370 472 1581 534; x_wconf 89' lang='lat' dir='ltr'>curaverunt.</span> <span class='ocrx_word' id='word_1_12' title='bbox 1607 473 1694 536; x_wconf 84' lang='lat' dir='ltr'>Sane</span> <span class='ocrx_word' id='word_1_13' title='bbox 1708 475 1787 539; x_wconf 89' lang='lat' dir='ltr'>licet</span> <span class='ocrx_word' id='word_1_14' title='bbox 1805 479 1980 554; x_wconf 89' lang='lat' dir='ltr'>providere</span> 
     </span>
     <span class='ocr_line' id='line_1_3' title="bbox 334 542 1980 653; baseline 0.024 -54"><span class='ocrx_word' id='word_1_15' title='bbox 334 542 694 615; x_wconf 90' lang='lat' dir='ltr'>quatenusomnlatam</span> <span class='ocrx_word' id='word_1_16' title='bbox 711 547 1131 624; x_wconf 67' lang='lat' dir='ltr'>nobiliaquamimmobi·</span> <span class='ocrx_word' id='word_1_17' title='bbox 1184 557 1278 620; x_wconf 85' lang='lat' dir='ltr'>vohis</span> <span class='ocrx_word' id='word_1_18' title='bbox 1305 560 1346 622; x_wconf 93' lang='lat' dir='ltr'>de</span> <span class='ocrx_word' id='word_1_19' title='bbox 1373 564 1506 639; x_wconf 79' lang='lat' dir='ltr'>pastore</span> <span class='ocrx_word' id='word_1_20' title='bbox 1536 567 1657 631; x_wconf 92' lang='lat' dir='ltr'>idoneo</span> <span class='ocrx_word' id='word_1_21' title='bbox 1684 573 1876 650; x_wconf 76' lang='lat' dir='ltr'>cupiamns3</span> <span class='ocrx_word' id='word_1_22' title='bbox 1900 579 1980 653; x_wconf 88' lang='lat' dir='ltr'>quia</span> 
     </span>
     <span class='ocr_line' id='line_1_4' title="bbox 332 635 1976 748; baseline 0.026 -54"><span class='ocrx_word' id='word_1_23' title='bbox 332 635 390 706; x_wconf 95' lang='grc'><strong>113,</strong></span> <span class='ocrx_word' id='word_1_24' title='bbox 407 654 479 715; x_wconf 90' lang='lat' dir='ltr'>quae</span> <span class='ocrx_word' id='word_1_25' title='bbox 495 639 610 702; x_wconf 91' lang='lat' dir='ltr'>domus</span> <span class='ocrx_word' id='word_1_26' title='bbox 624 644 892 707; x_wconf 80' lang='lat' dir='ltr'>Grandimonten.</span> <span class='ocrx_word' id='word_1_27' title='bbox 909 648 941 708; x_wconf 91' lang='lat' dir='ltr'>et</span> <span class='ocrx_word' id='word_1_28' title='bbox 953 650 1025 724; x_wconf 89' lang='lat' dir='ltr'>ejus</span> <span class='ocrx_word' id='word_1_29' title='bbox 1036 649 1128 710; x_wconf 89' lang='lat' dir='ltr'>cellae</span> <span class='ocrx_word' id='word_1_30' title='bbox 1183 655 1293 716; x_wconf 86' lang='lat' dir='ltr'>tamen</span> <span class='ocrx_word' id='word_1_31' title='bbox 1314 661 1526 735; x_wconf 89' lang='lat' dir='ltr'>examinatis,</span> <span class='ocrx_word' id='word_1_32' title='bbox 1542 666 1628 728; x_wconf 87' lang='lat' dir='ltr'>sicut</span> <span class='ocrx_word' id='word_1_33' title='bbox 1640 670 1727 744; x_wconf 82' lang='lat' dir='ltr'>juris</span> <span class='ocrx_word' id='word_1_34' title='bbox 1742 672 1775 733; x_wconf 90' lang='grc'>31</span> <span class='ocrx_word' id='word_1_35' title='bbox 1791 674 1905 735; x_wconf 89' lang='grc' dir='ltr'>1113113Ι</span> <span class='ocrx_word' id='word_1_36' title='bbox 1916 678 1976 748; x_wconf 85' lang='lat' dir='ltr'>est,</span> 
     </span>
     <span class='ocr_line' id='line_1_5' title="bbox 333 731 1980 847; baseline 0.026 -54"><span class='ocrx_word' id='word_1_37' title='bbox 333 731 368 794; x_wconf 91' lang='lat' dir='ltr'>in</span> <span class='ocrx_word' id='word_1_38' title='bbox 393 734 590 798; x_wconf 83' lang='lat' dir='ltr'>dioecesibus</span> <span class='ocrx_word' id='word_1_39' title='bbox 612 739 830 802; x_wconf 89' lang='lat' dir='ltr'>consistentes</span> <span class='ocrx_word' id='word_1_40' title='bbox 843 742 992 806; x_wconf 90' lang='lat' dir='ltr'>obtinent</span> <span class='ocrx_word' id='word_1_41' title='bbox 1012 746 1128 818; x_wconf 85' lang='lat' dir='ltr'>eontra</span> <span class='ocrx_word' id='word_1_42' title='bbox 1183 755 1307 816; x_wconf 90' lang='lat' dir='ltr'>nuntiis</span> <span class='ocrx_word' id='word_1_43' title='bbox 1342 759 1462 820; x_wconf 87' lang='grc'><strong>1331113</strong></span> <span class='ocrx_word' id='word_1_44' title='bbox 1486 777 1587 838; x_wconf 88' lang='lat' dir='ltr'>snper</span> <span class='ocrx_word' id='word_1_45' title='bbox 1609 765 1772 829; x_wconf 88' lang='lat' dir='ltr'>electione</span> <span class='ocrx_word' id='word_1_46' title='bbox 1802 786 1901 847; x_wconf 88' lang='lat' dir='ltr'>quam</span> <span class='ocrx_word' id='word_1_47' title='bbox 1937 773 1980 833; x_wconf 91' lang='lat' dir='ltr'>de</span> 
     </span>
     <span class='ocr_line' id='line_1_6' title="bbox 334 835 1979 938; baseline 0.026 -50"><span class='ocrx_word' id='word_1_48' title='bbox 334 844 404 892; x_wconf 89' lang='lat' dir='ltr'>suae</span> <span class='ocrx_word' id='word_1_49' title='bbox 417 835 699 908; x_wconf 84' lang='lat' dir='ltr'>regulaeinstitute</span> <span class='ocrx_word' id='word_1_50' title='bbox 714 837 846 900; x_wconf 83' lang='lat' dir='ltr'>faciatis</span> <span class='ocrx_word' id='word_1_51' title='bbox 857 839 1128 913; x_wconf 85' lang='lat' dir='ltr'>vobis,Ecclesiae</span> <span class='ocrx_word' id='word_1_52' title='bbox 1183 849 1303 913; x_wconf 86' lang='lat' dir='ltr'>dilecto</span> <span class='ocrx_word' id='word_1_53' title='bbox 1317 853 1386 916; x_wconf 88' lang='lat' dir='ltr'>filio</span> <span class='ocrx_word' id='word_1_54' title='bbox 1402 859 1439 916; x_wconf 90' lang='lat' dir='ltr'>V.</span> <span class='ocrx_word' id='word_1_55' title='bbox 1454 860 1549 933; x_wconf 88' lang='lat' dir='ltr'>regni</span> <span class='ocrx_word' id='word_1_56' title='bbox 1569 864 1748 938; x_wconf 74' lang='lat' dir='ltr'>blangeriis</span> <span class='ocrx_word' id='word_1_57' title='bbox 1776 867 1979 930; x_wconf 88' lang='lat' dir='ltr'>cancellario</span> 
     </span>
     <span class='ocr_line' id='line_1_7' title="bbox 333 929 1976 1037; baseline 0.025 -50"><span class='ocrx_word' id='word_1_58' title='bbox 333 929 1129 1010; x_wconf 66' lang='grc'><strong>131313131113333111311,3111313311113-</strong></span> <span class='ocrx_word' id='word_1_59' title='bbox 1182 948 1386 1022; x_wconf 90' lang='lat' dir='ltr'>celebrastis,</span> <span class='ocrx_word' id='word_1_60' title='bbox 1409 953 1506 1030; x_wconf 81' lang='lat' dir='ltr'>pleae</span> <span class='ocrx_word' id='word_1_61' title='bbox 1523 957 1619 1019; x_wconf 89' lang='lat' dir='ltr'>nobis</span> <span class='ocrx_word' id='word_1_62' title='bbox 1635 960 1675 1021; x_wconf 93' lang='lat' dir='ltr'>de</span> <span class='ocrx_word' id='word_1_63' title='bbox 1690 961 1886 1037; x_wconf 85' lang='lat' dir='ltr'>quibusdam</span> <span class='ocrx_word' id='word_1_64' title='bbox 1908 983 1976 1028; x_wconf 91' lang='lat' dir='ltr'>non</span> 
     </span>
     <span class='ocr_line' id='line_1_8' title="bbox 331 1023 1975 1139; baseline 0.026 -55"><span class='ocrx_word' id='word_1_65' title='bbox 331 1023 454 1087; x_wconf 92' lang='lat' dir='ltr'>bilibus</span> <span class='ocrx_word' id='word_1_66' title='bbox 470 1044 544 1088; x_wconf 90' lang='lat' dir='ltr'>cum</span> <span class='ocrx_word' id='word_1_67' title='bbox 560 1031 699 1092; x_wconf 89' lang='lat' dir='ltr'>consilio</span> <span class='ocrx_word' id='word_1_68' title='bbox 712 1033 899 1110; x_wconf 88' lang='lat' dir='ltr'>aliquorum</span> <span class='ocrx_word' id='word_1_69' title='bbox 914 1052 958 1097; x_wconf 88' lang='lat' dir='ltr'>ex</span> <span class='ocrx_word' id='word_1_70' title='bbox 970 1036 1127 1099; x_wconf 82' lang='lat' dir='ltr'>fratribus</span> <span class='ocrx_word' id='word_1_71' title='bbox 1182 1047 1298 1121; x_wconf 90' lang='lat' dir='ltr'>potuit,</span> <span class='ocrx_word' id='word_1_72' title='bbox 1315 1064 1388 1124; x_wconf 88' lang='lat' dir='ltr'>quae</span> <span class='ocrx_word' id='word_1_73' title='bbox 1412 1067 1478 1112; x_wconf 92' lang='lat' dir='ltr'>non</span> <span class='ocrx_word' id='word_1_74' title='bbox 1498 1054 1576 1115; x_wconf 88' lang='lat' dir='ltr'>sunt</span> <span class='ocrx_word' id='word_1_75' title='bbox 1597 1056 1632 1118; x_wconf 92' lang='lat' dir='ltr'>in</span> <span class='ocrx_word' id='word_1_76' title='bbox 1648 1057 1711 1118; x_wconf 88' lang='lat' dir='ltr'>boc</span> <span class='ocrx_word' id='word_1_77' title='bbox 1729 1061 1862 1135; x_wconf 89' lang='lat' dir='ltr'>negotio</span> <span class='ocrx_word' id='word_1_78' title='bbox 1877 1067 1975 1139; x_wconf 89' lang='lat' dir='ltr'>post-</span> 
     </span>
     <span class='ocr_line' id='line_1_9' title="bbox 332 1125 1977 1233; baseline 0.025 -52"><span class='ocrx_word' id='word_1_79' title='bbox 332 1139 414 1198; x_wconf 75' lang='grc'><strong>3133</strong></span> <span class='ocrx_word' id='word_1_80' title='bbox 435 1125 527 1200; x_wconf 92' lang='lat' dir='ltr'>prior</span> <span class='ocrx_word' id='word_1_81' title='bbox 543 1127 584 1187; x_wconf 88' lang='lat' dir='ltr'>ad</span> <span class='ocrx_word' id='word_1_82' title='bbox 601 1126 663 1189; x_wconf 91' lang='lat' dir='ltr'>boc</span> <span class='ocrx_word' id='word_1_83' title='bbox 685 1128 817 1192; x_wconf 89' lang='lat' dir='ltr'>duxerit</span> <span class='ocrx_word' id='word_1_84' title='bbox 839 1132 1053 1209; x_wconf 84' lang='lat' dir='ltr'>deputandae,</span> <span class='ocrx_word' id='word_1_85' title='bbox 1070 1152 1129 1196; x_wconf 90' lang='grc'>33-</span> <span class='ocrx_word' id='word_1_86' title='bbox 1174 1144 1345 1218; x_wconf 87' lang='lat' dir='ltr'>ponenda,</span> <span class='ocrx_word' id='word_1_87' title='bbox 1368 1147 1508 1224; x_wconf 87' lang='lat' dir='ltr'>liquere,</span> <span class='ocrx_word' id='word_1_88' title='bbox 1525 1165 1674 1214; x_wconf 89' lang='lat' dir='ltr'>annuere</span> <span class='ocrx_word' id='word_1_89' title='bbox 1684 1155 1729 1216; x_wconf 84' lang='lat' dir='ltr'>ad</span> <span class='ocrx_word' id='word_1_90' title='bbox 1744 1173 1893 1233; x_wconf 75' lang='lat' dir='ltr'>praesens</span> <span class='ocrx_word' id='word_1_91' title='bbox 1910 1175 1977 1222; x_wconf 90' lang='lat' dir='ltr'>ne-</span> 
     </span>
     <span class='ocr_line' id='line_1_10' title="bbox 330 1223 1981 1332; baseline 0.025 -54"><span class='ocrx_word' id='word_1_92' title='bbox 330 1234 405 1280; x_wconf 91' lang='lat' dir='ltr'>rum</span> <span class='ocrx_word' id='word_1_93' title='bbox 419 1223 573 1297; x_wconf 90' lang='lat' dir='ltr'>pretium,</span> <span class='ocrx_word' id='word_1_94' title='bbox 592 1241 632 1285; x_wconf 91' lang='lat' dir='ltr'>ac</span> <span class='ocrx_word' id='word_1_95' title='bbox 646 1226 830 1289; x_wconf 87' lang='lat' dir='ltr'>immobilia</span> <span class='ocrx_word' id='word_1_96' title='bbox 846 1230 951 1306; x_wconf 92' lang='lat' dir='ltr'>ipsius</span> <span class='ocrx_word' id='word_1_97' title='bbox 970 1232 1126 1294; x_wconf 86' lang='lat' dir='ltr'>Ecclesiae</span> <span class='ocrx_word' id='word_1_98' title='bbox 1183 1241 1348 1316; x_wconf 83' lang='lat' dir='ltr'><strong>quivimus</strong></span> <span class='ocrx_word' id='word_1_99' title='bbox 1372 1246 1458 1307; x_wconf 88' lang='lat' dir='ltr'>votis</span> <span class='ocrx_word' id='word_1_100' title='bbox 1482 1249 1615 1311; x_wconf 87' lang='lat' dir='ltr'>vestris.</span> <span class='ocrx_word' id='word_1_101' title='bbox 1641 1252 1800 1322; x_wconf 75' lang='lat' dir='ltr'>Quocirca</span> <span class='ocrx_word' id='word_1_102' title='bbox 1829 1273 1981 1332; x_wconf 84' lang='lat' dir='ltr'>praesen-</span> 
     </span>
     <span class='ocr_line' id='line_1_11' title="bbox 332 1319 1978 1429; baseline 0.024 -51"><span class='ocrx_word' id='word_1_103' title='bbox 332 1319 492 1380; x_wconf 88' lang='lat' dir='ltr'>Romanae</span> <span class='ocrx_word' id='word_1_104' title='bbox 501 1322 784 1386; x_wconf 86' lang='lat' dir='ltr'>nominelldeliler</span> <span class='ocrx_word' id='word_1_105' title='bbox 792 1328 1007 1400; x_wconf 72' lang='lat' dir='ltr'>conservetis</span> <span class='ocrx_word' id='word_1_106' title='bbox 1024 1329 1128 1393; x_wconf 91' lang='lat' dir='ltr'>donec</span> <span class='ocrx_word' id='word_1_107' title='bbox 1181 1337 1264 1401; x_wconf 89' lang='lat' dir='ltr'>tium</span> <span class='ocrx_word' id='word_1_108' title='bbox 1274 1340 1369 1402; x_wconf 91' lang='lat' dir='ltr'>vobis</span> <span class='ocrx_word' id='word_1_109' title='bbox 1382 1344 1580 1408; x_wconf 87' lang='lat' dir='ltr'>auctoritate</span> <span class='ocrx_word' id='word_1_110' title='bbox 1596 1349 1802 1424; x_wconf 88' lang='lat' dir='ltr'>mandamus,</span> <span class='ocrx_word' id='word_1_111' title='bbox 1815 1355 1978 1429; x_wconf 87' lang='lat' dir='ltr'>quatenus</span> 
     </span>
     <span class='ocr_line' id='line_1_12' title="bbox 330 1413 1980 1520; baseline 0.026 -48"><span class='ocrx_word' id='word_1_112' title='bbox 330 1413 371 1473; x_wconf 92' lang='lat' dir='ltr'>de</span> <span class='ocrx_word' id='word_1_113' title='bbox 392 1415 473 1491; x_wconf 89' lang='lat' dir='ltr'>ipsis</span> <span class='ocrx_word' id='word_1_114' title='bbox 489 1417 529 1478; x_wconf 90' lang='lat' dir='ltr'>ad</span> <span class='ocrx_word' id='word_1_115' title='bbox 552 1420 727 1482; x_wconf 77' lang='lat' dir='ltr'>utilitatem</span> <span class='ocrx_word' id='word_1_116' title='bbox 750 1424 1057 1487; x_wconf 85' lang='lat' dir='ltr'>Grandimonteusis</span> <span class='ocrx_word' id='word_1_117' title='bbox 1071 1444 1129 1489; x_wconf 89' lang='lat' dir='ltr'>or·</span> <span class='ocrx_word' id='word_1_118' title='bbox 1182 1435 1311 1511; x_wconf 90' lang='lat' dir='ltr'>aliquos</span> <span class='ocrx_word' id='word_1_119' title='bbox 1325 1440 1474 1502; x_wconf 89' lang='lat' dir='ltr'>exvobis</span> <span class='ocrx_word' id='word_1_120' title='bbox 1487 1457 1562 1504; x_wconf 90' lang='lat' dir='ltr'>cum</span> <span class='ocrx_word' id='word_1_121' title='bbox 1573 1446 1890 1520; x_wconf 80' lang='lat' dir='ltr'>patentibuslittaris</span> <span class='ocrx_word' id='word_1_122' title='bbox 1901 1469 1980 1514; x_wconf 91' lang='lat' dir='ltr'>ves-</span> 
     </span>
     <span class='ocr_line' id='line_1_13' title="bbox 331 1510 1977 1622; baseline 0.026 -53"><span class='ocrx_word' id='word_1_123' title='bbox 331 1510 419 1572; x_wconf 90' lang='lat' dir='ltr'>dinis</span> <span class='ocrx_word' id='word_1_124' title='bbox 434 1513 734 1579; x_wconf 88' lang='lat' dir='ltr'>aliterduxerimus</span> <span class='ocrx_word' id='word_1_125' title='bbox 746 1521 994 1596; x_wconf 86' lang='lat' dir='ltr'>providendum.</span> <span class='ocrx_word' id='word_1_126' title='bbox 1009 1527 1127 1586; x_wconf 86' lang='lat' dir='ltr'>Datum</span> <span class='ocrx_word' id='word_1_127' title='bbox 1182 1535 1254 1605; x_wconf 90' lang='lat' dir='ltr'>tris,</span> <span class='ocrx_word' id='word_1_128' title='bbox 1276 1536 1332 1612; x_wconf 90' lang='lat' dir='ltr'>qui</span> <span class='ocrx_word' id='word_1_129' title='bbox 1348 1553 1449 1614; x_wconf 91' lang='lat' dir='ltr'>super</span> <span class='ocrx_word' id='word_1_130' title='bbox 1463 1542 1654 1616; x_wconf 80' lang='lat' dir='ltr'>provisione</span> <span class='ocrx_word' id='word_1_131' title='bbox 1669 1547 1813 1622; x_wconf 86' lang='lat' dir='ltr'>pastoris</span> <span class='ocrx_word' id='word_1_132' title='bbox 1827 1549 1977 1612; x_wconf 91' lang='lat' dir='ltr'>omnium</span> 
     </span>
    </p>
   </div>
   <div class='ocr_carea' id='block_1_3' title="bbox 331 1610 1126 1772">
    <p class='ocr_par' dir='ltr' id='par_1_3' title="bbox 331 1610 1126 1772">
     <span class='ocr_line' id='line_1_14' title="bbox 331 1610 1126 1694; baseline 0.018 -26"><span class='ocrx_word' id='word_1_133' title='bbox 331 1610 485 1671; x_wconf 83' lang='lat' dir='ltr'>Laterani</span> <span class='ocrx_word' id='word_1_134' title='bbox 498 1615 540 1674; x_wconf 91' lang='lat' dir='ltr'>lV</span> <span class='ocrx_word' id='word_1_135' title='bbox 553 1629 657 1676; x_wconf 88' lang='lat' dir='ltr'>nonas</span> <span class='ocrx_word' id='word_1_136' title='bbox 675 1617 786 1678; x_wconf 86' lang='lat' dir='ltr'>martii</span> <span class='ocrx_word' id='word_1_137' title='bbox 798 1619 1009 1694; x_wconf 79' lang='lat' dir='ltr'>pontificatus</span> <span class='ocrx_word' id='word_1_138' title='bbox 1021 1623 1126 1684; x_wconf 86' lang='lat' dir='ltr'>nostri</span> 
     </span>
     <span class='ocr_line' id='line_1_15' title="bbox 331 1709 546 1772; baseline 0.023 -7"><span class='ocrx_word' id='word_1_139' title='bbox 331 1720 420 1767; x_wconf 89' lang='lat' dir='ltr'>anno</span> <span class='ocrx_word' id='word_1_140' title='bbox 436 1709 546 1772; x_wconf 87' lang='lat' dir='ltr'>tertio.</span> 
     </span>
    </p>
   </div>
   <div class='ocr_carea' id='block_1_4' title="bbox 634 1827 826 1914">
    <p class='ocr_par' dir='ltr' id='par_1_4' title="bbox 634 1827 826 1914">
     <span class='ocr_line' id='line_1_16' title="bbox 634 1827 826 1914; baseline 0.016 -2"><span class='ocrx_word' id='word_1_141' title='bbox 634 1827 826 1914; x_wconf 83' lang='lat' dir='ltr'>CXXXIX</span> 
     </span>
    </p>
   </div>
   <div class='ocr_carea' id='block_1_5' title="bbox 429 1957 1024 2039">
    <p class='ocr_par' dir='ltr' id='par_1_5' title="bbox 429 1957 1024 2039">
     <span class='ocr_line' id='line_1_17' title="bbox 429 1957 1024 2039; baseline 0.017 -23"><span class='ocrx_word' id='word_1_142' title='bbox 429 1957 482 2016; x_wconf 86' lang='lat' dir='ltr'>Ad</span> <span class='ocrx_word' id='word_1_143' title='bbox 495 1959 672 2021; x_wconf 77' lang='lat' dir='ltr'>Amineam</span> <span class='ocrx_word' id='word_1_144' title='bbox 687 1975 805 2037; x_wconf 80' lang='lat' dir='ltr'>repam</span> <span class='ocrx_word' id='word_1_145' title='bbox 817 1967 855 2024; x_wconf 81' lang='grc'>11</span> <span class='ocrx_word' id='word_1_146' title='bbox 856 1967 1024 2039; x_wconf 70' lang='lat' dir='ltr'>rotperto.</span> 
     </span>
    </p>
   </div>
   <div class='ocr_carea' id='block_1_6' title="bbox 424 2071 1027 2245">
    <p class='ocr_par' dir='ltr' id='par_1_6' title="bbox 424 2071 1027 2245">
     <span class='ocr_line' id='line_1_18' title="bbox 624 2071 833 2132; baseline 0.01 -4"><span class='ocrx_word' id='word_1_147' title='bbox 624 2071 641 2128; x_wconf 83' lang='grc'>1</span> <span class='ocrx_word' id='word_1_148' title='bbox 656 2081 738 2130; x_wconf 88' lang='lat' dir='ltr'>mart.</span> <span class='ocrx_word' id='word_1_149' title='bbox 755 2075 833 2132; x_wconf 79' lang='lat' dir='ltr'>tals.</span> 
     </span>
     <span class='ocr_line' id='line_1_19' title="bbox 424 2172 1027 2245; baseline 0.015 -21"><span class='ocrx_word' id='word_1_150' title='bbox 424 2172 554 2238; x_wconf 74' lang='lat' dir='ltr'>[Theium.</span> <span class='ocrx_word' id='word_1_151' title='bbox 567 2177 679 2226; x_wconf 88' lang='lat' dir='ltr'>bionum.</span> <span class='ocrx_word' id='word_1_152' title='bbox 692 2179 835 2242; x_wconf 77' lang='lat' dir='ltr'>llungariae,</span> <span class='ocrx_word' id='word_1_153' title='bbox 849 2181 868 2239; x_wconf 89' lang='lat'>1,</span> <span class='ocrx_word' id='word_1_154' title='bbox 884 2181 923 2238; x_wconf 82' lang='lat' dir='ltr'>ts,</span> <span class='ocrx_word' id='word_1_155' title='bbox 937 2195 965 2232; x_wconf 87' lang='lat' dir='ltr'>n⁰</span> <span class='ocrx_word' id='word_1_156' title='bbox 975 2183 1027 2245; x_wconf 72' lang='grc'>11]</span> 
     </span>
    </p>
   </div>
   <div class='ocr_carea' id='block_1_7' title="bbox 331 2271 1125 2352">
    <p class='ocr_par' dir='ltr' id='par_1_7' title="bbox 331 2271 1125 2352">
     <span class='ocr_line' id='line_1_20' title="bbox 331 2271 1125 2352; baseline 0.016 -27"><span class='ocrx_word' id='word_1_157' title='bbox 331 2271 373 2327; x_wconf 86' lang='lat' dir='ltr'>De</span> <span class='ocrx_word' id='word_1_158' title='bbox 388 2271 570 2330; x_wconf 87' lang='lat' dir='ltr'>matrimonio</span> <span class='ocrx_word' id='word_1_159' title='bbox 586 2275 635 2332; x_wconf 83' lang='lat' dir='ltr'>dlii</span> <span class='ocrx_word' id='word_1_160' title='bbox 648 2277 803 2349; x_wconf 78' lang='lat' dir='ltr'>Hungariae</span> <span class='ocrx_word' id='word_1_161' title='bbox 817 2279 896 2352; x_wconf 84' lang='lat' dir='ltr'>regis</span> <span class='ocrx_word' id='word_1_162' title='bbox 909 2295 973 2338; x_wconf 91' lang='lat' dir='ltr'>cum</span> <span class='ocrx_word' id='word_1_163' title='bbox 987 2281 1125 2338; x_wconf 79' lang='lat' dir='ltr'>Armeno·</span> 
     </span>
    </p>
   </div>
   <div class='ocr_carea' id='block_1_8' title="bbox 366 2361 1125 2438">
    <p class='ocr_par' dir='ltr' id='par_1_8' title="bbox 366 2361 1125 2438">
     <span class='ocr_line' id='line_1_21' title="bbox 366 2361 1125 2438; baseline 0.016 -23"><span class='ocrx_word' id='word_1_164' title='bbox 366 2374 427 2416; x_wconf 87' lang='lat' dir='ltr'>rurn</span> <span class='ocrx_word' id='word_1_165' title='bbox 446 2363 523 2434; x_wconf 85' lang='lat' dir='ltr'>regis</span> <span class='ocrx_word' id='word_1_166' title='bbox 546 2361 613 2432; x_wconf 85' lang='grc'><strong>11113,</strong></span> <span class='ocrx_word' id='word_1_167' title='bbox 629 2363 722 2438; x_wconf 85' lang='lat' dir='ltr'>deque</span> <span class='ocrx_word' id='word_1_168' title='bbox 738 2367 920 2426; x_wconf 84' lang='lat' dir='ltr'>successione</span> <span class='ocrx_word' id='word_1_169' title='bbox 937 2371 1125 2428; x_wconf 77' lang='lat' dir='ltr'>inarmonia</span> 
     </span>
    </p>
   </div>
   <div class='ocr_carea' id='block_1_9' title="bbox 366 2463 498 2522">
    <p class='ocr_par' dir='ltr' id='par_1_9' title="bbox 366 2463 498 2522">
     <span class='ocr_line' id='line_1_22' title="bbox 366 2463 498 2522; baseline 0.015 -18"><span class='ocrx_word' id='word_1_170' title='bbox 366 2463 498 2522; x_wconf 83' lang='lat' dir='ltr'>regnum.</span> 
     </span>
    </p>
   </div>
   <div class='ocr_carea' id='block_1_10' title="bbox 327 2560 1125 3709">
    <p class='ocr_par' dir='ltr' id='par_1_10' title="bbox 329 2560 1124 2825">
     <span class='ocr_line' id='line_1_23' title="bbox 369 2560 1124 2639; baseline 0.015 -22"><span class='ocrx_word' id='word_1_171' title='bbox 369 2560 536 2620; x_wconf 89' lang='lat' dir='ltr'>Honorius</span> <span class='ocrx_word' id='word_1_172' title='bbox 569 2562 755 2639; x_wconf 85' lang='lat' dir='ltr'>episcopus,</span> <span class='ocrx_word' id='word_1_173' title='bbox 788 2565 863 2636; x_wconf 81' lang='grc'><strong>313,</strong></span> <span class='ocrx_word' id='word_1_174' title='bbox 886 2565 1059 2628; x_wconf 84' lang='lat' dir='ltr'>carissimo</span> <span class='ocrx_word' id='word_1_175' title='bbox 1090 2567 1124 2628; x_wconf 93' lang='lat' dir='ltr'>in</span> 
     </span>
     <span class='ocr_line' id='line_1_24' title="bbox 329 2654 1124 2738; baseline 0.016 -25"><span class='ocrx_word' id='word_1_176' title='bbox 329 2654 460 2717; x_wconf 86' lang='lat' dir='ltr'>Christo</span> <span class='ocrx_word' id='word_1_177' title='bbox 487 2657 555 2718; x_wconf 84' lang='lat' dir='ltr'>illio</span> <span class='ocrx_word' id='word_1_178' title='bbox 581 2663 620 2720; x_wconf 83' lang='grc' dir='ltr'>Α.</span> <span class='ocrx_word' id='word_1_179' title='bbox 647 2661 719 2736; x_wconf 87' lang='lat' dir='ltr'>regi</span> <span class='ocrx_word' id='word_1_180' title='bbox 742 2663 976 2738; x_wconf 82' lang='lat' dir='ltr'>llungaroruln</span> <span class='ocrx_word' id='word_1_181' title='bbox 1000 2663 1124 2726; x_wconf 89' lang='lat' dir='ltr'>illustri</span> 
     </span>
     <span class='ocr_line' id='line_1_25' title="bbox 330 2751 563 2825; baseline 0.017 -15"><span class='ocrx_word' id='word_1_182' title='bbox 330 2751 483 2825; x_wconf 89' lang='lat' dir='ltr'>salutem,</span> <span class='ocrx_word' id='word_1_183' title='bbox 501 2757 563 2816; x_wconf 89' lang='lat' dir='ltr'>etc.</span> 
     </span>
    </p>

    <p class='ocr_par' dir='ltr' id='par_1_11' title="bbox 327 2850 1125 3709">
     <span class='ocr_line' id='line_1_26' title="bbox 370 2850 1122 2933; baseline 0.017 -25"><span class='ocrx_word' id='word_1_184' title='bbox 370 2850 450 2910; x_wconf 90' lang='lat' dir='ltr'>Cum</span> <span class='ocrx_word' id='word_1_185' title='bbox 467 2851 553 2913; x_wconf 87' lang='lat' dir='ltr'>sicut</span> <span class='ocrx_word' id='word_1_186' title='bbox 566 2854 632 2914; x_wconf 84' lang='lat' dir='ltr'>tarn</span> <span class='ocrx_word' id='word_1_187' title='bbox 656 2871 698 2914; x_wconf 91' lang='lat' dir='ltr'>ex</span> <span class='ocrx_word' id='word_1_188' title='bbox 712 2855 779 2916; x_wconf 91' lang='lat' dir='ltr'>tuis</span> <span class='ocrx_word' id='word_1_189' title='bbox 794 2871 892 2933; x_wconf 89' lang='lat' dir='ltr'>quam</span> <span class='ocrx_word' id='word_1_190' title='bbox 908 2857 1072 2919; x_wconf 82' lang='lat' dir='ltr'>carissimi</span> <span class='ocrx_word' id='word_1_191' title='bbox 1087 2859 1122 2920; x_wconf 93' lang='lat' dir='ltr'>in</span> 
     </span>
     <span class='ocr_line' id='line_1_27' title="bbox 331 2945 1125 3030; baseline 0.015 -26"><span class='ocrx_word' id='word_1_192' title='bbox 331 2945 462 3008; x_wconf 86' lang='lat' dir='ltr'>Christo</span> <span class='ocrx_word' id='word_1_193' title='bbox 485 2947 546 3009; x_wconf 83' lang='lat' dir='ltr'>lllii</span> <span class='ocrx_word' id='word_1_194' title='bbox 567 2951 672 3012; x_wconf 88' lang='lat' dir='ltr'>nostri</span> <span class='ocrx_word' id='word_1_195' title='bbox 687 2951 723 3013; x_wconf 87' lang='lat' dir='ltr'>L.</span> <span class='ocrx_word' id='word_1_196' title='bbox 739 2954 904 3013; x_wconf 75' lang='lat' dir='ltr'>Armeniae</span> <span class='ocrx_word' id='word_1_197' title='bbox 917 2953 1005 3030; x_wconf 81' lang='lat' dir='ltr'>regis</span> <span class='ocrx_word' id='word_1_198' title='bbox 1028 2955 1125 3016; x_wconf 89' lang='lat' dir='ltr'>illus-</span> 
     </span>
     <span class='ocr_line' id='line_1_28' title="bbox 328 3042 1123 3127; baseline 0.013 -24"><span class='ocrx_word' id='word_1_199' title='bbox 328 3042 390 3103; x_wconf 89' lang='lat' dir='ltr'>tris</span> <span class='ocrx_word' id='word_1_200' title='bbox 406 3043 525 3104; x_wconf 90' lang='lat' dir='ltr'>litteris</span> <span class='ocrx_word' id='word_1_201' title='bbox 545 3045 779 3120; x_wconf 85' lang='lat' dir='ltr'>intelleximus,</span> <span class='ocrx_word' id='word_1_202' title='bbox 806 3049 895 3111; x_wconf 89' lang='lat' dir='ltr'>inter</span> <span class='ocrx_word' id='word_1_203' title='bbox 909 3051 940 3111; x_wconf 91' lang='grc'>13</span> <span class='ocrx_word' id='word_1_204' title='bbox 956 3067 995 3111; x_wconf 91' lang='grc'>33</span> <span class='ocrx_word' id='word_1_205' title='bbox 1011 3068 1123 3127; x_wconf 87' lang='lat' dir='ltr'>regem</span> 
     </span>
     <span class='ocr_line' id='line_1_29' title="bbox 328 3140 1122 3224; baseline 0.011 -25"><span class='ocrx_word' id='word_1_206' title='bbox 328 3140 521 3216; x_wconf 88' lang='lat' dir='ltr'>praedictum</span> <span class='ocrx_word' id='word_1_207' title='bbox 537 3145 740 3216; x_wconf 89' lang='lat' dir='ltr'>convenerit,</span> <span class='ocrx_word' id='word_1_208' title='bbox 764 3145 799 3207; x_wconf 90' lang='lat' dir='ltr'>ut</span> <span class='ocrx_word' id='word_1_209' title='bbox 811 3145 908 3207; x_wconf 82' lang='lat' dir='ltr'>natus</span> <span class='ocrx_word' id='word_1_210' title='bbox 924 3147 1000 3207; x_wconf 87' lang='lat' dir='ltr'>tuus</span> <span class='ocrx_word' id='word_1_211' title='bbox 1016 3142 1122 3224; x_wconf 87' lang='lat' dir='ltr'>ipsius</span> 
     </span>
     <span class='ocr_line' id='line_1_30' title="bbox 329 3234 1121 3321; baseline 0.014 -27"><span class='ocrx_word' id='word_1_212' title='bbox 329 3234 431 3296; x_wconf 88' lang='lat' dir='ltr'>liliam</span> <span class='ocrx_word' id='word_1_213' title='bbox 447 3237 590 3314; x_wconf 88' lang='lat' dir='ltr'>accipiat</span> <span class='ocrx_word' id='word_1_214' title='bbox 603 3239 637 3300; x_wconf 94' lang='lat' dir='ltr'>in</span> <span class='ocrx_word' id='word_1_215' title='bbox 649 3255 797 3312; x_wconf 88' lang='lat' dir='ltr'>uxorem,</span> <span class='ocrx_word' id='word_1_216' title='bbox 811 3242 858 3304; x_wconf 88' lang='lat' dir='ltr'>ita</span> <span class='ocrx_word' id='word_1_217' title='bbox 873 3243 910 3304; x_wconf 92' lang='grc'>11</span> <span class='ocrx_word' id='word_1_218' title='bbox 928 3243 1034 3304; x_wconf 91' lang='lat' dir='ltr'>eidem</span> <span class='ocrx_word' id='word_1_219' title='bbox 1050 3245 1121 3321; x_wconf 90' lang='lat' dir='ltr'>regi</span> 
     </span>
     <span class='ocr_line' id='line_1_31' title="bbox 327 3331 1122 3413; baseline 0.014 -22"><span class='ocrx_word' id='word_1_220' title='bbox 327 3331 457 3394; x_wconf 89' lang='lat' dir='ltr'>ratione</span> <span class='ocrx_word' id='word_1_221' title='bbox 477 3333 556 3396; x_wconf 85' lang='grc'><strong>111133</strong></span> <span class='ocrx_word' id='word_1_222' title='bbox 581 3351 649 3397; x_wconf 87' lang='lat' dir='ltr'>suae</span> <span class='ocrx_word' id='word_1_223' title='bbox 670 3339 767 3413; x_wconf 90' lang='lat' dir='ltr'>prout</span> <span class='ocrx_word' id='word_1_224' title='bbox 783 3337 890 3400; x_wconf 84' lang='lat' dir='ltr'>haeres</span> <span class='ocrx_word' id='word_1_225' title='bbox 912 3339 1067 3402; x_wconf 89' lang='grc'><strong>31333131</strong></span> <span class='ocrx_word' id='word_1_226' title='bbox 1088 3341 1122 3402; x_wconf 90' lang='grc'>11</span> 
     </span>
     <span class='ocr_line' id='line_1_32' title="bbox 328 3431 1122 3514; baseline 0.015 -26"><span class='ocrx_word' id='word_1_227' title='bbox 328 3443 466 3503; x_wconf 88' lang='lat' dir='ltr'>regnum</span> <span class='ocrx_word' id='word_1_228' title='bbox 490 3431 664 3493; x_wconf 87' lang='lat' dir='ltr'>habiturus</span> <span class='ocrx_word' id='word_1_229' title='bbox 688 3433 769 3494; x_wconf 91' lang='lat' dir='ltr'>illud</span> <span class='ocrx_word' id='word_1_230' title='bbox 791 3435 860 3497; x_wconf 88' lang='lat' dir='ltr'>toto</span> <span class='ocrx_word' id='word_1_231' title='bbox 883 3439 1031 3514; x_wconf 90' lang='lat' dir='ltr'>tempore</span> <span class='ocrx_word' id='word_1_232' title='bbox 1046 3438 1122 3500; x_wconf 86' lang='grc'><strong>11133</strong></span> 
     </span>
     <span class='ocr_line' id='line_1_33' title="bbox 329 3527 1122 3606; baseline 0.016 -22"><span class='ocrx_word' id='word_1_233' title='bbox 329 3541 409 3598; x_wconf 88' lang='lat' dir='ltr'>suae,</span> <span class='ocrx_word' id='word_1_234' title='bbox 427 3527 455 3587; x_wconf 93' lang='lat' dir='ltr'>si</span> <span class='ocrx_word' id='word_1_235' title='bbox 471 3528 570 3589; x_wconf 90' lang='lat' dir='ltr'>etiam</span> <span class='ocrx_word' id='word_1_236' title='bbox 586 3531 756 3606; x_wconf 90' lang='lat' dir='ltr'>contingat</span> <span class='ocrx_word' id='word_1_237' title='bbox 777 3547 850 3593; x_wconf 90' lang='lat' dir='ltr'>eam</span> <span class='ocrx_word' id='word_1_238' title='bbox 870 3533 1031 3596; x_wconf 87' lang='lat' dir='ltr'>decedere</span> <span class='ocrx_word' id='word_1_239' title='bbox 1046 3538 1122 3597; x_wconf 89' lang='lat' dir='ltr'>aute</span> 
     </span>
     <span class='ocr_line' id='line_1_34' title="bbox 328 3623 1123 3709; baseline 0.014 -27"><span class='ocrx_word' id='word_1_240' title='bbox 328 3639 426 3698; x_wconf 88' lang='lat' dir='ltr'>quam</span> <span class='ocrx_word' id='word_1_241' title='bbox 450 3623 644 3687; x_wconf 87' lang='lat' dir='ltr'>traducatur</span> <span class='ocrx_word' id='word_1_242' title='bbox 665 3626 706 3687; x_wconf 90' lang='lat' dir='ltr'>ab</span> <span class='ocrx_word' id='word_1_243' title='bbox 728 3627 806 3704; x_wconf 86' lang='lat' dir='ltr'>illo;</span> <span class='ocrx_word' id='word_1_244' title='bbox 825 3645 896 3702; x_wconf 90' lang='lat' dir='ltr'>nos,</span> <span class='ocrx_word' id='word_1_245' title='bbox 912 3632 997 3708; x_wconf 89' lang='lat' dir='ltr'>quod</span> <span class='ocrx_word' id='word_1_246' title='bbox 1023 3648 1123 3709; x_wconf 91' lang='lat' dir='ltr'>super</span> 
     </span>
    </p>
   </div>
   <div class='ocr_carea' id='block_1_11' title="bbox 1180 1631 1979 2001">
    <p class='ocr_par' dir='ltr' id='par_1_12' title="bbox 1180 1631 1979 2001">
     <span class='ocr_line' id='line_1_35' title="bbox 1182 1631 1977 1718; baseline 0.025 -28"><span class='ocrx_word' id='word_1_247' title='bbox 1182 1631 1271 1692; x_wconf 87' lang='lat' dir='ltr'>vices</span> <span class='ocrx_word' id='word_1_248' title='bbox 1286 1637 1413 1707; x_wconf 88' lang='lat' dir='ltr'>gerant,</span> <span class='ocrx_word' id='word_1_249' title='bbox 1433 1651 1640 1716; x_wconf 83' lang='lat' dir='ltr'>uaecumque</span> <span class='ocrx_word' id='word_1_250' title='bbox 1656 1642 1814 1718; x_wconf 77' lang='lat' dir='ltr'>praedicto</span> <span class='ocrx_word' id='word_1_251' title='bbox 1837 1661 1856 1706; x_wconf 91' lang='grc'>3</span> <span class='ocrx_word' id='word_1_252' title='bbox 1881 1647 1977 1710; x_wconf 88' lang='lat' dir='ltr'>vobis</span> 
     </span>
     <span class='ocr_line' id='line_1_36' title="bbox 1181 1726 1977 1815; baseline 0.024 -27"><span class='ocrx_word' id='word_1_253' title='bbox 1181 1726 1285 1789; x_wconf 88' lang='lat' dir='ltr'>electo</span> <span class='ocrx_word' id='word_1_254' title='bbox 1301 1730 1342 1792; x_wconf 91' lang='lat' dir='ltr'>ad</span> <span class='ocrx_word' id='word_1_255' title='bbox 1363 1733 1510 1797; x_wconf 86' lang='lat' dir='ltr'>nostram</span> <span class='ocrx_word' id='word_1_256' title='bbox 1530 1737 1655 1800; x_wconf 87' lang='lat' dir='ltr'>curetis</span> <span class='ocrx_word' id='word_1_257' title='bbox 1669 1743 1880 1815; x_wconf 76' lang='lat' dir='ltr'>praeentiam</span> <span class='ocrx_word' id='word_1_258' title='bbox 1894 1745 1977 1806; x_wconf 91' lang='lat' dir='ltr'>des·</span> 
     </span>
     <span class='ocr_line' id='line_1_37' title="bbox 1180 1825 1979 1915; baseline 0.024 -29"><span class='ocrx_word' id='word_1_259' title='bbox 1180 1825 1300 1898; x_wconf 90' lang='lat' dir='ltr'>tiuare,</span> <span class='ocrx_word' id='word_1_260' title='bbox 1318 1829 1354 1890; x_wconf 92' lang='lat' dir='ltr'>ut</span> <span class='ocrx_word' id='word_1_261' title='bbox 1373 1829 1422 1892; x_wconf 89' lang='lat' dir='ltr'>sic</span> <span class='ocrx_word' id='word_1_262' title='bbox 1442 1847 1543 1908; x_wconf 91' lang='lat' dir='ltr'>super</span> <span class='ocrx_word' id='word_1_263' title='bbox 1556 1833 1620 1896; x_wconf 92' lang='lat' dir='ltr'>boc</span> <span class='ocrx_word' id='word_1_264' title='bbox 1632 1834 1799 1900; x_wconf 84' lang='lat' dir='ltr'>salubrius</span> <span class='ocrx_word' id='word_1_265' title='bbox 1814 1842 1979 1915; x_wconf 87' lang='lat' dir='ltr'>proceda-</span> 
     </span>
     <span class='ocr_line' id='line_1_38' title="bbox 1182 1923 1978 2001; baseline 0.019 -15"><span class='ocrx_word' id='word_1_266' title='bbox 1182 1923 1245 1986; x_wconf 88' lang='lat' dir='ltr'>tur.</span> <span class='ocrx_word' id='word_1_267' title='bbox 1262 1925 1380 1989; x_wconf 88' lang='lat' dir='ltr'>Datum</span> <span class='ocrx_word' id='word_1_268' title='bbox 1397 1929 1553 1991; x_wconf 83' lang='lat' dir='ltr'>Laterani</span> <span class='ocrx_word' id='word_1_269' title='bbox 1574 1933 1617 1992; x_wconf 91' lang='lat' dir='ltr'>IV</span> <span class='ocrx_word' id='word_1_270' title='bbox 1632 1949 1738 1994; x_wconf 89' lang='lat' dir='ltr'>nonas</span> <span class='ocrx_word' id='word_1_271' title='bbox 1752 1938 1865 1998; x_wconf 86' lang='lat' dir='ltr'>martii</span> <span class='ocrx_word' id='word_1_272' title='bbox 1886 1955 1978 2001; x_wconf 91' lang='lat' dir='ltr'>anno</span> 
     </span>
    </p>
   </div>
   <div class='ocr_carea' id='block_1_12' title="bbox 1180 2019 1634 2222">
    <p class='ocr_par' dir='ltr' id='par_1_13' title="bbox 1180 2019 1634 2222">
     <span class='ocr_line' id='line_1_39' title="bbox 1180 2019 1289 2082; baseline 0.018 -2"><span class='ocrx_word' id='word_1_273' title='bbox 1180 2019 1289 2082; x_wconf 73' lang='grc'><strong>13313.</strong></span> 
     </span>
     <span class='ocr_line' id='line_1_40' title="bbox 1517 2134 1634 2222; baseline 0.026 -3"><span class='ocrx_word' id='word_1_274' title='bbox 1517 2134 1634 2222; x_wconf 84' lang='lat' dir='ltr'>CXLI</span> 
     </span>
    </p>
   </div>
   <div class='ocr_carea' id='block_1_13' title="bbox 1181 2233 1976 2440">
    <p class='ocr_par' dir='ltr' id='par_1_14' title="bbox 1181 2233 1976 2440">
     <span class='ocr_line' id='line_1_41' title="bbox 1181 2233 1976 2343; baseline 0.015 -19"><span class='ocrx_word' id='word_1_275' title='bbox 1181 2266 1231 2324; x_wconf 84' lang='lat' dir='ltr'>Ad</span> <span class='ocrx_word' id='word_1_276' title='bbox 1253 2233 1539 2340; x_wconf 73' lang='lat' dir='ltr'>archiepiscopos,</span> <span class='ocrx_word' id='word_1_277' title='bbox 1562 2271 1747 2343; x_wconf 84' lang='lat' dir='ltr'>episcopos,</span> <span class='ocrx_word' id='word_1_278' title='bbox 1777 2273 1914 2336; x_wconf 82' lang='lat' dir='ltr'>abbates</span> <span class='ocrx_word' id='word_1_279' title='bbox 1940 2275 1976 2336; x_wconf 85' lang='lat' dir='ltr'>et</span> 
     </span>
     <span class='ocr_line' id='line_1_42' title="bbox 1319 2365 1830 2440; baseline 0.01 -17"><span class='ocrx_word' id='word_1_280' title='bbox 1319 2366 1404 2424; x_wconf 85' lang='grc'><strong>31133</strong></span> <span class='ocrx_word' id='word_1_281' title='bbox 1418 2365 1640 2426; x_wconf 82' lang='lat' dir='ltr'>ecclesiarum</span> <span class='ocrx_word' id='word_1_282' title='bbox 1653 2367 1830 2440; x_wconf 84' lang='lat' dir='ltr'>proetotos.</span> 
     </span>
    </p>
   </div>
   <div class='ocr_carea' id='block_1_14' title="bbox 1211 2475 1942 2655">
    <p class='ocr_par' dir='ltr' id='par_1_15' title="bbox 1211 2475 1942 2655">
     <span class='ocr_line' id='line_1_43' title="bbox 1472 2475 1679 2535; baseline 0.014 -3"><span class='ocrx_word' id='word_1_283' title='bbox 1472 2475 1585 2533; x_wconf 81' lang='grc'><strong>111311.</strong></span> <span class='ocrx_word' id='word_1_284' title='bbox 1602 2479 1679 2535; x_wconf 79' lang='lat' dir='ltr'>itta.</span> 
     </span>
     <span class='ocr_line' id='line_1_44' title="bbox 1211 2578 1942 2655; baseline 0.012 -25"><span class='ocrx_word' id='word_1_285' title='bbox 1211 2578 1332 2644; x_wconf 75' lang='lat' dir='ltr'>[Rogati.</span> <span class='ocrx_word' id='word_1_286' title='bbox 1340 2579 1517 2646; x_wconf 80' lang='lat' dir='ltr'>llb.tll‚epist.</span> <span class='ocrx_word' id='word_1_287' title='bbox 1530 2582 1584 2631; x_wconf 79' lang='lat' dir='ltr'>als.</span> <span class='ocrx_word' id='word_1_288' title='bbox 1598 2584 1656 2634; x_wconf 84' lang='grc'><strong>1133.</strong></span> <span class='ocrx_word' id='word_1_289' title='bbox 1666 2585 1705 2636; x_wconf 83' lang='lat' dir='ltr'>La</span> <span class='ocrx_word' id='word_1_290' title='bbox 1715 2587 1790 2637; x_wconf 86' lang='lat' dir='ltr'>Porta</span> <span class='ocrx_word' id='word_1_291' title='bbox 1802 2587 1942 2655; x_wconf 70' lang='lat' dir='ltr'>dotauit]</span> 
     </span>
    </p>
   </div>
   <div class='ocr_carea' id='block_1_15' title="bbox 1180 2685 1972 2852">
    <p class='ocr_par' dir='ltr' id='par_1_16' title="bbox 1180 2685 1972 2852">
     <span class='ocr_line' id='line_1_45' title="bbox 1180 2685 1972 2762; baseline 0.014 -18"><span class='ocrx_word' id='word_1_292' title='bbox 1180 2686 1215 2744; x_wconf 88' lang='lat' dir='ltr'>Ut</span> <span class='ocrx_word' id='word_1_293' title='bbox 1230 2685 1334 2744; x_wconf 86' lang='lat' dir='ltr'>iaciant</span> <span class='ocrx_word' id='word_1_294' title='bbox 1348 2688 1497 2746; x_wconf 80' lang='lat' dir='ltr'>restituere</span> <span class='ocrx_word' id='word_1_295' title='bbox 1512 2688 1585 2748; x_wconf 89' lang='lat' dir='ltr'>bone</span> <span class='ocrx_word' id='word_1_296' title='bbox 1598 2689 1733 2762; x_wconf 84' lang='lat' dir='ltr'>direptae</span> <span class='ocrx_word' id='word_1_297' title='bbox 1747 2692 1833 2751; x_wconf 88' lang='lat' dir='ltr'>domo</span> <span class='ocrx_word' id='word_1_298' title='bbox 1849 2697 1972 2754; x_wconf 86' lang='lat' dir='ltr'>Grandi·</span> 
     </span>
     <span class='ocr_line' id='line_1_46' title="bbox 1364 2778 1785 2852; baseline 0.01 -20"><span class='ocrx_word' id='word_1_299' title='bbox 1364 2778 1506 2834; x_wconf 89' lang='lat' dir='ltr'>montensi</span> <span class='ocrx_word' id='word_1_300' title='bbox 1521 2785 1549 2834; x_wconf 90' lang='lat' dir='ltr'>et</span> <span class='ocrx_word' id='word_1_301' title='bbox 1572 2793 1609 2836; x_wconf 88' lang='lat' dir='ltr'>ex</span> <span class='ocrx_word' id='word_1_302' title='bbox 1623 2779 1686 2852; x_wconf 81' lang='lat' dir='ltr'>ejus</span> <span class='ocrx_word' id='word_1_303' title='bbox 1695 2781 1785 2838; x_wconf 88' lang='lat' dir='ltr'>cellis.</span> 
     </span>
    </p>
   </div>
   <div class='ocr_carea' id='block_1_16' title="bbox 1176 2883 1977 3742">
    <p class='ocr_par' dir='ltr' id='par_1_17' title="bbox 1178 2883 1975 3257">
     <span class='ocr_line' id='line_1_47' title="bbox 1219 2883 1975 2956; baseline 0.015 -14"><span class='ocrx_word' id='word_1_304' title='bbox 1219 2883 1400 2955; x_wconf 87' lang='lat' dir='ltr'>Honorius,</span> <span class='ocrx_word' id='word_1_305' title='bbox 1428 2887 1508 2956; x_wconf 81' lang='grc'><strong>313,</strong></span> <span class='ocrx_word' id='word_1_306' title='bbox 1536 2887 1783 2955; x_wconf 89' lang='lat' dir='ltr'>venerabilibus</span> <span class='ocrx_word' id='word_1_307' title='bbox 1809 2890 1975 2954; x_wconf 77' lang='lat' dir='ltr'>tratribus</span> 
     </span>
     <span class='ocr_line' id='line_1_48' title="bbox 1179 2979 1975 3060; baseline 0.013 -18"><span class='ocrx_word' id='word_1_308' title='bbox 1179 2979 1448 3056; x_wconf 85' lang='lat' dir='ltr'>archiepiscopis,</span> <span class='ocrx_word' id='word_1_309' title='bbox 1465 2983 1498 3044; x_wconf 92' lang='lat' dir='ltr'>et</span> <span class='ocrx_word' id='word_1_310' title='bbox 1508 2983 1685 3060; x_wconf 86' lang='lat' dir='ltr'>episcopis,</span> <span class='ocrx_word' id='word_1_311' title='bbox 1703 2988 1736 3049; x_wconf 90' lang='lat' dir='ltr'>et</span> <span class='ocrx_word' id='word_1_312' title='bbox 1750 2986 1880 3051; x_wconf 85' lang='lat' dir='ltr'>dilectis</span> <span class='ocrx_word' id='word_1_313' title='bbox 1895 2989 1975 3052; x_wconf 85' lang='lat' dir='ltr'>liliis</span> 
     </span>
     <span class='ocr_line' id='line_1_49' title="bbox 1178 3076 1974 3156; baseline 0.015 -18"><span class='ocrx_word' id='word_1_314' title='bbox 1178 3076 1362 3149; x_wconf 85' lang='lat' dir='ltr'>abbatibus,</span> <span class='ocrx_word' id='word_1_315' title='bbox 1386 3079 1564 3156; x_wconf 90' lang='lat' dir='ltr'>prioribus,</span> <span class='ocrx_word' id='word_1_316' title='bbox 1597 3083 1630 3143; x_wconf 88' lang='lat' dir='ltr'>et</span> <span class='ocrx_word' id='word_1_317' title='bbox 1653 3083 1729 3144; x_wconf 90' lang='lat' dir='ltr'>aliis</span> <span class='ocrx_word' id='word_1_318' title='bbox 1757 3085 1974 3150; x_wconf 81' lang='lat' dir='ltr'>ecclesiarum</span> 
     </span>
     <span class='ocr_line' id='line_1_50' title="bbox 1178 3174 1939 3257; baseline 0.017 -23"><span class='ocrx_word' id='word_1_319' title='bbox 1178 3174 1324 3250; x_wconf 85' lang='lat' dir='ltr'>praelatis</span> <span class='ocrx_word' id='word_1_320' title='bbox 1339 3175 1381 3236; x_wconf 89' lang='lat' dir='ltr'>ad</span> <span class='ocrx_word' id='word_1_321' title='bbox 1396 3191 1477 3253; x_wconf 87' lang='lat' dir='ltr'>quos</span> <span class='ocrx_word' id='word_1_322' title='bbox 1490 3178 1610 3240; x_wconf 77' lang='lat' dir='ltr'>litterae</span> <span class='ocrx_word' id='word_1_323' title='bbox 1628 3180 1702 3240; x_wconf 85' lang='grc'><strong>13133</strong></span> <span class='ocrx_word' id='word_1_324' title='bbox 1717 3185 1939 3257; x_wconf 84' lang='lat' dir='ltr'>pervenerint.</span> 
     </span>
    </p>

    <p class='ocr_par' dir='ltr' id='par_1_18' title="bbox 1176 3270 1977 3742">
     <span class='ocr_line' id='line_1_51' title="bbox 1219 3270 1976 3354; baseline 0.015 -24"><span class='ocrx_word' id='word_1_325' title='bbox 1219 3270 1413 3346; x_wconf 77' lang='lat' dir='ltr'>satagentes</span> <span class='ocrx_word' id='word_1_326' title='bbox 1441 3273 1551 3348; x_wconf 90' lang='lat' dir='ltr'>sopire</span> <span class='ocrx_word' id='word_1_327' title='bbox 1576 3274 1871 3354; x_wconf 74' lang='lat' dir='ltr'>discordiamque</span> <span class='ocrx_word' id='word_1_328' title='bbox 1895 3280 1976 3341; x_wconf 87' lang='lat' dir='ltr'>licet</span> 
     </span>
     <span class='ocr_line' id='line_1_52' title="bbox 1177 3364 1972 3452; baseline 0.016 -27"><span class='ocrx_word' id='word_1_329' title='bbox 1177 3364 1276 3442; x_wconf 91' lang='lat' dir='ltr'>longo</span> <span class='ocrx_word' id='word_1_330' title='bbox 1298 3369 1369 3443; x_wconf 89' lang='lat' dir='ltr'>jam</span> <span class='ocrx_word' id='word_1_331' title='bbox 1396 3369 1543 3448; x_wconf 89' lang='lat' dir='ltr'>tempore</span> <span class='ocrx_word' id='word_1_332' title='bbox 1564 3371 1685 3452; x_wconf 85' lang='grc'><strong>1131133</strong></span> <span class='ocrx_word' id='word_1_333' title='bbox 1701 3375 1972 3438; x_wconf 84' lang='lat' dir='ltr'>Grandimonteu.</span> 
     </span>
     <span class='ocr_line' id='line_1_53' title="bbox 1176 3462 1975 3549; baseline 0.015 -25"><span class='ocrx_word' id='word_1_334' title='bbox 1176 3462 1332 3535; x_wconf 89' lang='lat' dir='ltr'>turbavit,</span> <span class='ocrx_word' id='word_1_335' title='bbox 1346 3463 1398 3526; x_wconf 90' lang='lat' dir='ltr'>bis</span> <span class='ocrx_word' id='word_1_336' title='bbox 1413 3465 1524 3526; x_wconf 89' lang='lat' dir='ltr'>tamen</span> <span class='ocrx_word' id='word_1_337' title='bbox 1535 3469 1738 3545; x_wconf 89' lang='lat' dir='ltr'>temporibus</span> <span class='ocrx_word' id='word_1_338' title='bbox 1750 3472 1887 3534; x_wconf 89' lang='lat' dir='ltr'>saevisse</span> <span class='ocrx_word' id='word_1_339' title='bbox 1901 3473 1975 3549; x_wconf 89' lang='lat' dir='ltr'>plus</span> 
     </span>
     <span class='ocr_line' id='line_1_54' title="bbox 1177 3557 1976 3652; baseline 0.02 -34"><span class='ocrx_word' id='word_1_340' title='bbox 1177 3557 1274 3620; x_wconf 91' lang='lat' dir='ltr'>solito</span> <span class='ocrx_word' id='word_1_341' title='bbox 1301 3560 1487 3634; x_wconf 89' lang='lat' dir='ltr'>videbatur,</span> <span class='ocrx_word' id='word_1_342' title='bbox 1511 3564 1663 3644; x_wconf 85' lang='lat' dir='ltr'>quaedam</span> <span class='ocrx_word' id='word_1_343' title='bbox 1685 3566 1831 3642; x_wconf 88' lang='lat' dir='ltr'>capitula</span> <span class='ocrx_word' id='word_1_344' title='bbox 1850 3569 1976 3652; x_wconf 77' lang='lat' dir='ltr'>regulas</span> 
     </span>
     <span class='ocr_line' id='line_1_55' title="bbox 1177 3658 1977 3742; baseline 0.013 -26"><span class='ocrx_word' id='word_1_345' title='bbox 1177 3671 1258 3730; x_wconf 83' lang='lat' dir='ltr'>suae,</span> <span class='ocrx_word' id='word_1_346' title='bbox 1270 3673 1344 3734; x_wconf 89' lang='lat' dir='ltr'>quae</span> <span class='ocrx_word' id='word_1_347' title='bbox 1354 3658 1522 3736; x_wconf 79' lang='lat' dir='ltr'>praecipue</span> <span class='ocrx_word' id='word_1_348' title='bbox 1535 3661 1708 3736; x_wconf 91' lang='lat' dir='ltr'>pariebant</span> <span class='ocrx_word' id='word_1_349' title='bbox 1723 3664 1896 3728; x_wconf 87' lang='lat' dir='ltr'>materiam</span> <span class='ocrx_word' id='word_1_350' title='bbox 1905 3669 1977 3742; x_wconf 90' lang='lat' dir='ltr'>jur·</span> 
     </span>
    </p>
   </div>
   <div class='ocr_carea' id='block_1_17' title="bbox 235 3717 1163 3805">
    <p class='ocr_par' dir='ltr' id='par_1_19' title="bbox 235 3717 1163 3805">
     <span class='ocr_line' id='line_1_56' title="bbox 235 3717 1163 3805; baseline 0.019 -29"><span class='ocrx_word' id='word_1_351' title='bbox 235 3779 238 3790; x_wconf 65' lang='grc'><strong>,</strong></span> <span class='ocrx_word' id='word_1_352' title='bbox 327 3717 390 3779; x_wconf 87' lang='grc'><strong>1133</strong></span> <span class='ocrx_word' id='word_1_353' title='bbox 402 3721 537 3796; x_wconf 90' lang='lat' dir='ltr'>provide</span> <span class='ocrx_word' id='word_1_354' title='bbox 552 3739 591 3784; x_wconf 90' lang='lat' dir='ltr'>ac</span> <span class='ocrx_word' id='word_1_355' title='bbox 607 3723 733 3785; x_wconf 89' lang='lat' dir='ltr'>utiliter</span> <span class='ocrx_word' id='word_1_356' title='bbox 745 3725 936 3799; x_wconf 80' lang='lat' dir='ltr'>factumest,</span> <span class='ocrx_word' id='word_1_357' title='bbox 951 3727 1030 3789; x_wconf 88' lang='grc'><strong>1333</strong></span> <span class='ocrx_word' id='word_1_358' title='bbox 1043 3745 1122 3805; x_wconf 89' lang='lat' dir='ltr'>rege</span> <span class='ocrx_word' id='word_1_359' title='bbox 1159 3788 1163 3794; x_wconf 90' lang='grc'><strong>,</strong></span> 
     </span>
    </p>
   </div>
   <div class='ocr_carea' id='block_1_18' title="bbox 325 3816 1122 4086">
    <p class='ocr_par' dir='ltr' id='par_1_20' title="bbox 325 3816 1122 4086">
     <span class='ocr_line' id='line_1_57' title="bbox 326 3816 1121 3902; baseline 0.015 -27"><span class='ocrx_word' id='word_1_360' title='bbox 326 3816 485 3893; x_wconf 89' lang='lat' dir='ltr'>praedicto</span> <span class='ocrx_word' id='word_1_361' title='bbox 511 3821 783 3896; x_wconf 89' lang='lat' dir='ltr'>supplicantibus,</span> <span class='ocrx_word' id='word_1_362' title='bbox 814 3823 970 3886; x_wconf 85' lang='lat' dir='ltr'>duximus</span> <span class='ocrx_word' id='word_1_363' title='bbox 996 3841 1121 3902; x_wconf 92' lang='lat' dir='ltr'>appro-</span> 
     </span>
     <span class='ocr_line' id='line_1_58' title="bbox 327 3911 1122 3991; baseline 0.016 -19"><span class='ocrx_word' id='word_1_364' title='bbox 327 3911 483 3976; x_wconf 90' lang='lat' dir='ltr'>bandum.</span> <span class='ocrx_word' id='word_1_365' title='bbox 502 3918 622 3979; x_wconf 91' lang='lat' dir='ltr'>Datum</span> <span class='ocrx_word' id='word_1_366' title='bbox 638 3920 806 3991; x_wconf 84' lang='lat' dir='ltr'>Laterani,</span> <span class='ocrx_word' id='word_1_367' title='bbox 830 3923 875 3982; x_wconf 93' lang='grc'>111</span> <span class='ocrx_word' id='word_1_368' title='bbox 890 3938 995 3984; x_wconf 88' lang='grc'><strong>13133</strong></span> <span class='ocrx_word' id='word_1_369' title='bbox 1010 3923 1122 3985; x_wconf 89' lang='lat' dir='ltr'>martii</span> 
     </span>
     <span class='ocr_line' id='line_1_59' title="bbox 325 4011 879 4086; baseline 0.013 -16"><span class='ocrx_word' id='word_1_370' title='bbox 325 4011 539 4086; x_wconf 84' lang='lat' dir='ltr'>pontificatus</span> <span class='ocrx_word' id='word_1_371' title='bbox 552 4015 657 4078; x_wconf 90' lang='lat' dir='ltr'>nostri</span> <span class='ocrx_word' id='word_1_372' title='bbox 672 4032 760 4078; x_wconf 90' lang='lat' dir='ltr'>anno</span> <span class='ocrx_word' id='word_1_373' title='bbox 769 4019 879 4080; x_wconf 90' lang='lat' dir='ltr'>tertio.</span> 
     </span>
    </p>
   </div>
   <div class='ocr_carea' id='block_1_19' title="bbox 326 3848 1976 4818">
    <p class='ocr_par' dir='ltr' id='par_1_21' title="bbox 954 3848 1975 4223">
     <span class='ocr_line' id='line_1_60' title="bbox 1178 3848 1975 3934; baseline 0.013 -24"><span class='ocrx_word' id='word_1_374' title='bbox 1178 3848 1306 3910; x_wconf 84' lang='lat' dir='ltr'>clarere</span> <span class='ocrx_word' id='word_1_375' title='bbox 1335 3853 1540 3922; x_wconf 90' lang='lat' dir='ltr'>curavimus,</span> <span class='ocrx_word' id='word_1_376' title='bbox 1557 3855 1590 3915; x_wconf 89' lang='grc'>31</span> <span class='ocrx_word' id='word_1_377' title='bbox 1609 3854 1799 3920; x_wconf 88' lang='lat' dir='ltr'>innovando</span> <span class='ocrx_word' id='word_1_378' title='bbox 1822 3857 1975 3934; x_wconf 88' lang='lat' dir='ltr'>quaedam</span> 
     </span>
     <span class='ocr_line' id='line_1_61' title="bbox 1178 3946 1975 4036; baseline 0.014 -30"><span class='ocrx_word' id='word_1_379' title='bbox 1178 3946 1459 4023; x_wconf 75' lang='lat' dir='ltr'>praedecessorum</span> <span class='ocrx_word' id='word_1_380' title='bbox 1470 3950 1660 4012; x_wconf 90' lang='lat' dir='ltr'>nostrornm</span> <span class='ocrx_word' id='word_1_381' title='bbox 1670 3953 1805 4036; x_wconf 76' lang='lat' dir='ltr'>statuta,</span> <span class='ocrx_word' id='word_1_382' title='bbox 1816 3956 1849 4016; x_wconf 90' lang='grc'>31</span> <span class='ocrx_word' id='word_1_383' title='bbox 1861 3958 1975 4018; x_wconf 88' lang='lat' dir='ltr'>nostra</span> 
     </span>
     <span class='ocr_line' id='line_1_62' title="bbox 1177 4045 1973 4126; baseline 0.013 -23"><span class='ocrx_word' id='word_1_384' title='bbox 1177 4045 1278 4104; x_wconf 89' lang='lat' dir='ltr'>etiam</span> <span class='ocrx_word' id='word_1_385' title='bbox 1302 4045 1488 4122; x_wconf 68' lang='lat' dir='ltr'>adjiciendo</span> <span class='ocrx_word' id='word_1_386' title='bbox 1515 4047 1556 4108; x_wconf 89' lang='lat' dir='ltr'>de</span> <span class='ocrx_word' id='word_1_387' title='bbox 1571 4063 1671 4120; x_wconf 91' lang='lat' dir='ltr'>novo,</span> <span class='ocrx_word' id='word_1_388' title='bbox 1691 4049 1737 4112; x_wconf 90' lang='grc'>113</span> <span class='ocrx_word' id='word_1_389' title='bbox 1754 4051 1973 4126; x_wconf 88' lang='lat' dir='ltr'>providimus,</span> 
     </span>
     <span class='ocr_line' id='line_1_63' title="bbox 954 4141 1975 4223; baseline 0.014 -26"><span class='ocrx_word' id='word_1_390' title='bbox 954 4213 958 4218; x_wconf 25' lang='grc' dir='ltr'>Ι</span> <span class='ocrx_word' id='word_1_391' title='bbox 1107 4179 1112 4188; x_wconf 86' lang='lat'><strong>·</strong></span> <span class='ocrx_word' id='word_1_392' title='bbox 1178 4141 1263 4216; x_wconf 89' lang='lat' dir='ltr'>quod</span> <span class='ocrx_word' id='word_1_393' title='bbox 1290 4141 1479 4220; x_wconf 86' lang='lat' dir='ltr'>hujusmodi</span> <span class='ocrx_word' id='word_1_394' title='bbox 1507 4144 1674 4206; x_wconf 85' lang='lat' dir='ltr'>discordia</span> <span class='ocrx_word' id='word_1_395' title='bbox 1694 4147 1815 4223; x_wconf 89' lang='lat' dir='ltr'>poterit</span> <span class='ocrx_word' id='word_1_396' title='bbox 1841 4164 1975 4211; x_wconf 88' lang='lat' dir='ltr'>cessare</span> 
     </span>
    </p>

    <p class='ocr_par' dir='ltr' id='par_1_22' title="bbox 617 4185 1976 4520">
     <span class='ocr_line' id='line_1_64' title="bbox 677 4185 1973 4320; baseline 0.014 -29"><span class='ocrx_word' id='word_1_397' title='bbox 677 4185 774 4271; x_wconf 73' lang='lat' dir='ltr'>CXL</span> <span class='ocrx_word' id='word_1_398' title='bbox 1177 4237 1733 4318; x_wconf 73' lang='grc'><strong>13333131311131111331,11131111</strong></span> <span class='ocrx_word' id='word_1_399' title='bbox 1748 4244 1825 4306; x_wconf 87' lang='lat' dir='ltr'>aliis</span> <span class='ocrx_word' id='word_1_400' title='bbox 1841 4246 1973 4320; x_wconf 90' lang='lat' dir='ltr'>litteris,</span> 
     </span>
     <span class='ocr_line' id='line_1_65' title="bbox 1177 4336 1973 4416; baseline 0.016 -22"><span class='ocrx_word' id='word_1_401' title='bbox 1177 4350 1258 4411; x_wconf 89' lang='lat' dir='ltr'>quas</span> <span class='ocrx_word' id='word_1_402' title='bbox 1269 4352 1369 4412; x_wconf 92' lang='lat' dir='ltr'>super</span> <span class='ocrx_word' id='word_1_403' title='bbox 1384 4336 1447 4398; x_wconf 89' lang='lat' dir='ltr'>boo</span> <span class='ocrx_word' id='word_1_404' title='bbox 1459 4338 1553 4400; x_wconf 91' lang='lat' dir='ltr'>vobis</span> <span class='ocrx_word' id='word_1_405' title='bbox 1574 4340 1758 4403; x_wconf 83' lang='lat' dir='ltr'>direximus</span> <span class='ocrx_word' id='word_1_406' title='bbox 1774 4344 1973 4416; x_wconf 88' lang='lat' dir='ltr'>continetur,</span> 
     </span>
     <span class='ocr_line' id='line_1_66' title="bbox 617 4427 1976 4520; baseline 0.015 -36"><span class='ocrx_word' id='word_1_407' title='bbox 617 4427 831 4490; x_wconf 73' lang='grc'><strong>1113111119.</strong></span> <span class='ocrx_word' id='word_1_408' title='bbox 1177 4433 1358 4495; x_wconf 80' lang='lat' dir='ltr'>efficaciter</span> <span class='ocrx_word' id='word_1_409' title='bbox 1394 4436 1592 4497; x_wconf 78' lang='lat' dir='ltr'>curaveritis</span> <span class='ocrx_word' id='word_1_410' title='bbox 1625 4438 1837 4520; x_wconf 85' lang='lat' dir='ltr'>interponere</span> <span class='ocrx_word' id='word_1_411' title='bbox 1864 4445 1976 4516; x_wconf 87' lang='lat' dir='ltr'>partes</span> 
     </span>
    </p>

    <p class='ocr_par' dir='ltr' id='par_1_23' title="bbox 326 4529 1976 4818">
     <span class='ocr_line' id='line_1_67' title="bbox 432 4529 1975 4612; baseline 0.012 -30"><span class='ocrx_word' id='word_1_412' title='bbox 432 4529 683 4595; x_wconf 62' lang='lat' dir='ltr'>[alternationem.</span> <span class='ocrx_word' id='word_1_413' title='bbox 696 4534 840 4598; x_wconf 73' lang='lat' dir='ltr'>uulgaris,</span> <span class='ocrx_word' id='word_1_414' title='bbox 853 4537 872 4592; x_wconf 87' lang='lat'>1.</span> <span class='ocrx_word' id='word_1_415' title='bbox 885 4537 923 4594; x_wconf 85' lang='lat' dir='ltr'>ts,</span> <span class='ocrx_word' id='word_1_416' title='bbox 936 4547 962 4585; x_wconf 74' lang='lat' dir='ltr'>a⁰</span> <span class='ocrx_word' id='word_1_417' title='bbox 974 4535 1026 4600; x_wconf 75' lang='lat' dir='ltr'>aa]</span> <span class='ocrx_word' id='word_1_418' title='bbox 1176 4533 1317 4592; x_wconf 86' lang='lat' dir='ltr'>vestras.</span> <span class='ocrx_word' id='word_1_419' title='bbox 1343 4532 1425 4604; x_wconf 88' lang='lat' dir='ltr'>Quia</span> <span class='ocrx_word' id='word_1_420' title='bbox 1439 4549 1518 4595; x_wconf 89' lang='lat' dir='ltr'>vero</span> <span class='ocrx_word' id='word_1_421' title='bbox 1539 4534 1698 4598; x_wconf 82' lang='lat' dir='ltr'>saeviente</span> <span class='ocrx_word' id='word_1_422' title='bbox 1708 4541 1784 4612; x_wconf 79' lang='lat' dir='ltr'>,jam</span> <span class='ocrx_word' id='word_1_423' title='bbox 1800 4538 1886 4601; x_wconf 89' lang='lat' dir='ltr'>dicta</span> <span class='ocrx_word' id='word_1_424' title='bbox 1902 4539 1975 4600; x_wconf 89' lang='lat' dir='ltr'>dis-</span> 
     </span>
     <span class='ocr_line' id='line_1_68' title="bbox 326 4625 1976 4707; baseline 0.005 -20"><span class='ocrx_word' id='word_1_425' title='bbox 326 4629 502 4687; x_wconf 79' lang='lat' dir='ltr'>Electionem</span> <span class='ocrx_word' id='word_1_426' title='bbox 520 4629 556 4687; x_wconf 93' lang='lat' dir='ltr'>de</span> <span class='ocrx_word' id='word_1_427' title='bbox 571 4628 743 4688; x_wconf 87' lang='lat' dir='ltr'>caucellerlo</span> <span class='ocrx_word' id='word_1_428' title='bbox 758 4634 839 4704; x_wconf 88' lang='lat' dir='ltr'>regni</span> <span class='ocrx_word' id='word_1_429' title='bbox 857 4635 1012 4706; x_wconf 78' lang='lat' dir='ltr'>Hungariae</span> <span class='ocrx_word' id='word_1_430' title='bbox 1025 4637 1123 4707; x_wconf 86' lang='lat' dir='ltr'>nequit</span> <span class='ocrx_word' id='word_1_431' title='bbox 1177 4625 1290 4687; x_wconf 85' lang='lat' dir='ltr'>cordia</span> <span class='ocrx_word' id='word_1_432' title='bbox 1302 4627 1452 4702; x_wconf 84' lang='lat' dir='ltr'>quaedam</span> <span class='ocrx_word' id='word_1_433' title='bbox 1467 4628 1554 4691; x_wconf 87' lang='lat' dir='ltr'>bona</span> <span class='ocrx_word' id='word_1_434' title='bbox 1569 4632 1843 4694; x_wconf 78' lang='lat' dir='ltr'>arandimonteu.</span> <span class='ocrx_word' id='word_1_435' title='bbox 1858 4633 1976 4696; x_wconf 90' lang='lat' dir='ltr'>domus</span> 
     </span>
     <span class='ocr_line' id='line_1_69' title="bbox 361 4717 1975 4818; baseline 0.013 -44"><span class='ocrx_word' id='word_1_436' title='bbox 361 4732 489 4776; x_wconf 83' lang='grc'><strong>3311313</strong></span> <span class='ocrx_word' id='word_1_437' title='bbox 510 4717 546 4776; x_wconf 91' lang='grc'>31</span> <span class='ocrx_word' id='word_1_438' title='bbox 568 4733 694 4790; x_wconf 82' lang='lat' dir='ltr'>presens</span> <span class='ocrx_word' id='word_1_439' title='bbox 718 4727 747 4776; x_wconf 85' lang='lat' dir='ltr'>et</span> <span class='ocrx_word' id='word_1_440' title='bbox 766 4720 883 4778; x_wconf 85' lang='lat' dir='ltr'>mandat</span> <span class='ocrx_word' id='word_1_441' title='bbox 901 4729 933 4780; x_wconf 91' lang='lat' dir='ltr'>nt</span> <span class='ocrx_word' id='word_1_442' title='bbox 946 4737 1010 4780; x_wconf 82' lang='lat' dir='ltr'>cnut</span> <span class='ocrx_word' id='word_1_443' title='bbox 1031 4725 1122 4782; x_wconf 87' lang='lat' dir='ltr'>electo</span> <span class='ocrx_word' id='word_1_444' title='bbox 1177 4725 1209 4784; x_wconf 87' lang='lat' dir='ltr'>et</span> <span class='ocrx_word' id='word_1_445' title='bbox 1228 4723 1385 4786; x_wconf 88' lang='lat' dir='ltr'>cellarum</span> <span class='ocrx_word' id='word_1_446' title='bbox 1400 4741 1536 4788; x_wconf 88' lang='lat' dir='ltr'>suarum</span> <span class='ocrx_word' id='word_1_447' title='bbox 1562 4729 1630 4788; x_wconf 88' lang='lat' dir='ltr'>tam</span> <span class='ocrx_word' id='word_1_448' title='bbox 1653 4744 1672 4788; x_wconf 91' lang='lat' dir='ltr'>a</span> <span class='ocrx_word' id='word_1_449' title='bbox 1692 4730 1825 4792; x_wconf 88' lang='lat' dir='ltr'>clericis</span> <span class='ocrx_word' id='word_1_450' title='bbox 1841 4747 1975 4818; x_wconf 86' lang='lat' dir='ltr'>quama</span> 
     </span>
    </p>
   </div>
   <div class='ocr_carea' id='block_1_20' title="bbox 325 4807 1976 5684">
    <p class='ocr_par' dir='ltr' id='par_1_24' title="bbox 325 4807 1976 5684">
     <span class='ocr_line' id='line_1_70' title="bbox 362 4807 1976 4903; baseline 0.01 -28"><span class='ocrx_word' id='word_1_451' title='bbox 362 4807 482 4864; x_wconf 69' lang='grc'><strong>11111108</strong></span> <span class='ocrx_word' id='word_1_452' title='bbox 497 4807 598 4864; x_wconf 83' lang='lat' dir='ltr'>iterum</span> <span class='ocrx_word' id='word_1_453' title='bbox 612 4807 647 4864; x_wconf 70' lang='lat' dir='ltr'>ld</span> <span class='ocrx_word' id='word_1_454' title='bbox 658 4809 767 4866; x_wconf 80' lang='lat' dir='ltr'>curiam</span> <span class='ocrx_word' id='word_1_455' title='bbox 778 4809 929 4869; x_wconf 86' lang='lat' dir='ltr'>destinent.</span> <span class='ocrx_word' id='word_1_456' title='bbox 1177 4820 1346 4882; x_wconf 87' lang='grc'><strong>331131313</strong></span> <span class='ocrx_word' id='word_1_457' title='bbox 1375 4823 1574 4897; x_wconf 86' lang='grc'><strong>1131111313,</strong></span> <span class='ocrx_word' id='word_1_458' title='bbox 1605 4827 1638 4888; x_wconf 89' lang='grc'>31</span> <span class='ocrx_word' id='word_1_459' title='bbox 1664 4827 1759 4903; x_wconf 91' lang='lat' dir='ltr'>quasi</span> <span class='ocrx_word' id='word_1_460' title='bbox 1791 4830 1976 4891; x_wconf 89' lang='lat' dir='ltr'>surrective</span> 
     </span>
     <span class='ocr_line' id='line_1_71' title="bbox 367 4915 1976 5004; baseline 0.009 -30"><span class='ocrx_word' id='word_1_461' title='bbox 367 4915 532 4976; x_wconf 90' lang='lat' dir='ltr'>Honorius</span> <span class='ocrx_word' id='word_1_462' title='bbox 554 4917 740 4994; x_wconf 87' lang='lat' dir='ltr'>episcopus,</span> <span class='ocrx_word' id='word_1_463' title='bbox 788 4921 844 4990; x_wconf 85' lang='grc'>13,</span> <span class='ocrx_word' id='word_1_464' title='bbox 877 4919 1007 4982; x_wconf 87' lang='lat' dir='ltr'>dilectis</span> <span class='ocrx_word' id='word_1_465' title='bbox 1043 4921 1121 4981; x_wconf 85' lang='lat' dir='ltr'>liliis</span> <span class='ocrx_word' id='word_1_466' title='bbox 1177 4919 1262 4994; x_wconf 90' lang='lat' dir='ltr'>apud</span> <span class='ocrx_word' id='word_1_467' title='bbox 1295 4919 1445 4980; x_wconf 88' lang='lat' dir='ltr'>diversas</span> <span class='ocrx_word' id='word_1_468' title='bbox 1479 4937 1641 5000; x_wconf 87' lang='lat' dir='ltr'>personas</span> <span class='ocrx_word' id='word_1_469' title='bbox 1667 4927 1701 4986; x_wconf 89' lang='lat' dir='ltr'>et</span> <span class='ocrx_word' id='word_1_470' title='bbox 1729 4925 1801 4986; x_wconf 89' lang='lat' dir='ltr'>loca</span> <span class='ocrx_word' id='word_1_471' title='bbox 1826 4926 1976 5004; x_wconf 89' lang='lat' dir='ltr'>deposita</span> 
     </span>
     <span class='ocr_line' id='line_1_72' title="bbox 326 5012 1976 5104; baseline 0.01 -33"><span class='ocrx_word' id='word_1_472' title='bbox 326 5012 878 5092; x_wconf 78' lang='lat' dir='ltr'>colocensietBatbiensicapitulis</span> <span class='ocrx_word' id='word_1_473' title='bbox 895 5017 1119 5090; x_wconf 80' lang='lat' dir='ltr'>salutemetc.</span> <span class='ocrx_word' id='word_1_474' title='bbox 1177 5015 1280 5078; x_wconf 87' lang='lat' dir='ltr'>luisse</span> <span class='ocrx_word' id='word_1_475' title='bbox 1309 5017 1484 5092; x_wconf 86' lang='lat' dir='ltr'>dicuntur,</span> <span class='ocrx_word' id='word_1_476' title='bbox 1520 5021 1730 5104; x_wconf 88' lang='lat' dir='ltr'>universitati</span> <span class='ocrx_word' id='word_1_477' title='bbox 1758 5026 1878 5086; x_wconf 76' lang='lat' dir='ltr'>vestrm</span> <span class='ocrx_word' id='word_1_478' title='bbox 1915 5039 1976 5100; x_wconf 89' lang='lat' dir='ltr'>per</span> 
     </span>
     <span class='ocr_line' id='line_1_73' title="bbox 367 5110 1972 5195; baseline 0.008 -25"><span class='ocrx_word' id='word_1_479' title='bbox 367 5110 509 5173; x_wconf 87' lang='lat' dir='ltr'>Litteras</span> <span class='ocrx_word' id='word_1_480' title='bbox 544 5113 672 5172; x_wconf 89' lang='lat' dir='ltr'>vestras</span> <span class='ocrx_word' id='word_1_481' title='bbox 711 5115 744 5174; x_wconf 88' lang='lat' dir='ltr'>et</span> <span class='ocrx_word' id='word_1_482' title='bbox 782 5112 919 5176; x_wconf 90' lang='lat' dir='ltr'>dilectos</span> <span class='ocrx_word' id='word_1_483' title='bbox 956 5113 1044 5176; x_wconf 86' lang='lat' dir='ltr'>illios</span> <span class='ocrx_word' id='word_1_484' title='bbox 1081 5119 1119 5176; x_wconf 84' lang='lat' dir='ltr'>A.</span> <span class='ocrx_word' id='word_1_485' title='bbox 1176 5114 1503 5191; x_wconf 78' lang='lat' dir='ltr'>Apostolieascrtpta</span> <span class='ocrx_word' id='word_1_486' title='bbox 1522 5117 1745 5195; x_wconf 90' lang='lat' dir='ltr'>praecipiendo</span> <span class='ocrx_word' id='word_1_487' title='bbox 1764 5121 1972 5193; x_wconf 88' lang='lat' dir='ltr'>mandamus,</span> 
     </span>
     <span class='ocr_line' id='line_1_74' title="bbox 326 5207 1976 5294; baseline 0.008 -26"><span class='ocrx_word' id='word_1_488' title='bbox 326 5207 540 5284; x_wconf 86' lang='lat' dir='ltr'>praepositum</span> <span class='ocrx_word' id='word_1_489' title='bbox 566 5209 680 5270; x_wconf 86' lang='lat' dir='ltr'>Sancti</span> <span class='ocrx_word' id='word_1_490' title='bbox 699 5211 870 5272; x_wconf 88' lang='lat' dir='ltr'>Laurentii</span> <span class='ocrx_word' id='word_1_491' title='bbox 892 5213 935 5274; x_wconf 43' lang='lat' dir='ltr'>et,</span> <span class='ocrx_word' id='word_1_492' title='bbox 946 5215 984 5272; x_wconf 84' lang='grc' dir='ltr'>Β.</span> <span class='ocrx_word' id='word_1_493' title='bbox 1009 5212 1123 5274; x_wconf 86' lang='grc'><strong>313111-</strong></span> <span class='ocrx_word' id='word_1_494' title='bbox 1176 5212 1350 5288; x_wconf 87' lang='lat' dir='ltr'>quatenus,</span> <span class='ocrx_word' id='word_1_495' title='bbox 1366 5212 1550 5275; x_wconf 88' lang='lat' dir='ltr'>restituatis</span> <span class='ocrx_word' id='word_1_496' title='bbox 1567 5215 1683 5290; x_wconf 90' lang='lat' dir='ltr'>priori,</span> <span class='ocrx_word' id='word_1_497' title='bbox 1698 5217 1727 5278; x_wconf 89' lang='lat' dir='ltr'>si</span> <span class='ocrx_word' id='word_1_498' title='bbox 1741 5218 1862 5294; x_wconf 89' lang='lat' dir='ltr'>qua-de</span> <span class='ocrx_word' id='word_1_499' title='bbox 1877 5217 1976 5281; x_wconf 91' lang='lat' dir='ltr'>bonis</span> 
     </span>
     <span class='ocr_line' id='line_1_75' title="bbox 325 5305 1976 5394; baseline 0.007 -30"><span class='ocrx_word' id='word_1_500' title='bbox 325 5305 501 5366; x_wconf 85' lang='lat' dir='ltr'>diaconum</span> <span class='ocrx_word' id='word_1_501' title='bbox 512 5305 700 5382; x_wconf 83' lang='lat' dir='ltr'>deBodrog,</span> <span class='ocrx_word' id='word_1_502' title='bbox 718 5308 759 5370; x_wconf 88' lang='lat' dir='ltr'>ad</span> <span class='ocrx_word' id='word_1_503' title='bbox 775 5323 836 5370; x_wconf 91' lang='lat' dir='ltr'>nos</span> <span class='ocrx_word' id='word_1_504' title='bbox 849 5324 892 5370; x_wconf 90' lang='lat' dir='ltr'>ex</span> <span class='ocrx_word' id='word_1_505' title='bbox 902 5310 995 5386; x_wconf 89' lang='lat' dir='ltr'>parte</span> <span class='ocrx_word' id='word_1_506' title='bbox 1010 5311 1120 5372; x_wconf 86' lang='lat' dir='ltr'>vestra</span> <span class='ocrx_word' id='word_1_507' title='bbox 1175 5308 1280 5387; x_wconf 91' lang='lat' dir='ltr'>ipsius</span> <span class='ocrx_word' id='word_1_508' title='bbox 1293 5307 1418 5391; x_wconf 10' lang='lat' dir='ltr'>‘domus</span> <span class='ocrx_word' id='word_1_509' title='bbox 1432 5310 1485 5370; x_wconf 88' lang='lat' dir='ltr'>vel</span> <span class='ocrx_word' id='word_1_510' title='bbox 1507 5310 1668 5379; x_wconf 89' lang='lat' dir='ltr'>cellarum</span> <span class='ocrx_word' id='word_1_511' title='bbox 1689 5317 1762 5390; x_wconf 82' lang='lat' dir='ltr'>ejus</span> <span class='ocrx_word' id='word_1_512' title='bbox 1783 5315 1818 5376; x_wconf 91' lang='lat' dir='ltr'>in</span> <span class='ocrx_word' id='word_1_513' title='bbox 1836 5316 1976 5394; x_wconf 87' lang='lat' dir='ltr'>deposi-</span> 
     </span>
     <span class='ocr_line' id='line_1_76' title="bbox 325 5399 1976 5488; baseline 0.005 -22"><span class='ocrx_word' id='word_1_514' title='bbox 325 5401 551 5474; x_wconf 89' lang='lat' dir='ltr'>transmissos,</span> <span class='ocrx_word' id='word_1_515' title='bbox 568 5419 635 5480; x_wconf 88' lang='lat' dir='ltr'>qua</span> <span class='ocrx_word' id='word_1_516' title='bbox 660 5403 770 5466; x_wconf 88' lang='lat' dir='ltr'>decuit</span> <span class='ocrx_word' id='word_1_517' title='bbox 790 5399 994 5482; x_wconf 84' lang='lat' dir='ltr'>benignitate</span> <span class='ocrx_word' id='word_1_518' title='bbox 1019 5422 1122 5470; x_wconf 89' lang='lat' dir='ltr'>rece·</span> <span class='ocrx_word' id='word_1_519' title='bbox 1175 5405 1243 5467; x_wconf 90' lang='lat' dir='ltr'>tum</span> <span class='ocrx_word' id='word_1_520' title='bbox 1256 5405 1441 5484; x_wconf 84' lang='lat' dir='ltr'>recepistis,</span> <span class='ocrx_word' id='word_1_521' title='bbox 1456 5406 1586 5470; x_wconf 82' lang='lat' dir='ltr'>faciatis</span> <span class='ocrx_word' id='word_1_522' title='bbox 1601 5410 1800 5488; x_wconf 85' lang='lat' dir='ltr'>singuliper</span> <span class='ocrx_word' id='word_1_523' title='bbox 1815 5414 1976 5475; x_wconf 86' lang='lat' dir='ltr'>ecclesias</span> 
     </span>
     <span class='ocr_line' id='line_1_77' title="bbox 325 5500 1973 5595; baseline 0.008 -35"><span class='ocrx_word' id='word_1_524' title='bbox 325 5502 445 5577; x_wconf 91' lang='lat' dir='ltr'>pimus,</span> <span class='ocrx_word' id='word_1_525' title='bbox 472 5501 568 5577; x_wconf 88' lang='lat' dir='ltr'>plene</span> <span class='ocrx_word' id='word_1_526' title='bbox 583 5500 816 5578; x_wconf 86' lang='lat' dir='ltr'>intelligentes,</span> <span class='ocrx_word' id='word_1_527' title='bbox 842 5517 916 5580; x_wconf 83' lang='lat' dir='ltr'>qnae</span> <span class='ocrx_word' id='word_1_528' title='bbox 943 5503 976 5564; x_wconf 93' lang='lat' dir='ltr'>in</span> <span class='ocrx_word' id='word_1_529' title='bbox 1000 5504 1120 5565; x_wconf 89' lang='lat' dir='ltr'>litteris</span> <span class='ocrx_word' id='word_1_530' title='bbox 1174 5504 1351 5566; x_wconf 86' lang='grc'><strong>133113331</strong></span> <span class='ocrx_word' id='word_1_531' title='bbox 1378 5504 1472 5566; x_wconf 91' lang='lat' dir='ltr'>vobis</span> <span class='ocrx_word' id='word_1_532' title='bbox 1500 5505 1973 5595; x_wconf 72' lang='grc'><strong>311111333111113311111311,</strong></span> 
     </span>
     <span class='ocr_line' id='line_1_78' title="bbox 326 5597 1976 5684; baseline 0.01 -28"><span class='ocrx_word' id='word_1_533' title='bbox 326 5597 580 5660; x_wconf 80' lang='lat' dir='ltr'>continebantur</span> <span class='ocrx_word' id='word_1_534' title='bbox 615 5599 810 5674; x_wconf 66' lang='grc'><strong>3131311131</strong></span> <span class='ocrx_word' id='word_1_535' title='bbox 840 5600 989 5675; x_wconf 86' lang='lat' dir='ltr'>praedicti</span> <span class='ocrx_word' id='word_1_536' title='bbox 1025 5601 1119 5662; x_wconf 86' lang='lat' dir='ltr'>nobis</span> <span class='ocrx_word' id='word_1_537' title='bbox 1177 5601 1213 5661; x_wconf 92' lang='lat' dir='ltr'>ut</span> <span class='ocrx_word' id='word_1_538' title='bbox 1233 5601 1430 5678; x_wconf 86' lang='lat' dir='ltr'>quicumque</span> <span class='ocrx_word' id='word_1_539' title='bbox 1454 5603 1565 5680; x_wconf 88' lang='lat' dir='ltr'>eliqua</span> <span class='ocrx_word' id='word_1_540' title='bbox 1587 5604 1627 5666; x_wconf 90' lang='lat' dir='ltr'>de</span> <span class='ocrx_word' id='word_1_541' title='bbox 1654 5604 1749 5666; x_wconf 85' lang='lat' dir='ltr'>bonis</span> <span class='ocrx_word' id='word_1_542' title='bbox 1774 5608 1976 5684; x_wconf 80' lang='lat' dir='ltr'>supradictae</span> 
     </span>
    </p>
   </div>
   <div class='ocr_carea' id='block_1_21' title="bbox 364 4307 1120 4412">
    <p class='ocr_par' dir='ltr' id='par_1_25' title="bbox 364 4307 1120 4412">
     <span class='ocr_line' id='line_1_79' title="bbox 364 4307 1120 4412; baseline 0.008 -38"><span class='ocrx_word' id='word_1_543' title='bbox 364 4316 416 4374; x_wconf 86' lang='lat' dir='ltr'>Ad</span> <span class='ocrx_word' id='word_1_544' title='bbox 432 4317 645 4380; x_wconf 77' lang='lat' dir='ltr'>catacensem</span> <span class='ocrx_word' id='word_1_545' title='bbox 661 4318 695 4378; x_wconf 84' lang='lat' dir='ltr'>et</span> <span class='ocrx_word' id='word_1_546' title='bbox 710 4307 1120 4412; x_wconf 76' lang='lat' dir='ltr'>Bolbicttsdtn&#39;eopitutos.</span> 
     </span>
    </p>
   </div>
   <div class='ocr_carea' id='block_1_22' title="bbox 1177 3752 1985 3836">
    <p class='ocr_par' dir='ltr' id='par_1_26' title="bbox 1177 3752 1985 3836">
     <span class='ocr_line' id='line_1_80' title="bbox 1177 3752 1985 3836; baseline 0.016 -24"><span class='ocrx_word' id='word_1_547' title='bbox 1177 3752 1318 3828; x_wconf 85' lang='lat' dir='ltr'>giorum,</span> <span class='ocrx_word' id='word_1_548' title='bbox 1333 3753 1374 3814; x_wconf 93' lang='lat' dir='ltr'>de</span> <span class='ocrx_word' id='word_1_549' title='bbox 1389 3753 1526 3836; x_wconf 83' lang='lat' dir='ltr'>fratrum</span> <span class='ocrx_word' id='word_1_550' title='bbox 1549 3760 1737 3820; x_wconf 89' lang='lat' dir='ltr'>nostrorum</span> <span class='ocrx_word' id='word_1_551' title='bbox 1753 3761 1895 3822; x_wconf 87' lang='lat' dir='ltr'>consilio</span> <span class='ocrx_word' id='word_1_552' title='bbox 1913 3763 1985 3824; x_wconf 78' lang='lat' dir='ltr'>de·&#39;</span> 
     </span>
    </p>
   </div>
   <div class='ocr_carea' id='block_1_23' title="bbox 0 0 2130 6404">
    <p class='ocr_par' dir='ltr' id='par_1_27' title="bbox 0 0 2130 6404">
     <span class='ocr_line' id='line_1_81' title="bbox 0 0 2130 6404; baseline 0 1"><span class='ocrx_word' id='word_1_553' title='bbox 0 0 2130 6404; x_wconf 95' lang='lat' dir='ltr'> </span> 
     </span>
    </p>
   </div>
  </div>
 </body>
</html>
