4230 6388
139 278 201 337 rev
308 349 310 354 y

139 435 197 496 din
205 433 451 511 percipiendam
462 433 581 512 abipso
592 435 697 496 donec
709 435 797 513 aqui
806 436 935 498 valoris
1002 476 1006 482 -

138 531 403 593 ecclesiasticum
428 531 625 593 beneficium
658 531 856 596 contulisses
885 533 937 594 ei-

139 628 226 701 dem,
248 628 434 691 venerabili
454 629 556 690 fratre
580 631 694 691 nostro
717 630 933 692 Aurelianen.

131 727 296 804 episcopo
323 727 387 788 sibi
406 728 584 790 executore
605 741 775 800 concesse,
793 727 935 790 dilectus

139 825 230 886 filins
256 826 288 885 S.
314 826 512 902 procurator
531 825 608 886 tuus
623 825 756 887 interim
774 841 936 902 superve-

131 923 236 983 niens
261 923 446 999 composuit
469 921 690 985 amicabiliter
713 939 788 984 cnm
807 922 933 995 eodem,

138 1020 187 1080 ita
200 1019 286 1097 qnod
300 1019 386 1080 idom
395 1019 588 1098 capellanus
600 1020 803 1082 renuntiavit
814 1020 934 1081 litteris

138 1118 342 1189 memoratis,
364 1117 397 1180 et
416 1117 499 1194 juri,
529 1118 614 1193 quod
644 1117 708 1177 sibi
730 1117 936 1194 competebat

136 1215 193 1275 vel
208 1214 394 1291 competere
407 1216 538 1290 poterat
547 1230 590 1275 ex
602 1215 738 1276 eisdem.
751 1217 819 1277 Nos
832 1215 936 1292 igitur

139 1328 160 1372 a
184 1313 398 1387 praestatione
422 1312 528 1388 ipsius
555 1313 725 1390 pensionis
751 1315 784 1374 te
802 1313 934 1392 penitus

137 1408 364 1481 absolventes,
391 1409 520 1472 litteras
543 1410 633 1487 ipsas
655 1410 861 1472 decrevimus
880 1411 934 1472 ir-

136 1507 223 1568 ritas
238 1509 272 1568 et
285 1507 413 1579 inanes,
425 1523 464 1568 ac
479 1508 710 1570 revocavimus
721 1509 837 1585 siquid
849 1509 935 1570 forte

137 1605 338 1666 auctoritate
353 1603 476 1666 factum
495 1605 606 1667 extitit
618 1606 823 1668 earumdem.
846 1606 936 1667 ldeo-

138 1716 204 1777 que
240 1700 442 1765 fraternitati
478 1703 545 1764 tuae
588 1703 769 1780 praesentes
805 1701 934 1765 litteras

138 1798 295 1876 inhujus
316 1799 367 1861 rei
384 1799 612 1862 testimonium
635 1800 791 1863 duximus
814 1815 936 1862 conce·

138 1895 275 1957 dandas.
292 1898 410 1958 Datum
428 1897 597 1972 Laterani,
613 1901 643 1960 ll
664 1898 825 1960 kalendas
840 1899 932 1971 maii,

137 1993 350 2070 pontificatus
371 1993 478 2058 nostri
503 2010 591 2058 anno
612 1997 739 2074 quinto.

419 2192 654 2280 GCGLXXII

183 2325 887 2388 111111111111111111111111111111111
918 2308 931 2324 ⁸

271 2422 507 2500 1111111111
526 2424 799 2486 Coretuartccsts.

423 2543 458 2601 30
472 2544 553 2616 april.
572 2545 651 2602 1211.

257 2648 391 2712 [1)1111111,
403 2650 512 2700 11111111.
524 2647 704 2714 Angticanum,
716 2649 736 2708 l,
748 2648 815 2716 131]

137 2755 314 2814 blonasterio
335 2756 432 2814 Sancti
452 2755 607 2828 Augustini
628 2756 808 2814 cantuarien.
829 2754 933 2814 contir-

175 2851 235 2902 mat
262 2845 415 2901 ecclesiam
440 2843 476 2900 de
502 2845 658 2916 sellinges,
689 2843 871 2917 praebendam
899 2843 935 2902 de

175 2933 318 2988 Guceston
333 2939 361 2990 et
375 2931 512 2990 ecclesias
524 2931 560 2988 de
572 2931 701 2988 Loubam
715 2939 743 2990 ct
757 2932 879 2992 Cistelet.

179 3047 346 3109 Honorius
359 3049 543 3126 episcopus,
555 3063 672 3110 servus
683 3063 855 3110 servorum
861 3049 932 3122 Dei,

137 3143 269 3206 dilectis
292 3144 371 3205 tiliis
393 3145 505 3207 abbati
530 3135 574 3207 et
588 3146 767 3207 conventui
794 3161 933 3206 monas-

134 3241 216 3302 terii
231 3243 852 3318 11111111111111111111.,11111111,
870 3244 932 3304 eto.

181 3338 271 3400 Solet
285 3355 434 3402 annuere
450 3340 551 3402 Sedes
566 3340 757 3417 apostolica
772 3340 836 3416 piis
848 3340 934 3402 votis

130 3436 174 3498 et
186 3436 336 3498 honestis
352 3437 536 3513 petentium
550 3437 703 3515 precibus
713 3437 861 3500 favorem
874 3435 935 3498 be-

136 3532 296 3595 nevolum
326 3534 503 3611 impertiri.
532 3537 728 3611 Eapropter,
754 3534 866 3595 dilecti
897 3535 934 3596 in

137 3629 280 3691 Domino
301 3629 374 3703 filii,
398 3631 518 3692 vestris
537 3631 638 3708 justis
657 3630 933 3708 postulationibus

135 3727 234 3802 grato
261 3729 496 3790 concurrentes
510 3744 660 3800 assensu,
676 3743 836 3805 personas
856 3745 934 3791 ves-

135 3827 209 3886 tras
232 3825 265 3886 ot
287 3823 408 3897 locum,
438 3825 561 3903 inquo
585 3825 700 3889 divino
726 3826 807 3887 estis
830 3825 932 3888 obse-

138 3921 217 3998 quio
231 3922 421 3998 mancipati,
435 3937 509 3983 cum
526 3923 677 3984 omnibus
698 3922 794 3984 bonis
809 3939 883 4001 quaa
897 3923 934 3984 in

138 4018 394 4093 praesentiarum
409 4018 653 4081 rationabiliter
672 4019 859 4094 possidetis,
877 4021 934 4080 aut

139 4112 338 4175 infuturum
356 4115 535 4191 praestante
556 4115 696 4176 Domino
706 4116 806 4192 justis
827 4115 933 4177 modis

140 4211 292 4286 poteritis
312 4211 463 4287 adipisci,
482 4210 542 4272 sub
557 4211 646 4274 beati
665 4212 757 4274 Petri
773 4212 807 4274 et
820 4213 933 4274 nostra

140 4307 346 4384 protectione
371 4307 580 4385 suscipimus.
605 4309 802 4386 specialiter
823 4309 935 4371 autem

135 4403 315 4466 ecclesiam
337 4404 379 4466 de
403 4403 578 4481 sellinges,
595 4406 627 4466 et
647 4405 858 4482 praebendam
874 4421 934 4468 ec-

138 4501 251 4563 clesiae
267 4501 307 4564 de
327 4501 492 4564 (inceston
511 4503 552 4564 ad
571 4519 651 4566 usus
673 4519 825 4576 camerae,
841 4504 875 4566 et
893 4504 934 4566 de

140 4598 288 4660 Lenham
308 4599 343 4661 et
367 4599 409 4661 de
434 4599 571 4661 Cistelet
597 4599 756 4662 ecclesias
783 4601 826 4662 ad
853 4617 933 4664 usus

140 4696 310 4760 refectorii
328 4697 362 4759 ot
379 4696 585 4770 infirmariae,
607 4714 629 4759 a
648 4697 745 4760 bonae
765 4699 934 4760 memoriae

142 4791 275 4854 Urbano
290 4794 324 4854 et
337 4794 525 4864 Goelestino,
538 4793 837 4872 praedecessoribus
852 4811 933 4858 nos-

140 4887 214 4961 tris,
225 4891 383 4950 Romanis
395 4891 606 4967 pontificibus
613 4892 706 4954 vobis
722 4893 934 4955 confirmatas

140 4987 174 5046 et
188 4986 256 5046 alia
275 4985 363 5047 bona
373 4989 496 5060 vestra,
514 4988 601 5051 sicut
614 5005 654 5052 ea
669 4989 780 5052 omnia
791 4991 880 5067 Juste
895 5005 934 5052 ac

140 5081 278 5158 pacifice
291 5083 479 5159 possidetis,
494 5085 589 5146 vobis
604 5089 637 5148 et
652 5103 713 5164 per
725 5103 785 5149 vos
804 5103 934 5148 monas-

139 5179 225 5241 terio
246 5180 368 5253 vestro,
385 5181 582 5244 auctoritate
606 5184 796 5260 apostolica
817 5183 934 5246 contir-

140 5292 269 5338 mamus
282 5277 315 5338 et
325 5277 498 5354 praesentis
515 5280 630 5356 scripti
643 5281 828 5358 patrocinio
843 5297 935 5344 com-

140 5375 318 5434 munimus.
343 5375 436 5436 Nulli
455 5391 546 5452 ergo,
574 5377 636 5439 etc.
659 5379 743 5440 Data
765 5379 932 5452 Laterani,

141 5472 171 5531 ll
192 5471 353 5534 kalendas
370 5472 462 5548 maii,
485 5473 698 5552 pontificatus
720 5476 826 5540 nostri
845 5491 933 5538 anno

143 5567 268 5642 quinto.

657 365 660 381 Ι
766 277 995 339 EPISTOLAE.
1018 279 1096 340 Lis.
1120 281 1159 340 V.

1726 293 1787 356 vos
1823 291 1826 301 ’

1258 450 1515 541 cchxmtl

989 582 1042 642 Ad
1064 582 1243 644 cantorem
1271 586 1305 646 ct
1330 591 1612 650 archidiaconum
1639 593 1786 664 majoris

1030 673 1179 732 acetosior
1206 686 1248 733 ac
1274 675 1442 736 decanum
1473 677 1591 740 Sancti
1620 679 1787 742 Germani

1029 758 1350 833 Attttsstodorensts,
1368 766 1544 826 Portstco.

1287 874 1304 930 1
1319 874 1387 931 maii
1403 876 1482 935 1111.

1044 964 1156 1028 [Notices
1166 971 1192 1019 et
1201 969 1313 1021 Extraits
1323 971 1366 1021 des
1376 974 1537 1032 manuscrits,
1547 973 1615 1034 xxi,
1627 975 1732 1042 11171]

989 1064 1106 1124 Mandat
1130 1073 1161 1124 nt
1186 1068 1374 1130 ecclesiastici
1400 1071 1527 1130 redditus
1554 1073 1663 1132 decano
1689 1075 1786 1134 Sancti

1025 1154 1161 1224 Quintini,
1175 1157 1223 1228 qui
1237 1155 1320 1214 docet
1331 1156 1433 1218 fratres
1450 1160 1485 1218 de
1498 1160 1597 1218 ordine
1612 1163 1783 1222 Praedicato·

1024 1257 1087 1300 rum
1098 1243 1127 1305 in
1140 1243 1300 1319 theologica
1317 1243 1458 1317 facultate,
1469 1257 1496 1306 et
1507 1265 1559 1308 suo
1569 1252 1676 1309 vicario
1691 1253 1783 1324 quoti·

1024 1331 1117 1389 dianus
1132 1331 1348 1406 prebendarum
1361 1335 1573 1396 distributiones
1585 1339 1783 1400 exhibeantur.

1028 1443 1197 1505 Honorius
1207 1445 1393 1522 episcopus,
1404 1463 1519 1510 servus
1529 1451 1782 1524 servorumDei,

990 1539 1118 1601 dilectis
1134 1541 1212 1602 liliis
1227 1545 1354 1605 cantori
1374 1545 1407 1606 et
1426 1545 1661 1608 archidiacono
1676 1550 1785 1624 majo·

988 1637 1036 1698 ris
1065 1639 1232 1712 ecclesiae,
1263 1641 1296 1703 et
1328 1641 1453 1704 decano
1484 1643 1598 1705 Sancti
1627 1643 1785 1706 Germani

989 1734 1290 1827 Autissiodorensis
1315 1740 1528 1813 Parisiensis,
1550 1740 1702 1814 salutem,
1720 1742 1782 1804 etc.

1029 1833 1155 1895 Dilecto
1171 1833 1240 1896 filio
1256 1835 1381 1899 decano
1398 1837 1511 1900 Sancti
1526 1839 1674 1912 Quintini
1689 1839 1785 1902 nobis

989 1930 1135 1992 innotuit
1155 1929 1331 2006 referente,
1348 1934 1435 2010 quod
1456 1949 1542 2008 cum,
1566 1935 1608 1997 de
1626 1935 1790 2000 mandato

989 2027 1113 2099 nostro,
1137 2029 1287 2090 Parisios
1312 2029 1428 2092 doceat
1454 2030 1575 2094 fratres
1603 2033 1644 2094 de
1666 2033 1782 2096 ordine

989 2123 1248 2186 Praedicatorum
1263 2125 1298 2186 in
1314 2125 1500 2204 theologica
1520 2128 1687 2203 facultate,
1701 2144 1783 2190 nos-

989 2235 1053 2298 que
1073 2236 1133 2298 pro
1155 2235 1195 2283 co
1213 2221 1307 2284 vobis
1328 2223 1571 2302 scripserimus,
1597 2226 1634 2287 ut
1654 2226 1784 2304 integre

989 2317 1143 2380 faceretis
1153 2318 1260 2380 eidem
1271 2335 1349 2382 suos
1364 2321 1513 2382 redditus
1525 2323 1782 2397 ecclesiasticos,

985 2417 1083 2492 juxta
1098 2415 1366 2478 constitutionem
1381 2434 1401 2479 a
1421 2417 1517 2480 nobis
1533 2419 1666 2491 editam,
1681 2419 1783 2481 exhi-

988 2511 1072 2580 beri,
1088 2512 1195 2589 posito
1218 2514 1258 2573 de
1284 2512 1420 2575 licentia
1448 2516 1562 2576 nostra
1583 2517 1620 2576 in
1641 2517 1785 2580 ecclesia

991 2609 1104 2671 Sancti
1122 2609 1271 2681 Quintini
1286 2609 1398 2689 aliquo
1417 2611 1490 2673 loco
1512 2613 1576 2686 sni,
1594 2613 1650 2690 qui
1669 2591 1785 2676 distri‘-

989 2705 1142 2768 butiones
1155 2707 1365 2785 quotidianas
1378 2721 1514 2770 suarum
1526 2709 1689 2787 percipiat
1701 2725 1786 2787 prae·

988 2803 1187 2876 bandarum,
1223 2804 1483 2866 contradictores
1513 2822 1573 2884 per
1607 2821 1784 2870 censuram

990 2900 1249 2962 ecclesiasticam
1279 2902 1531 2978 compescendo,
1563 2903 1781 2965 nihilominus

989 2997 1170 3073 capitulum
1185 2998 1331 3076 ejusdem
1347 3000 1496 3061 ecclesiae
1511 3000 1659 3063 redditus
1674 3001 1783 3064 eidem

990 3094 1114 3155 decano
1131 3096 1164 3156 et
1178 3095 1387 3172 qrvotidianas
1410 3095 1659 3158 distributiones
1678 3097 1783 3175 ipsius
1819 3150 1824 3161 ,
1915 3129 1920 3136 -

988 3191 1115 3253 vicario
1126 3207 1168 3252 ex
1179 3207 1292 3254 eorum
1305 3193 1538 3271 provenientes
1553 3193 1707 3267 ecclesia,
1720 3194 1784 3257 sibl

989 3287 1205 3357 subtrahunt,
1226 3289 1467 3366 praetendentes
1487 3291 1522 3350 in
1546 3291 1659 3352 suaet
1684 3291 1784 3367 galli-

989 3399 1073 3446 cana
1083 3385 1225 3446 ecclesia
1232 3385 1421 3463 juramento
1434 3402 1507 3449 esse
1520 3386 1684 3449 firmatum
1696 3387 1783 3465 quod

988 3482 1211 3544 residentibus
1224 3483 1352 3544 tantum
1361 3481 1779 3562 beneficiapersolvantur3

988 3594 1049 3640 nos
1078 3581 1200 3652 autem,
1224 3578 1375 3641 nolentes
1400 3581 1560 3643 decanum
1589 3581 1783 3644 eumdema

987 3676 1055 3738 tam
1074 3676 1129 3753 pio
1154 3692 1288 3738 cessare
1309 3677 1362 3739 vel
1385 3679 1497 3755 tepere
1518 3678 1700 3756 proposito,
1725 3677 1783 3740 sed

988 3772 1165 3850 specialem
1179 3775 1211 3836 ei
1225 3775 1335 3852 potius
1354 3774 1464 3837 facere
1485 3777 1627 3851 gratiam
1645 3776 1784 3852 cupien-

988 3870 1783 3948 tes,discretionivestraeperApostolicascripta

987 3967 1194 4040 mandamus,
1214 3968 1470 4044 quatenusper
1492 3967 1645 4029 obstante
1661 3968 1782 4044 hujus·

987 4063 1077 4124 modi
1095 4065 1295 4142 juramento
1324 4063 1474 4124 exhiberi
1499 4079 1518 4124 a
1542 4064 1782 4140 praenominato

989 4159 1133 4237 capitulo
1148 4159 1214 4236 ipsi
1226 4159 1350 4222 decano
1364 4159 1512 4221 redditus
1528 4161 1561 4222 et
1578 4159 1707 4222 vicario
1722 4175 1783 4222 sno

989 4253 1237 4318 distributiones
1272 4255 1463 4334 hujusmodi
1490 4254 1633 4318 faciatis.
1663 4257 1782 4319 Datum

988 4352 1156 4424 Laterani,
1171 4355 1215 4415 1v
1227 4367 1332 4414 nonas
1346 4353 1437 4426 maii,
1452 4352 1662 4430 pontificatus
1676 4353 1782 4417 nostri

988 4464 1076 4512 anno
1091 4449 1216 4528 quinto.
1309 4434 1319 4464 '

1263 4575 1514 4667 tccbxxiv

1008 4711 1062 4770 Aut
1080 4709 1332 4771 mmtustertum
1351 4710 1385 4771 ct
1402 4709 1607 4770 conventum
1625 4711 1764 4773 Hddes-

1125 4811 1235 4868 11111.
1250 4809 1468 4869 Hutbcrstod.
1480 4807 1646 4870 dtoeccsts.

1288 4919 1387 4977 bmaii
1404 4919 1482 4977 1111.

1062 5013 1172 5080 [manat.
1186 5013 1518 5080 liiplomstiscboBeitr'tge,
1531 5017 1552 5077 l,
1565 5017 1604 5078 18,
1617 5033 1644 5069 n.
1660 5019 1711 5084 ro]

988 5115 1194 5174 lionasterinm
1217 5112 1411 5171 Hildeslenen.
1440 5114 1500 5173 ord.
1531 5117 1560 5174 S.
1588 5115 1694 5174 Bened.
1719 5131 1785 5175 cum

1023 5201 1156 5259 omuibus
1169 5200 1253 5258 bonis
1267 5201 1404 5260 tuendum
1419 5203 1546 5276 suscipit,
1562 5203 1724 5276 specialiter
1738 5217 1787 5261 au-

1023 5296 1081 5347 tcm
1094 5289 1130 5346 ab
1140 5289 1284 5363 episcopis
1298 5288 1594 5360 Helberstadensibus,
1607 5297 1637 5348 et
1651 5305 1667 5348 a
1679 5291 1785 5348 comite

998 5377 1233 5435 'llildeslonensi
1257 5379 1455 5451 possessiones
1481 5393 1646 5448 concessas,
1670 5393 1705 5436 ac
1728 5378 1783 5438 aliu

1024 5465 1098 5524 bona
1113 5465 1273 5527 confirmat.

1029 5575 1197 5638 Honorius
1207 5577 1394 5654 episcopus,
1407 5590 1524 5638 servus
1534 5574 1782 5647 servorumDei,
