4300 6392
311 327 368 387 att

308 499 368 546 eos
388 481 510 544 ibidem
535 478 745 556 congregatis
760 473 886 539 divitiis
901 477 970 539 tere
986 493 1105 554 super-

310 595 426 657 gressa
452 580 502 640 est
529 579 681 639 civitates
709 575 888 652 provinciae
915 575 1101 635 universas

311 681 433 738 verum
444 693 503 738 vos
518 675 559 736 ad
575 675 657 745 haec,
672 675 757 734 sicut
772 688 815 732 ex
830 673 922 748 parte
937 672 1105 733 universi-

311 774 389 836 tatis
403 775 552 850 ipsorum
571 771 634 832 suit
649 769 853 846 propositum
869 783 979 829 coram
996 768 1101 839 nobis,

309 871 456 932 debitum
481 885 546 930 uon
568 867 728 928 habentes
745 867 942 942 respectum,
963 867 1103 940 gratiam

312 965 459 1041 ipsorum
470 965 504 1024 in
517 962 672 1032 debitum,
690 962 722 1022 et
740 961 926 1023 libertatem
941 961 976 1020 in
993 960 1102 1020 serri-

310 1063 413 1124 tutem
433 1060 605 1120 molientes
632 1058 801 1128 reducere,
823 1057 995 1126 statuistis,
1018 1060 1053 1116 ut
1075 1055 1104 1118 si

310 1159 384 1236 quis
398 1159 553 1218 inventus
569 1155 671 1216 luerit
685 1157 819 1225 sectam,
837 1155 1034 1230 pactionem.
1051 1155 1104 1215 rel

310 1254 591 1331 conspirationem
607 1268 666 1328 pro
687 1251 796 1314 studio
811 1267 830 1311 a
846 1251 981 1311 civitate
995 1253 1105 1311 Bono-

311 1351 421 1412 niensi
439 1350 480 1411 ad
503 1350 611 1410 locum
626 1349 727 1410 alium
749 1347 980 1409 transferendo
995 1347 1104 1408 iacere

310 1447 363 1508 rel
375 1446 504 1518 iecisse,
517 1446 586 1508 etsi
598 1443 761 1505 scholaris
772 1443 1009 1520 quispiamvel
1018 1443 1104 1503 alius

312 1559 509 1622 quemquam
544 1542 729 1602 scholarem
760 1541 976 1602 adstrinxerit
1008 1540 1105 1600 modo

311 1639 468 1717 quolibet,
488 1655 553 1716 quo
568 1639 749 1714 praecipere
769 1638 873 1714 possit
886 1637 928 1708 ei,
954 1638 989 1698 ut
1004 1653 1103 1698 causa

303 1737 412 1798 'studii
439 1736 587 1797 eamdem
616 1736 716 1796 exeat
743 1734 911 1796 civitatem
946 1736 1104 1811 perpetuo

310 1833 500 1905 banniatur,
522 1831 554 1894 et
572 1832 684 1892 omnia
707 1830 794 1892 bona
810 1833 892 1908 ejus,
908 1847 980 1908 quae
996 1833 1106 1892 Bouo-

311 1929 443 1992 picerel
464 1930 499 1989 in
527 1931 598 2004 ejus
622 1928 773 1989 districtu
802 1927 965 1999 habuerit,
993 1927 1104 2004 publi-

311 2028 437 2098 centur,
459 2027 492 2086 et
510 2041 625 2086 eorum
640 2024 805 2085 tribuatur
829 2024 987 2085 medietas
1004 2039 1106 2084 accu-

312 2123 409 2184 santi.
444 2124 610 2183 Praeterea
651 2121 844 2182 societatem
872 2121 925 2182 vel
959 2122 1104 2182 rectores

311 2207 479 2282 scholares
495 2234 560 2278 non
572 2218 805 2294 permittantur
817 2216 951 2290 hahere,
964 2218 1029 2278 nisi
1042 2218 1105 2278 hoc

312 2316 492 2393 capitulum
516 2314 551 2376 in
567 2330 679 2375 eorum
689 2315 878 2390 juramento
894 2315 1035 2390 ponatur
1053 2315 1106 2375 ri-

312 2413 441 2484 delicet,
468 2411 554 2490 quod
579 2427 644 2472 non
664 2410 788 2472 dabunt
812 2426 957 2487 operam,
983 2413 1017 2472 ut
1035 2412 1106 2472 stu-

312 2511 402 2572 dium
414 2509 454 2570 ad
471 2510 579 2570 locum
593 2509 694 2570 alium
708 2507 939 2580 transferatur,
959 2523 1020 2569 nec
1033 2509 1105 2569 cui-

311 2622 409 2684 quam
432 2606 576 2667 scholari
592 2605 796 2682 praecipient,
826 2605 981 2682 utgratia
1003 2605 1103 2666 studii

310 2703 467 2766 abscedat
490 2719 509 2764 a
534 2703 666 2764 civitate
691 2701 861 2778 praedicta,
882 2703 915 2764 et
936 2718 1104 2779 nunquam

311 2801 498 2878 hujusmodi
516 2799 688 2862 mutabunt
700 2799 881 2876 capitulum
899 2815 973 2860 cum
989 2800 1104 2860 consi-

311 2899 367 2968 lio,
384 2897 435 2958 vel
452 2897 524 2956 sine
543 2897 683 2957 consilio
705 2895 907 2964 eorumdem,
924 2911 964 2956 ac
990 2896 1018 2956 si
1041 2896 1106 2958 ali-

312 2995 386 3071 quis
412 2992 655 3062 contrafecerit,
673 2993 770 3053 modo
792 2991 893 3052 simili
914 2992 1102 3064 banniatur,

312 3093 345 3153 et
359 3090 444 3152 bona
460 3089 669 3166 publicentur
681 3088 797 3166 ipsius.
814 3090 963 3150 Potestas
976 3105 1104 3167 quoque

311 3187 399 3248 inira
423 3187 505 3248 duos
528 3203 659 3248 menses
675 3186 716 3247 ab
726 3187 889 3262 ,ingressu
904 3187 955 3246 sui
970 3187 1106 3262 regimi-

311 3286 365 3346 nis
390 3287 543 3346 teneatur
573 3283 768 3361 praedictum
789 3283 969 3360 capitulum
995 3283 1105 3360 jurari

311 3383 422 3444 iacere
442 3399 461 3443 a
483 3381 666 3443 rectoribus
682 3380 895 3453 scholarium,
913 3381 942 3442 si
957 3382 1013 3458 qui
1028 3379 1104 3441 lue-

311 3481 390 3550 rint,
408 3480 458 3540 vel
471 3478 559 3540 inira
574 3478 761 3554 quindecim
774 3477 857 3546 dies,
871 3493 914 3538 ex
932 3493 996 3556 quo
1019 3477 1106 3539 exti-

311 3578 414 3639 terint
429 3578 573 3637 rectores
584 3575 693 3646 electi,
708 3576 741 3636 et
753 3575 788 3636 in
801 3575 992 3637 societatem
1002 3575 1104 3636 scho-

312 3675 432 3735 larium
448 3671 580 3750 scriptis
603 3673 693 3747 poni,
719 3687 781 3734 nec
803 3672 972 3748 permittat
996 3675 1107 3733 Bono-

311 3771 461 3831 niensem
477 3769 622 3846 aliquem
634 3767 687 3830 vel
698 3770 905 3840 extraneum,
921 3769 987 3830 nisi
999 3769 1105 3846 primo

308 3868 483 3946 juraverit,
500 3866 586 3944 quod
597 3882 663 3926 non
674 3866 762 3942 leget
773 3865 864 3936 alibi,
877 3865 1105 3927 extraordina-

310 3967 396 4027 riam
411 3964 557 4042 aliquam
572 3964 683 4039 legere
698 3963 884 4024 lectionem.
902 3963 995 4024 Unde
1008 3979 1051 4024 ex
1063 3963 1105 4023 iis

311 4063 450 4125 dilectus
467 4063 555 4122 illius
570 4061 692 4122 nobilis
708 4061 759 4123 vir
773 4061 961 4122 Willelmus
974 4061 1014 4122 de
1028 4063 1107 4121 Pes·

310 4160 419 4223 turela
443 4159 587 4236 potestas
611 4159 723 4219 vester
746 4159 922 4218 occasione
937 4157 1105 4234 assumpta

312 4258 346 4318 in
369 4273 426 4318 eos
447 4255 629 4317 indebitam
651 4255 918 4332 jurisdictionem
941 4269 1106 4330 usurpans

312 4354 499 4414 libertatem
520 4352 668 4428 ipsorum
703 4352 886 4426 intringere
919 4351 1046 4421 nititur,
1074 4352 1107 4412 et

311 4452 424 4511 contra
441 4448 588 4509 eamdem
604 4448 767 4522 praetextu
782 4448 930 4523 ipsorum
944 4462 1003 4523 pro
1019 4463 1105 4523 quo·

311 4563 385 4609 rum
400 4545 631 4607 observatione
646 4544 767 4605 asserit
778 4559 813 4604 se
824 4545 967 4620 jurasse,
985 4543 1060 4603 illos
1071 4544 1106 4604 in

312 4643 462 4722 pluribus
495 4655 691 4718 aggravare.
725 4643 848 4701 Verum
880 4641 957 4717 quia
984 4641 1106 4702 statuta

312 4739 501 4816 hup’usmodi
516 4737 631 4814 procul
646 4737 747 4798 dubio
760 4739 837 4797 sunt
852 4737 978 4813 iniqua,
993 4737 1026 4797 et
1040 4753 1107 4798 ma·

312 4837 431 4898 niieste
446 4835 581 4896 obviant
605 4833 813 4896 scholasticae
829 4832 985 4905 libertati,
1007 4835 1040 4895 et
1050 4837 1108 4910 ju-

312 4934 497 4995 ramentum
507 4930 997 5008 superobservationeipsorum
1008 4947 1106 5008 praes·

311 5032 407 5094 titum
416 5045 482 5090 non
494 5030 554 5101 est,
569 5029 679 5104 utpote
689 5027 853 5100 illicitum,
863 5027 1106 5090 observandum

313 5145 387 5190 cum
414 5142 475 5188 nec
498 5125 662 5202 judicium
690 5125 830 5198 haheat,
856 5141 917 5187 nec
942 5127 1105 5203 Justitiam

313 5226 464 5288 eumdem
482 5223 697 5284 Wilhelmum
719 5223 918 5284 monendum
938 5223 1103 5296 duximus,

312 5326 346 5386 et
358 5321 556 5384 hortandum
570 5321 762 5396 apostolicis
777 5319 840 5380 sibi
855 5319 970 5382 dantes
986 5322 1106 5382 litteris

312 5423 348 5483 in
362 5419 534 5498 praeceptis
547 5441 554 5493 ;
572 5419 607 5479 ut
617 5417 788 5479 scholares
804 5419 979 5494 praedictos
992 5420 1106 5481 contra

313 5518 499 5579 libertatem
510 5515 670 5577 hacteuus
681 5515 827 5576 habitam
843 5515 1018 5577 occasione
1038 5519 1107 5578 sta-

313 5616 457 5676 tutorum
486 5614 642 5689 ipsorum,
666 5629 739 5690 quae
756 5613 846 5676 velut
869 5613 983 5691 iniqua
1008 5613 1107 5674 duxi-

844 401 847 410 *
928 321 1105 380 uonoau
1128 319 1173 380 111
1195 318 1342 382 ornan.

1895 321 1956 378 412

1158 493 1231 537 mus
1259 475 1479 554 reprobanda,
1504 477 1544 538 de
1568 477 1690 540 caetero
1712 489 1778 537 non
1804 473 1956 538 molestet

1158 573 1356 646 libertatem,
1373 575 1522 636 eamdem
1543 575 1639 636 modo
1661 573 1807 652 quolibet
1828 573 1951 634 inirin-

1158 671 1275 746 gend0,
1309 673 1345 733 ut
1378 672 1523 733 studium
1557 687 1670 732 eorum
1704 669 1860 747 impediri
1887 685 1954 730 non

1159 769 1276 845 possit;
1294 769 1351 829 sed
1367 770 1476 846 potius
1502 767 1620 829 floreat
1643 768 1685 828 ad
1705 768 1766 828 Dei
1781 768 1952 838 honorem,

1158 881 1197 925 ac
1212 865 1395 941 proiectum
1410 865 1622 936 studentium,
1640 879 1769 924 necnon
1785 863 1826 924 ad
1850 864 1953 940 ipsius

1158 961 1299 1036 gloriam
1314 962 1458 1023 civitatis
1471 983 1478 1020 :
1492 977 1533 1021 ne
1546 962 1575 1021 si
1591 977 1686 1022 secus
1698 961 1861 1022 attentare
1873 975 1954 1037 prae-

1158 1059 1348 1134 sumpserit,
1372 1074 1432 1119 nos
1460 1073 1561 1134 super
1588 1058 1651 1118 hoc
1678 1071 1836 1133 cogamur
1863 1057 1953 1118 aliud

1159 1155 1318 1230 cogitare.
1346 1156 1507 1226 Quocirca
1532 1155 1783 1216 universitatem
1809 1155 1954 1215 vestram

1159 1267 1342 1324 monemus,
1360 1253 1392 1313 et
1403 1251 1620 1312 exhortamur
1631 1249 1765 1322 attente,
1779 1253 1951 1328 quatenus

1159 1349 1378 1409 consideratis
1394 1347 1604 1420 utilitatibus,
1617 1350 1650 1410 et
1666 1349 1792 1410 honore
1805 1363 1847 1409 ex
1862 1347 1955 1409 scho-

1159 1443 1284 1506 laribus
1302 1446 1407 1517 vohis‚
1431 1447 1464 1507 et
1476 1446 1603 1506 civitati
1619 1447 1741 1508 restrae
1755 1443 1955 1522 provenien-

1158 1541 1246 1602 tibus
1256 1543 1346 1618 ipsos
1355 1542 1527 1603 charitatis
1543 1541 1690 1603 brachiis
1703 1543 1951 1619 amplexemini,

1159 1640 1191 1700 et
1217 1639 1381 1716 praetextu
1405 1641 1604 1700 statutorum
1619 1639 1778 1716 ipsorum,
1803 1655 1877 1716 quae
1901 1641 1955 1701 di-

1160 1737 1264 1798 canda
1278 1737 1355 1797 sunt
1369 1735 1479 1813 potius
1499 1736 1668 1808 destituta,
1689 1738 1804 1798 contra
1817 1737 1955 1799 liberta—

1159 1836 1225 1896 tem
1246 1835 1430 1910 antiquam,
1454 1834 1487 1894 et
1501 1831 1647 1894 habitam
1670 1833 1841 1905 hactenus,
1864 1835 1954 1910 ipsos

1160 1930 1350 1992 nullatenus
1379 1929 1570 2002 molestetis,
1597 1945 1658 1991 nec
1670 1930 1801 1991 faciatis
1817 1946 1876 2007 per
1894 1946 1956 2006 po-

1159 2030 1310 2090 testatem
1334 2027 1495 2098 eumdem,
1516 2028 1657 2088 remisso
1678 2026 1741 2088 sibi
1764 2029 1953 2104 jnramento

1160 2125 1327 2201 praedicto,
1340 2125 1380 2185 de
1395 2126 1515 2186 caetero
1529 2125 1709 2196 molestari,
1728 2124 1953 2202 permittentes

1160 2221 1292 2282 eosdem
1314 2221 1411 2281 solita
1436 2221 1590 2282 libertate
1610 2220 1766 2296 gaudere,
1787 2221 1823 2282 ut
1843 2221 1953 2298 quieto

1159 2318 1270 2378 animo
1294 2319 1421 2394 possint
1445 2317 1610 2378 inhaerere
1629 2317 1837 2379 scholasticis
1854 2317 1956 2378 disci-

1158 2415 1271 2491 plinis,
1284 2417 1317 2477 et
1335 2431 1396 2476 nos
1408 2415 1618 2478 devotionem
1631 2418 1775 2476 vestram
1788 2415 1954 2491 possimus

1159 2514 1193 2573 in
1209 2513 1347 2573 Domino
1373 2513 1615 2585 commendare,
1633 2528 1674 2573 tte
1690 2513 1719 2572 si
1734 2527 1830 2573 secus
1846 2513 1955 2586 egeri-

1159 2609 1212 2681 tis,
1229 2609 1314 2686 quod
1338 2625 1402 2669 uon
1428 2609 1604 2681 credimus,
1621 2611 1736 2671 contra
1751 2609 1954 2670 voluntatem

1159 2708 1305 2767 nostram
1334 2721 1492 2781 cogamur
1529 2706 1651 2767 taciem
1685 2708 1833 2768 nostram
1860 2705 1953 2766 robis

1159 2794 1333 2865 ostendere
1346 2803 1526 2864 duriorem.

1199 2901 1317 2961 Datum
1330 2899 1469 2960 viterbii
1485 2903 1602 2962 octavo
1624 2899 1698 2961 idus
1713 2899 1829 2978 aprilis
1844 2898 1954 2977 ponti·

1160 2997 1276 3059 ticatus
1289 2997 1396 3058 nostri
1411 3012 1499 3058 anno
1512 2999 1641 3074 quomo.

1516 3177 1601 3262 cxl

1159 3319 1211 3378 Ad
1224 3319 1391 3378 decanum
1405 3319 1439 3378 ct
1453 3319 1640 3392 capitutum
1655 3319 1772 3380 Sartctt
1786 3319 1954 3380 lobannis

1459 3415 1647 3476 Bistua-ini.

1448 3537 1465 3594 8
1481 3537 1561 3608 april.
1577 3537 1656 3594 tito.

1192 3651 1312 3716 [liegest.,
1325 3651 1370 3702 lib.
1379 3651 1422 3710 lV,
1433 3652 1505 3714 epist.
1520 3651 1575 3700 ott.
1585 3653 1642 3702 llss.
1653 3652 1690 3702 La
1698 3651 1773 3700 Porte
1785 3649 1819 3700 du
1828 3650 1920 3714 Thali]

1161 3765 1345 3838 Prtvttegtum
1361 3766 1551 3822 maternitatis
1562 3764 1692 3824 ecclesie
1707 3765 1802 3823 Sancti
1817 3765 1954 3838 Stephani

1195 3852 1333 3910 adversus
1354 3853 1479 3925 ipsorum
1495 3854 1663 3926 petitionem
1673 3854 1841 3910 auctoritate
1860 3855 1952 3926 Apos-

1195 3941 1279 3999 tolica
1294 3941 1453 3998 confirmat.

1200 4058 1377 4130 Honorius,
1402 4058 1477 4129 etc..
1506 4058 1635 4120 dilectis
1666 4057 1744 4118 liliis
1768 4059 1893 4120 decano
1921 4059 1954 4120 et

1160 4154 1304 4231 capitulo
1327 4155 1439 4218 Sancti
1470 4155 1632 4217 Johaunis
1655 4155 1833 4225 Bisuntini,
1861 4156 1954 4218 salu-

1160 4255 1236 4322 tem,
1254 4255 1316 4313 etc.
1644 4253 1648 4266 '

1201 4353 1306 4422 Quum
1322 4352 1518 4427 procurator
1531 4351 1642 4412 vester
1653 4349 1864 4427 privilegium
1878 4349 1955 4410 ieli-

1160 4447 1208 4508 cis
1233 4448 1474 4510 recordationis
1498 4448 1636 4509 Adriani
1656 4463 1749 4524 papae
1769 4447 1956 4525 praedeces-

1161 4545 1247 4605 soris
1258 4545 1365 4605 nostrl
1379 4561 1438 4620 per
1452 4545 1539 4622 quod
1555 4543 1684 4606 dicebat
1692 4548 1748 4622 jus
1765 4543 1955 4606 maternita-

1159 4643 1203 4704 tis
1219 4641 1342 4702 habere
1355 4645 1498 4703 vestram
1513 4643 1699 4714 ecclesiam,
1716 4643 1842 4719 peteret
1856 4643 1955 4702 inno-

1160 4740 1243 4810 vari,
1260 4754 1320 4798 nos
1334 4737 1366 4797 ei
1376 4740 1445 4799 et...
1458 4741 1664 4814 procuratori
1680 4740 1829 4800 ecclesiae
1842 4739 1954 4800 Sarrcti

1162 4835 1320 4911 stephani
1350 4836 1528 4897 constituto
1558 4837 1593 4896 in
1629 4839 1742 4898 nostra
1764 4836 1952 4912 praesentia,

1160 4932 1315 4994 dilectum
1331 4933 1436 4992 fllium
1460 4933 1610 4994 nostrum
1635 4933 1683 5004 L.‚
1713 4932 1802 4994 tituli
1825 4934 1954 4994 Sanctae

1162 5029 1275 5090 Crucis
1291 5030 1325 5090 iu
1341 5029 1527 5092 Jerusalem
1550 5029 1788 5107 praesbpterum
1799 5029 1955 5092 cardina-

1160 5127 1236 5198 lem,
1262 5127 1412 5188 dedimus
1437 5127 1632 5198 auditorem,
1652 5141 1763 5189 coram
1788 5127 1953 5204 quoidam

1161 5225 1274 5286 Sancti
1293 5225 1451 5301 Stephani
1469 5229 1666 5300 procurator
1683 5226 1797 5286 contra
1813 5224 1955 5300 praedic-

1159 5324 1229 5382 tum
1238 5322 1451 5398 privilegium
1464 5324 1567 5384 multa
1588 5321 1761 5398 proposuit
1775 5323 1810 5382 in
1823 5337 1955 5398 posses-

1161 5418 1956 5480 sionematernitatisessesuamecclesiamasse-

1160 5530 1292 5576 verens.
1309 5517 1388 5576 Cum
1402 5517 1513 5578 autem
1530 5515 1700 5577 hincinde
1713 5531 1823 5576 coram
1839 5513 1954 5576 eodem

1161 5612 1330 5674 cardinale
1344 5613 1459 5676 luisset
1474 5614 1597 5676 diutius
1610 5613 1816 5687 altercatum,
1831 5615 1864 5675 et
1885 5612 1956 5688 ipse

1792 5801 1805 5834 0
