4248 6410
781 309 1010 378 aetsroLAE.
1034 313 1112 376 LIB.
1136 313 1175 373 V.
1740 315 1799 374 706

157 321 216 382 iob

159 493 255 539 omne
265 475 413 539 verbum.
431 478 514 550 Quia
531 491 611 552 ergo
624 467 689 553 piis
704 475 736 536 et
752 476 819 535 Deo
834 473 952 534 dicatis
1008 474 1092 552 quod
1123 471 1295 545 inferatur,
1323 488 1384 536 nec
1420 487 1476 535 eos
1508 470 1548 534 ab
1578 487 1692 535 eorum
1722 488 1799 533 mo-

160 576 242 636 locis
259 589 302 637 ex
317 575 605 636 administratione
622 572 765 649 suscepti
780 571 953 646 regiminis
1008 571 1113 632 lestiis
1139 570 1344 644 defensetis,
1360 571 1570 632 universitati
1597 573 1716 631 vestrae
1741 584 1799 646 per

158 671 337 749 benignum
374 671 531 732 debemus
562 670 713 732 conferre
749 667 951 733 consultum,
1007 663 1194 744 Apostolica
1211 668 1333 744 scripta
1358 665 1801 744 mandamusatquepraeci-

160 771 234 847 paci
254 770 287 831 et
314 768 493 829 humilitati
508 769 626 829 vestrae
646 767 864 843 inposterum
882 764 952 824 cle·
1007 763 1127 840 pimus,
1145 765 1307 842 quatenus
1331 779 1432 841 opera
1461 763 1604 840 pietatis,
1623 778 1696 850 quae
1717 762 1801 824 flunt

159 867 288 929 menter
298 865 472 943 providere
486 864 635 926 volentes
651 862 805 940 praesenti
821 862 953 922 decreto
1007 861 1043 920 in
1072 860 1130 921 illo
1158 861 1296 922 fratrum
1331 859 1563 937 praedictorum
1592 854 1801 922 xenodochio

160 963 346 1032 statuimus,
376 963 412 1024 ut
437 977 487 1033 ea,
518 977 591 1038 quaa
619 962 654 1020 in
672 959 882 1021 testamentis
900 956 952 1018 vel
1007 957 1207 1028 venerando,
1238 957 1429 1033 diligentius
1466 959 1672 1019 attendentes
1701 971 1801 1033 super

160 1059 308 1138 quolibet
321 1059 428 1120 relicti
444 1073 568 1134 genere
583 1073 602 1118 a
618 1057 792 1118 devotione
808 1054 952 1116 fidelium
1008 1053 1199 1116 confratriis
1221 1071 1336 1117 eorum
1361 1055 1489 1115 nullum
1506 1054 1661 1115 damnum
1675 1052 1801 1114 eisdem

160 1159 271 1218 vestro
297 1145 506 1216 xenodochio
531 1153 724 1216 rationabili
746 1151 953 1230 providentia
1008 1151 1165 1213 fratribus
1181 1168 1240 1228 per
1251 1151 1415 1228 quaslibet
1427 1152 1512 1212 alias
1527 1150 1725 1212 confratrias
1741 1164 1801 1210 seu

159 1253 371 1314 dimittuntur
407 1253 461 1313 vel
492 1235 680 1327 largiuntur
713 1251 747 1310 in
776 1247 953 1327 piaesentia
1010 1248 1476 1324 praejudicinminferatisnec
1491 1245 1800 1324 abaliispermitta·

160 1350 300 1412 duorum
339 1349 393 1411 vel
417 1349 518 1410 trium
550 1349 684 1409 testium
717 1347 951 1424 legitimorum,
1008 1345 1050 1407 tis
1066 1343 1194 1416 inferri,
1212 1361 1273 1407 nec
1286 1360 1400 1406 eorum
1416 1343 1576 1404 ecclesias
1591 1343 1645 1404 vel
1660 1343 1800 1404 clericos

158 1447 357 1510 auctoritate
372 1447 486 1506 nostra
494 1445 695 1521 suscipiendi
711 1443 862 1505 habeatis
876 1441 954 1502 libe·
1009 1441 1489 1518 contraprivilegia‚quaeipsis
1499 1439 1688 1516 Apostolica
1699 1438 1800 1500 sedes

160 1539 953 1615 ramfacultatem.Nulliergoomninoho'minum
1008 1536 1798 1614 indulsit,aliquatenusaggravetis.Illosautem,

160 1640 260 1700 liceat
285 1639 371 1699 hano
397 1638 552 1714 paginam
578 1639 700 1698 nostrae
727 1635 953 1697 concessionis
1009 1651 1090 1711 quos
1118 1634 1212 1695 vobis
1236 1635 1422 1696 constiterit
1445 1633 1613 1710 praedictis
1641 1633 1800 1694 fratribus

160 1736 355 1811 infringere,
372 1735 424 1797 vel
435 1736 561 1795 clausu
580 1734 757 1795 temerario
774 1733 950 1794 contraire.

162 1834 198 1894 Si
213 1833 286 1912 quis
300 1835 410 1893 autem
431 1833 494 1893 hoc
509 1833 673 1893 attentare
692 1831 951 1908 praesumpserit,

160 1923 422 2006 indignationem
447 1928 680 2004 omnipotentis
702 1927 761 1988 Dei
788 1926 952 1987 etbeato-

160 2041 234 2086 rum
247 2024 337 2086 Petri
351 2026 384 2086 et
408 2024 504 2086 Pauli
519 2024 743 2100 apostolorum
759 2025 831 2100 ejus
842 2038 878 2083 se
893 2038 954 2083 no-

158 2122 245 2183 verit
267 2123 491 2183 incursurum.
518 2123 635 2183 Datum
655 2121 824 2190 Laterani,
847 2135 952 2180 nonas

159 2218 331 2292 februarii,
347 2219 558 2296 pontificatus
571 2217 677 2280 nostri
686 2233 774 2278 anno
786 2215 911 2294 quinto.

483 2399 630 2491 cdlvi

238 2539 288 2596 Ad
302 2539 585 2620 archiepiscopos,
600 2539 783 2610 episcopos,
801 2535 877 2606 etc,

289 2629 294 2640 '
393 2634 427 2694 et
440 2636 525 2694 otios
542 2633 714 2706 praelatos.

457 2751 558 2810 illebr.
576 2753 654 2812 litt.

342 2867 476 2933 [Strelhka,
489 2866 506 2916 l.
518 2879 551 2924 c,
561 2881 587 2930 p.
600 2863 655 2923 3l3,
667 2881 691 2915 n.
705 2865 773 2930 aab]

160 2974 476 3046 Commendatpraelctls
485 2972 763 3030 ordinis'fhcntonici
772 2967 952 3038 confratrias,

261 3093 265 3102 ·
346 3059 767 3130 ecclosias,clericostuendos.

201 3165 367 3234 Honorius
406 3169 596 3248 episcopus,
639 3185 754 3230 servus
782 3183 953 3230 servorum

161 3270 231 3342 Dei,
258 3266 503 3330 venerabilibus
523 3266 679 3328 fratribus
693 3263 952 3342 archiepiscopis

160 3371 194 3429 et
209 3367 373 3443 episcopis
386 3367 418 3426 et
431 3365 561 3427 dilectis
575 3364 653 3425 liliis
669 3363 852 3434 abbatibus,
868 3363 954 3439 prio-

162 3464 265 3535 ribus
288 3462 543 3532 archidiaconis,
561 3461 696 3522 decanis
707 3461 739 3520 et
752 3461 827 3521 aliis
841 3460 952 3520 eccle-

147 3563 286 3621 siarum
327 3558 484 3636 praelatis,
520 3558 560 3619 ad
600 3573 681 3634 quos
723 3557 841 3619 litterae
881 3558 953 3618 istae

161 3655 383 3735 pervenerint,
414 3657 554 3716 salutem
576 3657 609 3716 et
628 3655 842 3731 apostolicam
858 3654 954 3716 bene-

161 3756 351 3818 dictionem.

200 3854 248 3915 Ad
275 3853 416 3930 injurias
444 3854 476 3914 et
500 3853 669 3914 molestias
695 3844 951 3928 propulsandae,

161 3968 233 4028 qnae
244 3951 410 4026 religiosis
426 3950 614 4010 hominibus
629 3949 828 4020 inferuntur,
845 3949 953 4009 nullos

161 4047 267 4121 magis
283 4061 380 4121 qnam
404 4047 558 4122 praelatos
570 4045 787 4105 ecclesiarum
801 4045 955 4106 convenit

162 4157 341 4217 congruam
375 4141 635 4202 sollicitudinem
670 4141 837 4202 adhibere.
863 4143 955 4204 Sicut

162 4242 271 4300 autem
287 4239 399 4298 dilecti
421 4238 482 4298 illii
505 4237 623 4298 fratres
643 4238 759 4298 domus
773 4239 954 4315 Hospitalis

162 4338 290 4399 Sanctae
320 4335 434 4396 Mariae
462 4333 742 4396 Theutonicorum
762 4336 955 4412 Hierosoly-

160 4434 277 4495 mitani
288 4449 349 4494 sua
367 4431 462 4493 nobis
475 4429 701 4493 insinuatione
714 4433 951 4503 monstrarunt,

160 4530 245 4608 quod
272 4545 331 4591 vos
354 4530 395 4590 de
421 4544 507 4590 novo
531 4529 689 4605 quasdam
706 4527 903 4590 confratrias
919 4529 952 4590 in

159 4627 279 4689 vestris
294 4625 445 4688 ecclesiis
463 4626 655 4697 statuentes,
671 4626 860 4686 eorumdem
874 4643 953 4688 con-

160 4723 294 4785 fratrias
321 4723 392 4784 fieri
415 4722 597 4798 prohibetis
617 4725 650 4783 et
673 4724 787 4784 contra
811 4739 862 4794 ea,
880 4741 952 4800 quae

160 4819 242 4896 ipsis
258 4820 468 4890 indulsimus,
496 4820 563 4881 tarn
593 4820 752 4880 ecclesias
765 4836 862 4896 quam
881 4822 952 4882 cle-

160 4916 248 4977 ricos
272 4916 462 4976 eorumdem
485 4917 660 4978 occasione
676 4917 823 4995 qualibet
841 4933 952 4978 emer-

160 5014 257 5088 gente
283 5014 469 5089 supponitis
495 5013 688 5088 interdicto;
715 5014 791 5076 illos
810 5031 950 5091 qnoque,

160 5109 263 5188 quiin
286 5109 391 5169 dictos
419 5107 540 5170 fratres
565 5126 682 5172 manus
703 5111 857 5188 injiciunt
877 5113 952 5172 vio-

159 5207 279 5278 lentas,
300 5205 414 5266 domos
432 5221 546 5266 eorum
562 5207 699 5268 diruunt
712 5207 764 5269 vel
779 5207 951 5277 invadunt,

160 5306 209 5368 eis
224 5319 278 5366 res
293 5302 378 5365 alias
394 5300 656 5374 auferentes,vel
671 5304 761 5380 ipsos
773 5305 954 5380 quomodo-

1008 1731 1239 1793 detrimentum
1259 1731 1311 1792 vel
1335 1731 1492 1808 injuriam
1505 1731 1684 1806 irrogasse,
1701 1730 1802 1792 satis·

1008 1828 1118 1889 facere
1141 1829 1193 1889 vel
1222 1828 1380 1889 exhibere
1404 1828 1535 1904 plenam
1548 1827 1712 1905 justitiam
1729 1842 1802 1886 mo—

1008 1925 1127 1996 neatis,
1157 1927 1200 1997 et,
1220 1927 1249 1986 si
1268 1941 1404 1986 necesse
1432 1924 1544 1996 luerit,
1579 1924 1801 2002 appellatione

1008 2023 1145 2094 remota,
1161 2037 1303 2083 censura
1331 2022 1557 2083 ecclesiastica
1581 2020 1798 2097 compellatis.

1008 2120 1126 2180 Datum
1135 2117 1353 2189 Laterani,VI
1365 2119 1438 2179 idus
1446 2117 1617 2190 februarii,
1632 2116 1803 2194 pontifica-

1007 2217 1060 2276 tus
1077 2217 1182 2279 nostri
1192 2231 1280 2276 anno
1296 2215 1420 2292 quinto.

1321 2399 1490 2488 dclvii

1299 2541 1351 2604 Ad
1364 2545 1509 2604 eosdem.

1306 2665 1324 2722 8
1339 2663 1407 2720 febr.
1426 2665 1505 2722 lati.

1191 2779 1323 2843 [Strehlke
1335 2780 1352 2828 l.
1362 2793 1395 2838 c.,
1406 2794 1432 2843 p.
1445 2779 1500 2836 alt,
1513 2793 1538 2828 n.
1552 2779 1619 2844 ath]

1009 2888 1092 2944 Vetat
1111 2885 1145 2942 de
1165 2885 1272 2944 ordinis
1291 2885 1459 2943 Tbeutonici
1479 2893 1544 2942 ante
1561 2885 1716 2944 Concilium
1732 2898 1797 2958 pos·

1043 2975 1131 3032 sessis
1149 2973 1243 3043 bouis,
1263 2976 1324 3032 sive
1339 2975 1375 3032 de
1395 2973 1524 3045 ejusdem
1540 2973 1640 3042 bortis,
1658 2974 1799 3046 virgultis,

1044 3063 1256 3135 piscationibus,
1277 3060 1441 3120 animalium
1465 3062 1643 3120 nutrimentis
1662 3062 1801 3136 primitias

1043 3152 1089 3208 vel
1100 3151 1226 3208 decimas
1239 3152 1409 3224 extorqueri.

1048 3267 1214 3329 Honorius
1251 3269 1446 3345 episcopus,
1482 3279 1597 3328 servus
1622 3281 1795 3328 servorum

1009 3366 1079 3436 Dei,
1095 3365 1341 3426 venerabilibus
1361 3365 1519 3426 fratribus
1539 3365 1799 3441 archiepiscopis

1008 3465 1040 3524 et
1055 3463 1218 3538 episcopis
1233 3463 1266 3524 et
1278 3461 1407 3524 dilectis
1422 3463 1500 3524 tiliis
1512 3461 1696 3532 abbatibus,
1714 3461 1801 3538 prio·

1009 3558 1111 3631 ribus,
1129 3560 1382 3630 archidiaconis,
1405 3560 1539 3620 decanis
1555 3561 1587 3621 et
1601 3558 1677 3620 aliis
1693 3559 1801 3620 eccle-

1008 3657 1133 3718 siarum
1179 3659 1337 3733 praelatis,
1376 3657 1418 3718 ad
1451 3673 1532 3734 quos
1566 3657 1685 3718 litterae
1726 3656 1800 3717 istae

1009 3755 1230 3830 pervenerint,
1247 3755 1387 3816 salutem
1410 3761 1443 3816 et
1471 3748 1797 3832 apostolicambene·
1825 3767 1834 3775 ·

1008 3851 1197 3913 dictionem.

1048 3951 1127 4009 Gurn
1141 3946 1253 4011 dilecti
1268 3949 1328 4009 lilii
1341 3949 1459 4010 fratres
1473 3948 1653 4026 Hospitalis
1668 3947 1799 4009 Sanctae

1009 4047 1123 4108 Mariae
1143 4045 1420 4109 'theutonicorum
1434 4045 1726 4122 Hierosolymitani
1740 4060 1799 4121 pro

1009 4159 1078 4204 suae
1102 4142 1275 4218 religionis
1310 4143 1520 4205 observantia
1548 4143 1679 4203 etzelo
1708 4141 1796 4212 fidei,

1009 4256 1107 4317 quam
1137 4239 1327 4312 defendunt,
1353 4255 1412 4316 per
1438 4240 1555 4300 Sedem
1574 4239 1797 4315 Apostolicam

1008 4353 1129 4413 magna
1150 4338 1217 4399 sint
1248 4336 1410 4399 libertatis
1432 4337 1653 4413 praerogativa
1672 4335 1797 4408 donati,

1008 4434 1152 4511 quidam,
1161 4436 1218 4512 qui
1227 4449 1345 4511 aquam
1360 4435 1440 4495 vino
1452 4435 1593 4496 miscent
1603 4437 1636 4495 et
1645 4433 1685 4496 de
1698 4435 1799 4509 scrip·

1007 4532 1092 4593 turis
1108 4531 1227 4591 falsum
1242 4531 1369 4606 eligunt
1395 4531 1608 4603 intellectum,
1623 4529 1799 4606 privilegia

1008 4630 1155 4704 ipsorum
1173 4629 1371 4705 ultraquam
1389 4627 1504 4688 deceat
1518 4644 1578 4704 pro
1593 4642 1653 4689 sua
1677 4629 1798 4688 volun-

1006 4725 1073 4787 tate
1084 4726 1298 4801 restringunt,
1308 4726 1341 4786 et
1355 4723 1529 4801 querentes
1544 4725 1739 4785 extraneum
1750 4724 1800 4785 in·

1007 4822 1173 4885 tellectum
1195 4822 1236 4883 ab
1259 4822 1339 4898 ipsis
1358 4822 1524 4897 primitias
1541 4824 1574 4883 et
1594 4820 1739 4882 decimas
1759 4819 1799 4881 de

1008 4920 1271 4996 possessionibus
1300 4920 1333 4979 et
1362 4918 1536 4980 novalibus
1570 4917 1691 4979 habitis
1720 4921 1797 4980 ante

1007 5016 1189 5077 Concilium
1200 5017 1366 5092 generale,
1381 5016 1452 5076 sive
1466 5015 1506 5076 de
1519 5015 1636 5088 hortis,
1645 5015 1798 5091 virgultis

1007 5117 1040 5176 et
1052 5113 1289 5190 piscationibus
1304 5129 1430 5184 eornm,
1445 5113 1497 5174 vel
1512 5112 1553 5174 de
1568 5127 1704 5176 suornm
1719 5113 1797 5172 ani-

1007 5211 1142 5272 mallum
1154 5210 1366 5273 nutrimentis
1375 5210 1571 5286 extorquere
1580 5209 1794 5286 praesumunt.

1007 5307 1163 5369 volentes
1178 5307 1282 5383 igitur
1301 5306 1464 5368 dictorum
1482 5306 1620 5368 fratrum
1635 5305 1800 5366 indemni-

158 5401 239 5464 libet
269 5402 491 5477 aggravantes
524 5401 692 5475 corrigere
721 5416 787 5462 non
817 5403 951 5463 curatis.
1006 5405 1130 5468 tatibus
1167 5403 1352 5481 providere,
1384 5419 1444 5480 per
1484 5403 1673 5482 Apostolica
1703 5402 1798 5464 vobis

160 5499 321 5571 Quoniam
345 5497 448 5574 igitur
467 5495 576 5558 officio
600 5499 713 5559 nostro
736 5499 872 5560 multum
896 5499 955 5560 de-
1008 5503 1130 5579 scripta
1152 5501 1358 5572 mandamns,
1375 5504 1538 5578 quatenus
1554 5499 1799 5562 ahextorsione

162 5596 314 5668 trahitur,
337 5596 366 5656 si
389 5593 471 5658 viris
493 5593 661 5670 religiosis
683 5611 862 5672 gravamen
889 5597 954 5658 ali·
1007 5599 1209 5660 decimarum
1224 5599 1257 5659 et
1269 5597 1490 5674 primitiarum
1505 5613 1605 5672 super
1616 5599 1797 5674 praemissis

303 5750 416 5793 remon.
437 5749 511 5792 rous
531 5737 581 5792 lll.
1626 5739 1660 5798 23
