4300 6392
182 309 242 370 469
363 333 365 338 ’
800 311 1027 374 EPISTOLAE.
1052 313 1129 374 lna.
1153 315 1207 374 IV.
1768 309 1845 378 lto'

480 493 674 582 CLXXIII
926 487 929 492 ·
1029 469 1103 532 dem
1118 470 1279 534 beneficio
1303 471 1522 538 absolutionis
1546 473 1827 551 impensatalem

1029 567 1159 645 injungi
1185 570 1414 645 penitentiam
1449 569 1510 632 sub
1541 570 1650 634 debito
1684 572 1824 648 praestiti

1024 666 1218 740 juramenti,
1235 666 1321 743 quod
1337 666 1492 732 videlicet
1515 682 1642 739 omnes,
1668 667 1724 745 pul
1740 683 1827 730 con-

1028 765 1193 824 venerunt
1214 763 1255 826 ad
1280 763 1422 828 insidias
1437 765 1553 828 contra
1566 765 1675 842 ipsum
1694 765 1831 841 episco-

474 844 676 918 101111ῑὶ210·
1028 874 1105 934 pum
1128 875 1191 922 nec
1209 861 1320 922 tamen
1345 862 1586 938 praesciverunt
1605 877 1681 924 eum
1704 861 1830 927 debere

217 949 365 1028 [namnids
376 949 467 1004 inan
478 950 622 1004 neuesiast.
633 951 666 1002 sn
675 965 771 1002 annum
783 952 853 1016 ¹²²⁰.
865 957 875 1014 l
886 953 937 1018 181
1028 955 1186 1027 interimi,
1201 972 1263 1020 nec
1276 960 1304 1034 ej
1310 974 1348 1019 ns
1360 957 1531 1022 interitum
1545 959 1820 1037 procuraverunt,

176 1056 294 1119 Mandat
308 1065 339 1114 ut
352 1056 539 1122 bertrandum
552 1057 683 1120 decanos
695 1065 724 1116 et
735 1058 973 1132 eiuscomplices,
1029 1051 1102 1116 sine
1122 1053 1282 1116 dilatione
1305 1054 1524 1131 resignabunt
1540 1056 1691 1120 anicien.
1714 1055 1825 1126 eccls-

214 1143 411 1204 lntsrlectores
450 1146 564 1204 bonerii
591 1145 753 1206 aniciensis
780 1148 908 1221 episcopi
937 1147 975 1206 ad
1028 1148 1100 1222 siae,
1115 1150 1143 1210 si
1160 1149 1234 1227 quis
1255 1165 1370 1212 eorum
1385 1151 1420 1214 in
1435 1152 1569 1214 fundum
1590 1155 1684 1216 ‘tenet
1697 1152 1823 1230 aliquid

214 1232 357 1306 1111111111
379 1233 575 1333 1111111111111
591 1235 785 1310 prescriptam
805 1250 855 1310 per
869 1251 973 1296 ⁰0⁰⁸ss-
1028 1245 1069 1306 ab
1082 1247 1197 1312 eadem
1219 1261 1281 1310 nec
1301 1247 1384 1309 illud
1406 1265 1551 1326 unquam
1577 1248 1617 1310 de
1632 1251 1752 1320 caetero
1767 1265 1826 1312 re·

212 1336 274 1383 '³¹¹¹
289 1322 515 1380 ecsslfflflsilsslffl
531 1323 714 1396 601111θῦ111·
1029 1345 1150 1418 petent,
1170 1359 1232 1406 nec
1252 1359 1292 1406 ea
1305 1344 1347 1406 de
1358 1361 1460 1406 causa
1474 1346 1705 1423 inquietabunt
1716 1347 1824 1424 ipsam

218 1439 385 1500 Honorius
418 1439 615 1516 episeopus,
651 1455 768 1507 servus
801 1455 973 1507 servorum
1028 1441 1221 1516 ecclesiam
1247 1457 1308 1504 nec
1328 1441 1408 1507 inde
1424 1443 1602 1506 movebunt
1622 1443 1653 1506 ei
1676 1443 1823 1520 aliquam

175 1535 251 1607 Dei,
266 1535 451 1610 venerabili
466 1535 562 1600 fratri
575 1536 762 1610 ouillelmo,
785 1538 976 1603 salutemet
1028 1539 1254 1614 quaestionem.
1278 1537 1328 1602 ad
1343 1539 1415 1604 baeo
1429 1539 1464 1600 in
1479 1539 1614 1602 civitate
1634 1539 1772 1604 Podien.
1793 1539 1823 1600 si

105 1676 107 1680 .
176 1632 394 1710 apostolicam
413 1632 687 1698 benedictionem.
1028 1649 1146 1696 secure
1166 1636 1331 1711 poterunt,
1345 1651 1447 1696 unam
1461 1634 1585 1698 sacient
1604 1637 1710 1714 quadr
1753 1635 1823 1698 esi-

218 1730 394 1792 Piaculare
414 1730 589 1807 flagitium,
613 1732 699 1809 quod
714 1732 915 1799 Bertrnndm
932 1733 976 1796 de
1028 1746 1114 1792 mam
1132 1732 1294 1800 ostiatim,
1319 1731 1425 1794 induti
1440 1733 1558 1804 saccis,
1578 1733 1632 1794 vel
1647 1733 1724 1794 cilio
1738 1733 1768 1794 is
1783 1747 1822 1794 ac

176 1828 290 1896 Cares,
305 1830 339 1890 et
351 1830 425 1905 ejus
438 1829 615 1906 complices
629 1831 865 1894 commiserunt
878 1829 973 1892 boum
1028 1827 1173 1890 detonsis
1194 1828 1357 1905 capitibus
1377 1828 1614 1901 mendicantes,
1629 1829 1663 1892 in
1676 1845 1766 1915 pane
1789 1830 1822 1891 et

177 1925 348 1989 memoriae
363 1925 572 1990 tuiciensem
586 1927 776 2004 episcopum
795 1927 974 1990 crudeliter
1028 1941 1114 2002 aqua
1135 1924 1186 1987 his
1202 1925 1236 1986 in
1252 1924 1456 1998 bebdomada
1475 1927 1670 2004 jejunando.
1685 1925 1822 1999 Quodsi

176 2021 368 2093 occidendo,
390 2021 471 2084 dere
485 2022 565 2085 libet
579 2023 703 2100 potius,
723 2040 822 2100 quam
834 2023 971 2096 reterre,
1007 2021 1111 2082 torte
1135 2037 1252 2083 secure
1278 2037 1344 2083 nen
1366 2023 1521 2098 poterunt
1542 2039 1616 2083 esse
1631 2023 1666 2084 in
1687 2024 1822 2086 civitate

177 627 231 686 Ad
259 628 474 688 &aldeimum
507 629 743 690 Viboniensem
763 629 799 690 et
811 631 976 706 Goudsri-

159 783 163 792 ,
292 725 374 784 dcem
389 725 663 786 Tricostrensem
677 729 863 800 episcopus.

175 2118 252 2194 ipsa
275 2118 481 2184 immanitate
519 2119 638 2196 flagitii
666 2119 768 2184 rerba
802 2120 973 2198 profundis
1007 2117 1204 2194 praedicta,
1235 2118 1415 2181 secundum
1444 2120 1662 2195 praenotatum
1689 2119 1821 2180 modum
1940 2203 1944 2208 Ι

176 2213 396 2282 intercidente
425 2216 595 2292 suspiriis,
616 2217 650 2278 et
672 2217 837 2294 lacrymas
860 2219 972 2280 invitis
1029 2230 1128 2278 unam
1143 2212 1266 2277 facient
1281 2215 1570 2292 quadragesimam
1591 2217 1626 2278 in
1650 2216 1763 2293 aliqua
1781 2215 1821 2277 de

175 2313 279 2374 etiam
299 2313 405 2374 ocrslis
429 2315 649 2390 exprimente.
674 2315 776 2386 Quem
800 2315 890 2376 enim
905 2331 972 2378 non
1027 2311 1216 2373 civitatibus
1232 2311 1429 2383 convicinis,
1447 2329 1516 2392 qua·
1527 2315 1672 2390 peracta,
1689 2314 1725 2373 in
1740 2329 1823 2390 prae·

174 2410 317 2480 moveat,
343 2410 459 2487 quisve
480 2410 699 2472 siccisooulis
720 2411 971 2484 recitaturum
1026 2407 1093 2470 iata
1120 2407 1253 2470 civitate
1282 2409 1418 2471 Pedion.
1449 2411 1502 2470 vel
1526 2410 1594 2472 alia
1616 2410 1704 2471 ultra
1728 2426 1821 2472 mare

174 2505 350 2568 nobilitate
372 2507 596 2584 spectabilem,
613 2507 774 2583 dignitate
793 2509 970 2584 insignem,
1026 2505 1215 2568 transibunt
1236 2505 1272 2567 in
1295 2508 1406 2568 Terrae
1438 2507 1568 2568 Sanctae
1595 2507 1732 2568 servitio
1762 2501 1841 2586 per'

176 2603 306 2664 meritis
320 2603 398 2664 vitae
409 2603 622 2674 laudabilem,
642 2604 811 2666 dominum
826 2621 847 2666 a
861 2621 973 2668 vassa·
1026 2603 1196 2664 biennium
1217 2603 1391 2676 moraturi,
1410 2617 1451 2664 ac
1462 2618 1576 2666 omnes
1592 2605 1704 2666 sextas
1719 2604 1820 2666 ferias

179 2697 233 2772 lis,
260 2700 349 2776 pium
379 2699 422 2762 ab
447 2700 570 2776 impiis,
597 2703 765 2777 patrema
790 2702 885 2773 tiliis,
911 2719 977 2779 pro·
1022 2699 1208 2775 jejunaturi
1237 2701 1272 2761 in
1301 2715 1398 2778 pane,
1424 2703 1457 2762 et
1480 2715 1566 2776 aqua
1586 2702 1656 2762 toto
1671 2703 1821 2778 tempore

179 2795 302 2858 urenda
319 2795 470 2858 ecclesia
492 2797 557 2858 sibi
572 2797 758 2860 commissae
769 2799 901 2876 insutis
918 2799 975 2862 tn·
1025 2797 1102 2858 vitae
1122 2812 1202 2868 suan,
1219 2797 1284 2857 nisi
1300 2812 1357 2858 eos
1372 2796 1507 2858 evidens
1525 2795 1701 2860 infirmitas
1716 2814 1821 2860 excu-

177 2893 401 2971 teremptuml
433 2893 526 2956 Licet
544 2894 655 2956 autem
683 2895 778 2957 multi
810 2895 971 2958 adversus
1026 2891 1150 2952 saverit
1165 2891 1218 2952 vel
1231 2891 1425 2954 solemnitas
1433 2891 1626 2955 Natiuitatis
1637 2893 1818 2956 Dominiese

178 2993 295 3063 Deum,
315 2991 349 3052 et
368 2990 528 3054 adversos
542 2991 709 3054 Christum
720 2996 794 3069 ejus
806 3009 973 3056 convene-
1027 2988 1212 3049 occrrrrerit
1226 2987 1340 3051 eodie.

179 3088 257 3160 rint,
270 3089 378 3150 dictus
400 3091 509 3150 tamen
524 3089 728 3155 Bertrandus
740 3089 971 3154 universorum
1066 3085 1250 3146 Praedictus
1265 3101 1344 3147 vero
1359 3085 1683 3163 Bertmndus.011jus
1698 3086 1749 3150 esi
1763 3085 1823 3149 de·

177 3185 211 3247 st
236 3184 445 3260 singulorum
462 3187 644 3263 nequitiam
672 3203 907 3264 supergressus
922 3205 974 3250 so·
1025 3181 1211 3244 testabilior
1228 3181 1337 3260 culpa,
1353 3183 1522 3260 resignato
1538 3183 1721 3244 secundum
1734 3183 1820 3259 quod

176 3281 239 3352 lus,
259 3297 332 3342 enm
353 3283 540 3344 ordinatum
569 3283 696 3356 luisset,
720 3287 757 3346 ut
779 3285 913 3358 dicitur,
930 3301 971 3347 ne
1027 3279 1256 3356 supradictum,
1274 3280 1324 3341 est
1341 3279 1449 3350 teudo,
1467 3281 1596 3357 siquod
1617 3281 1658 3340 ab
1677 3279 1821 3342 ecclesia

178 3379 253 3456 quis
268 3378 375 3455 ipsum
390 3380 581 3457 episcopum
596 3382 759 3457 tangeret,
775 3383 811 3442 in
826 3398 901 3446 eum
916 3399 974 3445 sa·
1026 3375 1098 3452 ipsa
1125 3377 1226 3448 tenet,
1264 3392 1303 3438 ac
1329 3376 1479 3453 deposito
1513 3377 1647 3454 cingulo
1683 3377 1821 3438 militari

175 3476 448 3552 crilegasmanns
464 3476 643 3541 extendere
658 3480 977 3544 acarmatnsinep..
1026 3472 1139 3534 contra
1165 3473 1389 3534 Christianum
1425 3489 1593 3554 nunquam
1626 3473 1666 3536 de
1699 3475 1821 3536 caetero

173 3587 272 3646 mem,
298 3575 507 3636 mansuetum
532 3574 689 3646 crudelis,
714 3576 843 3652 patrem
868 3576 968 3649 illins,
1005 3585 1117 3631 arma
1132 3567 1225 3633 ieret.
1246 3573 1327 3633 Tres
1343 3571 1616 3649 quadragesimas
1629 3573 1663 3633 in
1685 3571 1821 3634 civitate

174 3670 326 3732 occidere
340 3686 407 3732 non
421 3671 568 3748 expavit.
1025 3667 1130 3741 Pedii,
1144 3668 1172 3729 si
1186 3686 1324 3731 securus
1339 3670 1460 3748 poterit
1472 3670 1518 3730 ibi
1528 3686 1612 3740 esse,
1624 3669 1773 3749 alioquin
1785 3671 1820 3730 in

211 3767 308 3829 Tanti
329 3781 409 3843 argo
431 3767 591 3832 facinoris
616 3769 793 3832 atrocitate
814 3770 970 3846 permoti,
1024 3765 1101 3826 aliis
1125 3766 1343 3828 vicinioribus
1366 3766 1464 3829 faciet
1484 3767 1619 3829 indutus
1634 3783 1742 3837 sacco,
1760 3783 1819 3829 as-

174 3864 326 3926 enmdem
336 3865 555 3928 Bertrandum
571 3867 604 3928 et
614 3870 687 3943 ejns
700 3867 736 3927 in
747 3869 838 3931 tanta
851 3869 971 3944 impte-
1024 3878 1141 3939 persus
1161 3863 1286 3934 cinere,
1303 3867 1399 3926 tonso
1419 3864 1538 3941 capite,
1551 3863 1772 3953 discalceatus
1785 3865 1818 3928 et

176 3963 241 4022 tale
256 3964 438 4034 consortes,
457 3963 514 4038 qui
528 3963 568 4023 ad
585 3964 734 4025 nostram
757 3965 969 4041 praesentiam
1024 3959 1169 4021 ostiatim
1192 3960 1395 4030 mendicans.
1417 3975 1457 4021 ae
1474 3975 1559 4038 pane
1574 3961 1656 4029 8010,
1682 3961 1716 4022 et
1733 3976 1820 4038 aqua

172 4058 396 4130 accesserunt,
431 4059 531 4134 longo
574 4061 724 4136 tempore
749 4061 970 4122 sustinuimus
1023 4056 1198 4116 contentus
1213 4055 1320 4117 tribus
1332 4055 1450 4117 diebus
1463 4048 1610 4134 qualibet
1620 4057 1814 4133 septimana.

173 4154 350 4216 anteferes
363 4155 481 4232 palatii
491 4157 600 4217 nostri
606 4157 772 4218 excubare
781 4157 968 4219 discalcea.
1023 4153 1164 4230 Insuper
1174 4169 1233 4230 per
1243 4153 1312 4213 tres
1325 4150 1596 4230 quadragesimas
1609 4153 1817 4229 supradictas

172 4252 224 4312 tos
236 4253 269 4314 et
284 4252 404 4324 nudos,
417 4269 529 4326 aures,
543 4256 577 4314 et
592 4253 756 4316 oculosab
768 4270 882 4316 eornm
896 4258 969 4332 eju.
1023 4249 1111 4309 omni
1128 4248 1182 4309 die
1204 4244 1369 4310 dominica
1382 4249 1444 4311 toti
1459 4249 1560 4322 clero,
1578 4251 1610 4312 et
1631 4247 1751 4328 populo
1767 4249 1819 4312 ci-

172 4347 306 4418 latibus,
323 4349 356 4409 et
370 4347 529 4424 lacrymis
544 4349 733 4420 avertendo,
747 4351 782 4411 ut
793 4349 901 4426 stipsi
910 4365 969 4426 per
1022 4345 1134 4406 vitatis
1157 4346 1191 4407 in
1208 4361 1272 4424 qua
1296 4345 1386 4425 ipsas
1410 4341 1511 4408 laniet
1531 4345 1815 4426 quadragesimas,

173 4444 400 4506 dildcultatem
413 4445 601 4522 huiusmodi
609 4445 840 4507 enormitatem
849 4447 967 4523 flagitii
1023 4443 1146 4504 nudum
1165 4459 1200 4504 se
1215 4443 1422 4506 offerateum
1439 4437 1555 4522 virgis,
1570 4461 1652 4524 quas
1665 4445 1699 4506 in
1715 4461 1816 4508 manu

172 4541 224 4602 sni
253 4540 385 4617 plenius
413 4541 650 4618 intelligerent,
678 4545 711 4604 et
738 4543 797 4604 alil
824 4556 966 4621 quoqne,
1022 4540 1148 4603 deteret
1186 4539 1440 4604 verberandum.
1465 4543 1526 4604 His
1553 4543 1696 4620 peractis
1727 4543 1814 4606 ultra

171 4637 294 4716 quibus
311 4639 444 4702 illorum
459 4639 558 4717 culpa
571 4639 634 4702 tuit
647 4640 683 4701 in
698 4641 909 4712 scandalum,
927 4642 967 4704 de
1022 4655 1114 4700 mare
1138 4638 1295 4701 transibit
1309 4653 1369 4716 per
1389 4639 1599 4716 septennium
1625 4641 1815 4702 moraturus

170 4737 319 4812 ipsorum
338 4736 535 4798 consumens
556 4753 621 4798 non
637 4737 743 4799 solum
764 4739 964 4814 exemplum,
1021 4737 1142 4798 ibidem
1162 4737 1197 4797 in
1212 4738 1348 4800 servitio
1361 4739 1473 4799 Terras
1489 4739 1631 4810 Sanctae,
1648 4752 1688 4799 ac
1707 4736 1743 4798 in
1757 4753 1817 4799 suo

172 4833 228 4892 sed
242 4833 507 4894 etiamsolatium
518 4835 738 4912 reportarent.
750 4838 866 4908 Porro,
883 4837 966 4912 ipsis
1021 4833 1141 4905 reditu,
1157 4834 1340 4912 apostolico
1364 4849 1400 4894 se
1424 4833 1615 4910 conspectui
1630 4836 1816 4912 praesenta-

170 4945 270 4994 anres
302 4931 433 4993 nostras
461 4931 664 4997 clamoribus
690 4932 865 5000 imolensis
893 4934 965 4996 sine
1020 4929 1068 4993 bit
1096 4946 1171 4992 cnm
1193 4930 1314 4993 litteris
1346 4930 1565 5009 patriarcnae,
1601 4947 1641 4992 ac
1674 4931 1817 4993 alierum

171 5027 357 5091 cessatione
371 5028 590 5105 pulsantibus,
608 5030 741 5092 andem
754 5031 966 5098 ¹attendentes
1020 5028 1285 5090 aumenticarum
1296 5042 1525 5105 personarum,
1534 5043 1606 5105 quse
1619 5029 1654 5089 in
1663 5029 1816 5105 partibus

170 5139 237 5186 non
263 5125 366 5200 sanis,
382 5125 441 5186 ssd
461 5125 547 5194 male
563 5126 775 5199 habentibus,
793 5141 966 5205 epscopus
1019 5124 1087 5185 illis
1104 5127 1251 5202 tempore
1266 5126 1454 5200 uloonsnn
1477 5126 1722 5188 continentibus
1737 5141 1817 5203 qua-

170 5223 310 5295 medicc,
334 5222 514 5292 secundum
529 5223 756 5299 evangelican
777 5226 964 5298 veritatem,
1019 5221 1097 5284 liter
1110 5223 1157 5284 ibi
1172 5237 1234 5300 per
1245 5223 1369 5285 dictum
1384 5224 1595 5300 septennium
1616 5223 1717 5285 inerit
1731 5239 1815 5285 con-

170 5335 212 5382 ire
227 5321 314 5392 illos,
339 5318 492 5383 ulteriori
506 5317 874 5394 dilticultateadbibita,
893 5321 966 5385 des·
1018 5321 1182 5382 versatus.
1207 5322 1289 5384 'loto
1314 5321 1463 5398 ternpore
1481 5322 1559 5384 vita
1578 5337 1647 5382 suae
1669 5320 1752 5382 duas
1782 5321 1817 5380 in

169 5417 352 5494 peratiouis
378 5416 571 5480 barathrum
601 5415 805 5490 absorberet,
836 5433 965 5480 eorum·
1018 5433 1106 5480 auno
1120 5417 1221 5480 molet
1237 5417 1522 5496 quadragesimas,
1533 5420 1566 5481 et
1578 5419 1689 5480 sextas
1698 5416 1814 5489 ferias,

168 5517 242 5580 dem
259 5531 296 5575 se
309 5513 353 5579 ad
363 5513 626 5579 satisfactionem
641 5515 868 5580 omnimodam
879 5513 965 5577 orrea
1017 5531 1057 5576 ao
1070 5514 1383 5592 solemnesvigilias
1406 5516 1439 5576 in
1460 5527 1545 5593 pane
1568 5517 1602 5575 et
1620 5527 1724 5590 aqua3
1749 5513 1816 5576 nisi

169 5611 313 5674 rentium
342 5611 456 5687 recipi,
477 5610 613 5673 fecimus
625 5612 826 5688 juramenta,
843 5614 876 5674 et
890 5613 962 5674 cis·
1018 5613 1107 5675 certa
1139 5613 1289 5690 corporis
1316 5613 1493 5677 infirmitas
1529 5611 1721 5688 praepediat,
1761 5614 1817 5682 rel
