4248 6410
335 262 396 324 699

335 417 582 482 uenerabilibus
612 411 771 478 fratribus
805 411 1064 490 archiepiscopis
1097 412 1131 474 et

337 516 548 596 episcopiset
566 513 696 575 dilectis
711 510 790 572 tiliis
809 508 983 571 abbatibus
1000 511 1034 570 et
1052 509 1129 570 aliis

338 614 554 675 ecclesiarum
573 609 732 690 praelatis,
750 609 791 670 ad
813 623 896 685 quos
918 607 1038 668 litterae
1056 607 1130 668 istae

338 707 560 786 pervenerint,
581 705 774 768 salutemet
795 701 1009 782 apostolicam
1028 703 1132 764 bene-

337 805 526 866 dictionem.
939 809 942 816 ’

376 901 601 972 Attendentes,
616 915 713 977 quam
727 898 843 960 devote
858 897 970 958 dilecti
986 896 1046 958 tilii
1061 895 1132 958 fra-

336 1001 404 1061 tres
419 998 599 1074 Hospitalis
626 998 757 1058 Sanctae
776 994 892 1056 Marias
908 993 1132 1056 'theutonico-

335 1113 409 1158 rum
433 1094 739 1172 Hierosolymitani,
767 1092 907 1153 Domino
933 1091 1128 1168 inspirante,

335 1192 509 1256 intendant
522 1191 679 1270 operibus
694 1188 826 1268 pletatis
837 1191 870 1250 et
882 1204 981 1266 quarn
999 1187 1132 1248 ferven-

335 1293 387 1354 ter
400 1307 437 1351 se
449 1291 483 1352 ei
496 1305 557 1350 sira
575 1288 781 1348 intirmorum
794 1301 977 1364 pauperum
992 1299 1131 1360 suscep-

336 1387 420 1451 tIoni
435 1389 469 1450 et
484 1385 719 1448 sustentationi
732 1385 910 1460 exponant,
924 1384 1061 1460 paterna
1074 1397 1131 1442 eos

337 1485 513 1548 affectione
528 1482 708 1558 diligimus,
719 1482 752 1544 et
766 1481 952 1558 petitiones,
964 1479 998 1542 in
1013 1479 1131 1556 quibus

338 1599 413 1644 cum
430 1581 562 1660 justitia
581 1595 768 1656 possumus,
785 1578 964 1640 clementer
985 1576 1132 1640 admitti-

336 1695 410 1742 mus
431 1680 464 1740 et
489 1676 690 1755 profectibus
715 1677 864 1755 ipsorum
889 1677 924 1738 et
950 1674 1131 1736 commodis

338 1791 469 1856 parvos
485 1775 519 1838 et
537 1774 696 1853 paralius
718 1773 899 1836 efficaciter
921 1771 1078 1834 debemus
1101 1772 1133 1833 et

337 1875 490 1937 volumus
513 1873 699 1934 imminere.
719 1873 901 1950 Hapropter
921 1869 1133 1932 universitati

338 1971 458 2034 vestrae
478 1985 539 2047 per
561 1969 752 2047 Apostolica
773 1969 896 2046 scripta
923 1968 1130 2038 mandamus,

337 2069 436 2146 atque
446 2067 668 2144 praecipimus
680 2066 842 2142 quatenus
858 2063 1045 2142 privilegia,
1059 2078 1132 2140 quae

337 2163 496 2226 fratribus
515 2162 610 2242 ipsis,
624 2161 746 2224 intuitu
765 2160 898 2236 pletatis
919 2160 1130 2232 indulsimus,

338 2277 413 2324 cum
427 2260 521 2322 vobis
536 2259 686 2322 exhibita
702 2257 835 2330 fuerint,
853 2259 1029 2334 diligenter
1046 2258 1133 2335 lega·

337 2358 392 2431 tis,
411 2356 553 2419 fideliter
567 2357 742 2433 exponatis
761 2357 795 2418 et
813 2355 1051 2417 inviolabiliter
1073 2371 1131 2416 re-

339 2456 428 2518 moto
441 2454 673 2532 appellationis
684 2453 822 2530 diffugio
833 2452 963 2515 facietis
978 2452 1019 2514 ab
1030 2453 1134 2514 omni·

339 2552 413 2625 bus,
429 2552 636 2630 quantumin
651 2551 745 2615 vobis
760 2551 871 2621 fuerit,
888 2549 1069 2621 observari,
1086 2550 1131 2612 ita

340 2651 427 2728 quod
450 2649 551 2712 iidem
576 2647 697 2710 fratres
717 2647 757 2709 de
781 2648 925 2726 acceptis
948 2647 1132 2724 privilegiis

339 2747 482 2810 fructum
505 2747 676 2809 obtineant
693 2747 726 2808 et
739 2762 799 2807 vos
818 2761 1002 2823 pauperum
1017 2761 1134 2808 neces-

340 2845 494 2908 sitatibus
515 2843 657 2920 compati
672 2843 900 2906 videaminiet
914 2859 1029 2903 eorum
1048 2842 1133 2904 velle

340 2940 539 3004 utilitatibus
550 2943 684 3020 propter
692 2943 795 3003 Deum
806 2940 933 3001 utiliter
943 2939 1131 3000 subvenire.

338 3039 458 3100 Datum
472 3039 638 3110 Laterani,
651 3053 758 3099 nonas
774 3035 944 3108 februarii,
960 3036 1134 3114 pontifica-

339 3138 393 3201 tus
409 3136 514 3198 nostri
529 3151 616 3198 anno
634 3135 759 3214 quinto.

624 3319 849 3408 CCXLVIII

340 3465 393 3524 Ad
411 3463 620 3540 casuistarum
635 3465 669 3524 S.
687 3464 814 3523 Marica
836 3461 1130 3524 lbctctontcorum.

633 3583 650 3640 5
669 3581 740 3640 febr.
757 3583 836 3640 titt.

532 3695 668 3762 [strobile.
683 3696 702 3746 I.
714 3712 745 3754 c.,
760 3695 815 3785 biit,
829 3711 855 3746 n.
870 3693 939 3762 ein]

337 3804 471 3865 Concedit
482 3804 575 3876 ordini
586 3804 761 3863 Tbeutonioo
774 3805 937 3862 vacandum
948 3805 1132 3863 ecclesiarum

508 3909 558 3966 per
572 3893 676 3968 viginti
690 3891 751 3951 dies
766 3893 966 3950 retentionem.

376 4011 544 4074 Honorius
555 4011 741 4088 episcopus,
753 4025 870 4072 servus
879 4025 1050 4072 servorum
1061 4011 1131 4084 Dei,

338 4109 468 4172 dilectis
480 4109 557 4171 filiis
568 4108 727 4185 magistro
741 4111 774 4170 et
783 4107 941 4170 fratribus
953 4109 1133 4186 Hospitalis

339 4209 469 4268 Sanctae
490 4208 606 4268 Mariae
627 4205 907 4268 Thentonicorum
937 4205 1134 4284 Hierosoly-

337 4304 466 4376 mitani‚
495 4305 637 4366 salutem
668 4305 702 4365 et
728 4302 945 4380 apostolicam
974 4301 1133 4364 benedic-

338 4401 475 4463 tionem.

377 4496 605 4568 attendentes
623 4511 721 4573 quam
739 4497 856 4558 devote
871 4496 903 4559 et
921 4494 1134 4558 laudabiliter

339 4595 474 4674 pietatis
507 4593 662 4670 operibus
686 4593 720 4654 et
747 4592 932 4655 defensioni
958 4593 1133 4656 christiani

339 4692 483 4753 nominis
494 4691 529 4751 in
543 4690 779 4752 transmarinIs
792 4689 941 4767 partibus
958 4690 1130 4763 insistatis,

334 4789 435 4868 justis
447 4787 662 4865 petitionibus
673 4788 793 4850 vestris
802 4787 945 4849 libenter
955 4788 1133 4849 annuimus

337 4885 498 4962 vobisque
513 4886 628 4947 contra
647 4885 812 4948 indebitas
829 4885 1010 4954 molestias,
1027 4901 1135 4961 quan-

234 4983 235 4988 ’
338 4985 408 5046 turn
423 4999 497 5044 cum
511 4985 578 5043 Deo
591 4998 778 5060 possumus,
793 4982 1015 5060 providemus.
1027 4982 1132 5054 Unde,

338 5081 416 5159 quia
431 5081 472 5142 ad
490 5079 692 5142 audientiam
709 5079 913 5158 apostolatus
932 5080 1035 5142 nostri
1051 5095 1132 5157 per·

277 5247 284 5256 ,
337 5180 439 5250 venit,
456 5177 540 5256 quod
557 5177 793 5240 decedentibus
815 5177 1031 5238 ecclesiarum
1051 5193 1132 5239 ves-

336 5278 464 5338 trarum
479 5275 676 5346 rectoribus,
689 5274 837 5352 episcopi
853 5275 885 5336 et
895 5273 1056 5336 officiales
1075 5291 1133 5337 eo-

206 5441 211 5448 ,
336 5391 410 5436 rum
439 5373 588 5452 ipsarum
617 5386 856 5448 nonnunquam
889 5371 1132 5436 ordinationem

336 5471 495 5536 differunt
520 5471 553 5533 et
574 5469 701 5532 fructus
726 5469 762 5530 in
784 5484 865 5531 usus
894 5469 1045 5548 propri0s
1072 5487 1131 5548 pro

336 5583 396 5630 sua
409 5567 579 5630 voluntate
594 5567 802 5638 convertunt,
825 5567 1021 5632 auctoritate
1036 5568 1131 5630 robis

953 253 1129 315 HONORII
1151 254 1196 316 111
1217 255 1368 317 OPERA.

1856 254 2008 350 '700

1184 413 1401 490 praesentium
1425 409 1647 488 indulgemus,
1666 413 1713 483 ut,
1734 423 1809 472 oum
1829 411 2004 473 ecclesiae

1185 511 1304 572 vestrae
1320 507 1523 581 vacaverint,
1541 510 1642 571 liceat
1659 508 1754 570 vobis
1775 519 1833 570 eas
1849 525 1912 586 per
1928 509 2003 572 vi-

1184 607 1269 683 ginti
1288 605 1409 668 diesin
1432 605 1584 668 manibus
1606 606 1726 670 vestris
1748 608 1821 668 sine
1841 609 2002 669 contra-

1185 703 1329 766 dictione
1366 703 1479 782 aliqua
1507 704 1669 775 retinere,
1698 703 1746 766 ita
1773 703 1860 781 quod
1893 703 2001 765 infra

1184 801 1337 862 eumdem
1358 801 1537 863 terminum
1555 817 1574 861 a
1594 801 1688 862 vobIs
1712 803 1822 864 rector
1841 799 2000 862 idoneus

1185 897 1374 960 dloacesano
1387 899 1542 976 episcopo
1556 899 1785 976 praesentetur.
1798 897 1892 959 Nulli
1903 915 2000 974 ergo

1185 995 1320 1056 omnino
1334 995 1462 1057 bomini
1478 995 1577 1056 liceat
1590 995 1677 1056 hanc
1691 997 1847 1072 paginam
1858 997 1999 1058 nostrae

1185 1091 1411 1153 concessionis
1427 1089 1620 1167 infringere,
1643 1091 1695 1152 vel
1718 1091 1749 1152 ei
1764 1106 1849 1152 ausu
1872 1093 1996 1152 teme-

1184 1187 1277 1248 rario
1292 1189 1469 1250 contraire.
1497 1189 1532 1248 Si
1553 1189 1627 1266 quis
1649 1189 1758 1250 autem
1780 1187 1845 1250 boc
1868 1191 1996 1250 atten-

1185 1283 1256 1346 tare
1284 1287 1545 1364 praesumpserit,
1576 1285 1838 1362 indignationem
1868 1287 1995 1347 omni-

1186 1383 1329 1461 potentis
1355 1384 1415 1444 Dei
1442 1385 1475 1445 et
1502 1383 1674 1446 beatorum
1705 1383 1796 1445 Petri
1825 1383 1858 1445 et
1885 1382 1996 1444 Pauli

1186 1481 1410 1558 apostolorum
1438 1484 1510 1557 ejus
1537 1497 1573 1542 se
1600 1482 1732 1543 noverit
1754 1483 1992 1542 incursurum.

1186 1579 1304 1640 Datum
1326 1579 1492 1649 Laterani,
1514 1593 1620 1639 nonas
1645 1577 1817 1648 februarii,
1845 1579 1995 1657 pontiti-

1187 1676 1279 1737 catus
1294 1677 1399 1737 nostri
1415 1691 1503 1738 anno
1519 1677 1645 1754 quinto.

1494 1878 1677 1970 cdxlix

1187 2025 1239 2084 Ad
1252 2025 1534 2098 archiepiscopos,
1552 2026 1736 2098 epuoopos,
1755 2025 1830 2096 ete,
1846 2024 1881 2086 et
1894 2027 1989 2086 otios

1495 2121 1671 2195 prolatos.

1482 2241 1501 2298 d
1519 2239 1589 2299 febr.
1605 2241 1683 2300 llil.

1387 2350 1522 2420 [Strablke
1535 2357 1552 2406 l.
1566 2371 1597 2416 a,
1610 2357 1665 2415 309,
1679 2371 1704 2407 n.
1714 2354 1783 2423 dib}

1186 2461 1272 2522 Vetat
1292 2460 1419 2520 ordinem
1440 2459 1647 2520 TheutonIcunr
1670 2463 1809 2537 impediri,
1826 2465 1984 2537 quominus

1222 2549 1412 2609 confratribus
1424 2553 1483 2609 suls
1499 2553 1529 2610 in
1545 2553 1717 2611 coemetcriis
1731 2553 1791 2610 suis
1806 2553 1984 2626 sepulturam

1222 2640 1357 2713 prebeat.
1395 2656 1401 2667 ’

1226 2749 1394 2810 Honorius
1405 2748 1591 2827 episcopus
1602 2765 1896 2813 servasservorum
1908 2751 1981 2824 Dei,

1187 2845 1433 2908 venerabilibus
1469 2845 1627 2908 tratribus
1662 2847 1919 2926 archiepiscopis
1949 2851 1983 2910 et

1187 2943 1352 3022 episcopis
1374 2947 1407 3005 et
1432 2943 1562 3007 dilectis
1582 2943 1660 3007 filiis
1684 2945 1868 3014 abbatibus,
1885 2947 1980 3024 prio-

1186 3040 1291 3113 ribus,
1313 3042 1517 3118 praepositis,
1545 3042 1692 3115 decanis,
1722 3039 1978 3116 archidiaconis,

1187 3137 1485 3216 archipresbyteris
1504 3142 1537 3201 et
1555 3140 1631 3201 aliis
1653 3141 1869 3202 ecclesiarum
1889 3157 1978 3218 prae-

1187 3235 1275 3309 latis,
1294 3235 1335 3297 ad
1351 3253 1433 3314 qnos
1450 3236 1569 3299 litterae
1589 3237 1661 3300 istae
1677 3239 1898 3316 pervenerint,
1923 3255 1980 3299 sa-

1188 3333 1289 3395 lutam
1305 3335 1338 3396 et
1353 3334 1568 3411 apostolicam
1584 3333 1859 3397 benedictionem.

1228 3431 1307 3491 Cum
1331 3429 1461 3494 dilectIs
1490 3429 1584 3504 tilifs,
1613 3431 1771 3494 fratribus
1799 3431 1980 3510 Hospitalis

1189 3525 1318 3587 Sanctae
1340 3524 1455 3587 Mariae
1482 3525 1761 3588 Tbeutonicorum
1786 3525 1980 3604 Hierosoly-

1188 3621 1317 3690 mitani,
1331 3621 1524 3684 duxerimus
1535 3623 1784 3700 indulgendum,
1799 3625 1834 3685 ut
1847 3623 1909 3695 bie,
1924 3623 1980 3700 qui

1189 3733 1302 3780 eorum
1327 3719 1542 3781 confrati-iam
1566 3721 1817 3798 assumpserint,
1841 3721 1869 3782 si
1897 3719 1980 3782 forte

1188 3814 1291 3889 locus,
1311 3817 1346 3878 in
1368 3832 1432 3894 quo
1455 3817 1628 3890 decedunt,
1651 3815 1848 3880 interdictus
1871 3819 1978 3889 luerit,

1187 3914 1252 3975 ulsi
1276 3913 1410 3976 vinculo
1434 3915 1787 3978 excommunicationis
1806 3915 1982 3978 teneantur

1188 4011 1351 4084 adstricti,
1368 4013 1425 4072 aut
1440 4013 1635 4074 nominatim
1649 4015 1716 4075 sint
1729 4013 1908 4084 interdicti,
1924 4029 1981 4073 se-

1188 4109 1321 4187 pultuna
1337 4109 1565 4171 ecclesiastica
1584 4127 1649 4172 non
1668 4111 1786 4172 debeat
1803 4109 1979 4187 denegari;

1188 4206 1288 4266 nimis
1304 4207 1451 4282 graviter
1472 4206 1688 4281 excederetis,
1706 4209 1745 4280 si,
1763 4208 1849 4286 quod
1864 4208 1979 4269 fratri-

1186 4302 1249 4364 bus
1265 4295 1388 4364 eisdem
1412 4305 1648 4378 concessimus,
1666 4307 1913 4382 praesumemus
1928 4305 1982 4365 in-

1188 4399 1345 4477 fringere,
1362 4401 1419 4478 qui
1433 4401 1518 4462 alios
1538 4402 1578 4462 ad
1597 4401 1804 4464 observanda
1824 4403 1979 4464 Ecclesia

1188 4499 1346 4560 Romanae
1372 4499 1494 4560 statuta
1514 4498 1615 4561 verbo
1637 4501 1669 4562 et
1688 4500 1839 4577 exemplo
1857 4499 1980 4562 debetis

1188 4595 1385 4673 propensius
1397 4595 1587 4658 informare.
1600 4597 1739 4674 infringi
1755 4613 1896 4676 namque
1911 4613 1980 4657 sus·

1188 4693 1295 4756 tinere
1314 4692 1475 4766 nolentes,
1495 4695 1581 4771 quod
1603 4693 1761 4756 fratribus
1784 4695 1978 4756 indulsimus

1188 4790 1373 4862 antedictis,
1390 4791 1601 4853 universitati
1621 4795 1741 4855 vestrae
1764 4808 1823 4870 per
1841 4793 1980 4870 Aposto-

1187 4887 1253 4949 lica
1273 4888 1397 4964 scripta
1419 4885 1614 4950 mandamus
1635 4891 1734 4967 atque
1758 4889 1976 4968 praecipimus,

1188 4985 1350 5063 quatenus
1366 4986 1458 5046 nullo
1473 4987 1622 5063 tempore
1640 4988 1813 5065 quisquam
1833 4990 1978 5049 vestrum

1188 5080 1349 5158 impedire
1364 5085 1555 5159 praesumat,
1573 5083 1749 5161 quominus
1771 5099 1910 5160 corpora
1925 5083 1977 5158 ip-

1187 5193 1311 5251 sorum,
1337 5179 1393 5256 qui
1411 5179 1626 5241 confratriam
1653 5181 1886 5259 praedictorum
1912 5179 1980 5240 fra·
2091 5240 2092 5250 ,

1186 5276 1274 5338 trum
1294 5277 1547 5354 assumpserint,
1562 5275 1615 5338 vel
1634 5279 1804 5339 assument
1818 5279 1853 5338 in
1871 5277 1980 5356 poste-
2091 5255 2092 5284 ¹

1186 5389 1276 5446 rum,
1302 5373 1368 5435 nisi
1397 5375 1676 5437 excommunicati
1703 5375 1757 5438 vel
1786 5375 1979 5437 nominatim

1186 5471 1671 5544 fuerintinterdicti,autetiam
1682 5473 1811 5551 publica
1822 5471 1977 5542 usurarii,

1186 5570 1358 5633 incorum
1386 5568 1521 5632 valeant
1548 5571 1747 5633 coemeteriis
1776 5569 1922 5646 sepeliri,
1952 5571 1980 5629 si
