4230 6388
836 333 1065 394 EPISTOLAE.
1088 335 1167 395 LIB.
1190 335 1229 394 V.
1262 426 1263 433 ἵ

497 497 722 586 dtxtvttt

225 640 277 700 An
290 643 332 700 P.
349 641 390 700 dc
409 641 487 700 Vtco
505 645 785 704 archidiaconum
797 641 988 704 Bituricae.

497 765 530 822 17
544 769 626 822 murt.
642 764 719 821 titt.

244 876 363 940 marest,
375 878 420 929 lib.
431 880 463 938 V,
474 879 547 943 epist.
560 879 615 928 tlt.
628 881 685 930 llss.
699 881 735 930 La
745 881 820 930 Porta
828 881 861 931 du
873 881 966 945 Theil.]

211 981 511 1059 Archiprcsbyteratns
536 985 744 1043 Excidunensis
770 1001 834 1043 cum
859 986 1001 1045 archidia-

246 1079 350 1129 conatu
365 1073 532 1130 bituricensl
546 1075 681 1132 unionem
697 1075 864 1133 auctoritate
878 1075 1000 1148 Aposto-

246 1159 300 1218 lica
316 1160 474 1219 confirmat.

249 1280 428 1352 Honorius
443 1280 517 1352 etc„
528 1279 647 1342 dilecto
660 1281 729 1342 illio
742 1280 901 1357 magistro
915 1281 951 1342 P.
962 1279 1002 1340 de

209 1375 293 1436 Vico
306 1361 542 1439 archidiacono
553 1377 732 1439 Bituricen.

249 1475 403 1549 Exparte
414 1473 642 1550 siquidemtua
652 1473 714 1535 luit
726 1473 820 1534 nobis
831 1475 1002 1536 humiliter

209 1570 441 1646 supplicatum,
456 1569 493 1631 ut
506 1586 580 1630 cum
596 1571 730 1632 satiatus
745 1573 797 1631 W.
815 1572 1002 1648 archiepis-

209 1682 322 1743 copus,
345 1667 377 1728 et
398 1666 510 1729 dilecti
532 1667 592 1728 tilii
617 1667 796 1744 capitulum
818 1669 998 1730 Bituricen.

209 1763 288 1824 olim
303 1765 463 1825 tenuitate
478 1765 664 1826 reddituum
680 1766 816 1843 majoris
832 1766 1000 1827 archidia-

208 1865 358 1932 conatus,
372 1877 411 1922 ac
423 1861 573 1924 ecclesiae
588 1863 768 1924 bituricen.
781 1863 919 1934 bonore,
928 1879 1001 1939 pro·

207 1957 283 2020 vida
308 1957 545 2020 deliberatione
573 1960 732 2035 pensatis,
761 1959 999 2036 archipresby-

110 2135 113 2140 ·
206 2057 350 2118 teratum
365 2056 570 2118 Excidunen.
587 2057 695 2117 eidem
711 2057 867 2118 duxerint
879 2058 1000 2118 tinien-

207 2151 575 2230 dum,unionemipsam
585 2154 772 2230 Apostolico
786 2155 999 2228 dignaremur
1035 2192 1040 2210 ,

207 2251 390 2310 munimine
411 2249 580 2312 roborare.
602 2253 670 2311 Nos
690 2251 793 2326 igitur
815 2249 882 2312 tuis
898 2252 998 2328 justis

207 2347 358 2424 precibus
373 2349 468 2424 grato
483 2348 717 2409 concurrentes
733 2363 882 2420 assensu,
900 2349 999 2410 unio-

204 2459 280 2504 nem
295 2443 413 2520 ipsam,
429 2445 516 2505 sicut
537 2444 674 2520 provide
695 2444 782 2506 tactu
805 2445 866 2517 est,
883 2446 999 2506 aucto-

205 2539 303 2600 ritate
318 2541 505 2616 Apostolica
529 2539 773 2612 confirmamus,
798 2541 830 2601 et
847 2555 997 2617 praesen-

204 2635 248 2697 tis
277 2636 392 2712 scripti
417 2636 601 2712 patrocinio
626 2637 877 2697 communimus.
905 2637 998 2698 Nulli

205 2746 300 2807 ergo,
329 2733 404 2804 etc„
435 2734 556 2794 nostrae
584 2733 843 2794 confirmationis
870 2733 998 2794 intrin-

203 2845 294 2905 gere,
311 2832 373 2891 etc.
398 2831 521 2908 Siquis
537 2831 659 2898 autem,
679 2833 741 2892 etc.
758 2832 876 2893 Datum
899 2833 997 2893 Late-

205 2927 294 2999 rani,
319 2930 394 2989 XVI
417 2929 485 2990 kal.
509 2928 630 3000 martii,
659 2927 869 3004 pontificatus
891 2929 995 2991 nostri

204 3039 292 3085 anno
307 3024 432 3102 quinto.

509 3177 691 3264 ttxttx

292 3330 344 3389 Ad
362 3330 549 3402 captantum
566 3328 903 3403 Justirtopotttonnm.

484 3451 517 3508 17
531 3457 612 3508 mart.
632 3451 710 3508 titt.

255 3563 380 3626 [Theium.
390 3565 483 3618 Vetera
492 3567 603 3616 tionum.
614 3565 755 3626 Slavorum,
765 3580 791 3630 p.
803 3567 842 3625 72,
852 3581 876 3616 n.
887 3567 939 3630 82]

236 3670 365 3742 Capitulo
379 3670 618 3741 Iustinopolitano
633 3675 754 3726 statutus
769 3669 955 3728 duodecimus

315 3759 518 3816 canonicorum
533 3772 669 3816 numerus
682 3757 876 3816 confirmatur.

240 3885 407 3947 Honorius
414 3886 599 3962 episcopus,
612 3901 906 3948 servasservorum
919 3888 989 3960 Dei,

200 3981 330 4042 dilectis
352 3981 468 4042 filiis...
484 3983 610 4043 decano
629 3985 662 4044 et
679 3984 823 4060 capitulo
838 3987 990 4048 tustino-

201 4077 358 4156 politano,
376 4077 528 4151 salutem,
544 4078 605 4140 etc.

240 4176 346 4246 Quum
367 4190 387 4235 a
405 4174 500 4235 nobis
517 4176 650 4252 petitur,
668 4176 743 4250 eto,
758 4161 864 4252 cosona
885 4177 989 4241 effec-

198 4271 278 4336 tum.
295 4273 486 4347 Eaproptar,
508 4273 583 4343 etc,
608 4289 715 4346 asotia
741 4291 891 4336 assensu.
913 4279 989 4338 Sta-

196 4369 302 4430 tutum
316 4369 351 4429 in
364 4368 504 4448 ecclesia
519 4369 629 4430 vestra
645 4369 876 4432 duodecimum
893 4389 991 4436 cano·

196 4465 348 4526 uicorum
367 4480 552 4537 numerum,
576 4466 662 4528 sicut
681 4469 819 4543 provida
837 4473 886 4531 est
901 4471 988 4532 deli-

196 4563 367 4625 beratione
392 4565 562 4637 statutum,
585 4565 782 4629 auctoritate
801 4571 990 4645 Apostolica

197 4661 441 4733 confirmamus,
457 4663 491 4723 et
510 4663 683 4738 praesentis
706 4665 821 4741 scripti
844 4667 991 4742 patroci-

197 4757 253 4818 nio
268 4759 528 4834 communimus3
548 4759 740 4832 statuentes,
756 4762 792 4822 ut
808 4763 923 4822 eadem
940 4779 991 4824 cc·

197 4853 298 4914 clesia
319 4854 406 4916 dicto
427 4857 663 4918 canonicorum
688 4874 825 4919 nurnero
847 4859 890 4921 sit
909 4876 990 4921 con-

148 4967 157 4990 *
195 4953 300 5022 tenta,
313 4953 378 5011 nisi
393 4953 476 5013 adeo
492 4956 562 5029 ejus
578 4956 788 5016 excreverint
803 4955 987 5029 facultates,

197 5048 284 5125 quod
311 5049 462 5124 pluribus
485 5050 597 5112 valeat
620 5053 845 5113 necessarium
867 5054 988 5114 minis-

195 5148 297 5217 trare,
312 5147 348 5206 iu
363 5145 515 5208 omnibus
534 5147 689 5210 mandato
704 5151 892 5225 Apostolico
909 5167 990 5211 sem-

196 5261 257 5321 per
278 5244 383 5304 salv0.
405 5244 496 5305 Nulli
517 5260 607 5319 erge,
630 5245 707 5316 etc,
728 5249 849 5308 nostrae
863 5249 988 5308 conflr-

196 5341 352 5402 mationis
379 5341 415 5402 et
437 5340 685 5402 constitutionis
713 5341 905 5418 infringere,
926 5347 987 5406 etc.

197 5439 234 5499 Si
248 5440 321 5519 quis
335 5439 456 5507 autem,
467 5439 529 5500 etc.
540 5438 657 5499 Dattvm
669 5439 836 5513 Laterani,
846 5444 919 5502 XVI
933 5442 990 5502 ka·

195 5536 317 5598 landas.
349 5537 481 5616 aprilis,
515 5536 726 5613 pontificatus
760 5539 866 5601 nostri
902 5555 989 5602 anno

196 5633 328 5712 quinto..

1600 339 1854 419 fato

1412 503 1501 590 tut

1083 644 1135 704 Ad
1148 643 1357 720 magistrum
1370 648 1543 714 Jccooum,
1559 648 1598 728 A,
1616 649 1651 708 S.
1665 631 1825 724 lauciora

1342 769 1377 824 ta
1392 775 1475 824 mart.
1490 769 1567 828 1111.

1180 872 1309 936 [Thalnam
1320 873 1432 922 bionum.
1446 873 1581 933 Hiberniae,
1598 875 1627 924 l8
1641 891 1666 928 n.
1677 877 1729 942 tn]

1058 979 1093 1035 Ut
1113 977 1251 1048 quasdam
1275 980 1496 1037 consuetudines
1516 981 1544 1036 in
1564 979 1708 1054 ilibernia,
1726 983 1761 1040 ad
1780 1000 1852 1057 quas

1047 1083 1048 1086 ¹
1093 1063 1247 1122 abolendas
1274 1065 1506 1140 archiepiscopus
1531 1069 1718 1127 cassellensis
1745 1073 1852 1132 litteras

1091 1154 1273 1225 Apostolicas
1291 1154 1461 1225 obtinuerat,
1477 1160 1620 1216 examinet
1639 1165 1668 1216 et
1683 1159 1718 1217 dc
1738 1159 1784 1218 his
1802 1175 1848 1218 re·

1093 1239 1174 1300 ierat.

1095 1352 1263 1412 Honorius
1272 1353 1457 1430 episcopus,
1468 1371 1583 1416 servus
1596 1371 1767 1418 servorum
1776 1357 1847 1431 Dei,

1056 1446 1177 1510 dilecto
1200 1449 1270 1510 tilio
1294 1451 1454 1526 magistro
1473 1453 1608 1522 Jacobo,
1626 1455 1796 1531 capellano
1818 1456 1850 1517 et

1055 1547 1303 1621 poenitentiario
1320 1549 1444 1620 nostro,
1461 1549 1660 1626 Apostolicse
1684 1552 1779 1612 Sedis
1795 1551 1848 1612 le-

1055 1643 1143 1717 gato,
1152 1645 1292 1706 salutem
1303 1649 1336 1706 et
1347 1647 1561 1723 apostolicam
1571 1647 1846 1710 benedictionem.

1095 1741 1224 1812 Quanto
1233 1743 1334 1820 Justis
1349 1745 1531 1820 petentium
1547 1745 1701 1820 precibus
1716 1745 1849 1807 sacilio-
1939 1809 1941 1822 ,

1054 1853 1125 1899 rem
1135 1839 1321 1914 praebemus
1338 1857 1522 1915 assensum,
1535 1842 1628 1904 tanto
1640 1843 1781 1920 quilibet
1791 1860 1849 1904 ac-

1055 1937 1202 1998 curatius
1218 1953 1338 1998 cavere
1356 1937 1488 2018 [debet],
1503 1955 1556 2007 ne,
1574 1940 1634 2001 sub
1649 1943 1812 2018 praetextu
1827 1957 1848 2003 a

1054 2033 1149 2094 nobis
1161 2035 1336 2111 iustitiam
1352 2037 1553 2111 postulandi,
1571 2042 1720 2099 nostram
1743 2037 1848 2101 confi-

1054 2131 1198 2192 dentiam
1214 2131 1479 2193 circumveniens
1501 2134 1698 2195 calomniam
1715 2137 1845 2197 machi-

1054 2228 1150 2289 netur
1165 2229 1200 2289 in
1216 2231 1365 2291 nostram
1386 2231 1419 2291 et
1438 2231 1562 2306 publici
1580 2233 1667 2309 juris
1688 2233 1847 2310 injuriam

1053 2325 1275 2386 manifestam.
1308 2329 1395 2388 Sane
1430 2328 1625 2389 carissimus
1653 2331 1689 2391 in
1716 2331 1847 2393 Christo

1053 2421 1141 2482 fllius
1153 2423 1267 2483 noster
1277 2425 1331 2495 Η.,
1343 2439 1404 2485 rex
1414 2425 1595 2501 Anglorurn
1609 2427 1760 2500 illustria,
1775 2429 1846 2489 suis

1052 2517 1148 2578 nobis
1163 2520 1291 2580 nuntiis
1309 2521 1342 2581 et
1353 2519 1473 2581 litteris
1492 2522 1668 2595 intimavit,
1687 2525 1772 2601 quod
1787 2543 1848 2587 ve-

1052 2614 1212 2675 nerabilis
1228 2615 1332 2678 trater
1343 2619 1492 2679 noster...
1501 2621 1718 2681 cassellensis
1731 2623 1847 2684 archi-

1051 2711 1238 2788 episcopus,
1252 2715 1434 2789 s'uggerens
1451 2715 1532 2776 olim
1547 2717 1654 2790 nobis,
1671 2720 1756 2796 quod
1773 2720 1845 2796 ipse

1050 2809 1278 2885 possessiones
1293 2811 1444 2873 ecclesiae
1462 2813 1679 2875 cassellensis
1694 2831 1713 2876 a
1727 2833 1846 2893 quam-

1050 2906 1200 2982 pluribus
1215 2907 1340 2986 injuste
1355 2909 1514 2984 detentas,
1533 2913 1565 2972 et
1580 2912 1771 2988 specialiter
1785 2914 1846 2976 vil-

1050 3004 1846 3085 lamnovamdecussello‚etpossessionesalias

1050 3101 1198 3179 ejusdem
1221 3104 1382 3176 ecclesiae,
1407 3106 1525 3180 quibus
1550 3121 1623 3166 eam
1648 3107 1771 3169 nobilis
1791 3110 1846 3170 vir

1050 3202 1086 3260 (t.
1102 3199 1142 3260 de
1156 3200 1301 3262 Marisco
1311 3201 1516 3278 justitiarius
1527 3203 1707 3276 Hiberniae,
1720 3221 1760 3266 ac
1770 3210 1845 3283 ejus

1050 3297 1226 3372 complices
1250 3297 1396 3359 indebita
1422 3298 1616 3374 spoliarant,
1643 3301 1751 3363 adbuc
1775 3319 1843 3364 non

1049 3393 1155 3469 potuit
1179 3393 1358 3467 rehabere,
1384 3397 1534 3472 quamvis
1561 3411 1622 3459 rex
1650 3413 1750 3476 super
1778 3401 1843 3462 boc

1048 3490 1168 3552 fuisset
1182 3493 1328 3553 monitus
1348 3492 1536 3568 diligenter,
1558 3495 1599 3556 ad
1620 3498 1771 3558 eumdem
1786 3513 1844 3560 re-

1048 3602 1122 3663 gem
1137 3591 1268 3650 nostras
1283 3590 1412 3652 litteras
1427 3591 1627 3668 impetravit,
1645 3595 1681 3655 ut
1695 3595 1759 3655 sihi
1775 3611 1842 3657 res·

1047 3685 1123 3746 titui
1146 3685 1273 3747 faciens
1295 3688 1362 3749 um
1381 3688 1496 3750 villam
1526 3689 1718 3766 praedictam
1743 3706 1841 3770 quam

1047 3781 1125 3855 alia,
1141 3784 1259 3860 quibus
1275 3785 1348 3847 erat
1364 3787 1480 3846 contra
1489 3787 1839 3865 justitiam-spoliatus,

1047 3895 1122 3940 eum
1143 3881 1178 3940 in
1196 3882 1338 3958 justitiis
1359 3884 1391 3944 et
1410 3882 1619 3945 libertatibus
1634 3885 1705 3945 suis
1725 3885 1842 3947 deten—
1863 3871 1867 3883 ’

1047 3977 1139 4039 deret
1161 3979 1195 4040 et
1218 3977 1361 4050 foveret,
1390 3979 1436 4041 ita
1465 3980 1551 4057 quod
1585 3981 1695 4057 ipsum
1723 3984 1841 4045 merito

1046 4076 1277 4138 commendare
1292 4093 1476 4153 possemne,
1494 4079 1526 4139 et
1539 4079 1583 4149 te,
1601 4080 1655 4139 cui
1670 4081 1841 4155 negotium

1045 4173 1154 4251 ipsum
1172 4173 1408 4248 commisimus,
1433 4190 1499 4235 non
1523 4179 1691 4252 oporteret
1710 4178 1842 4255 aliqua-

1044 4272 1142 4333 tenus
1163 4271 1328 4332 lahorara.
1356 4272 1433 4333 anit
1459 4273 1571 4335 autem
1596 4288 1702 4351 nuper
1728 4291 1840 4336 coram

1046 4369 1140 4430 nobis
1162 4385 1205 4430 ex
1226 4369 1320 4445 parte
1342 4369 1431 4444 regis
1453 4385 1663 4447 responsum,
1692 4373 1778 4449 quod
1797 4375 1843 4434 li·
1912 4425 1915 4440 ,

1044 4466 1161 4528 beuter
1170 4465 1304 4527 volebat
1314 4467 1601 4544 archiepiscopum
1616 4471 1648 4530 et
1663 4470 1840 4532 aeclesiam
1944 4521 1949 4528 .

1045 4563 1304 4641 ejusdelendere
1317 4563 1491 4636 notavere,
1506 4565 1682 4628 dummodo
1694 4567 1840 4644 suijuris

1044 4677 1111 4722 non
1126 4661 1314 4723 incurreret
1326 4662 1572 4730 detrimentum,
1589 4663 1645 4723 sed
1661 4663 1740 4726 licet
1754 4664 1840 4726 idem

1044 4757 1316 4835 archiepiscopus
1329 4759 1363 4818 in
1376 4758 1439 4819 boc
1450 4759 1616 4835 justitam
1632 4761 1839 4837 praetendere

1043 4855 1207 4928 videatur,
1225 4871 1360 4931 gravem
1382 4857 1495 4917 tamen
1518 4857 1590 4932 regi
1613 4857 1720 4920 eidem
1744 4861 1839 4938 inju-

1044 4954 1128 5014 riam
1144 4953 1279 5014 molitur
1293 4952 1430 5013 inferre.
1446 4955 1532 5015 Nam
1548 4971 1621 5015 cum
1640 4956 1680 5016 tle
1703 4958 1841 5034 antiqua

1044 5051 1077 5111 et
1102 5048 1283 5127 approbata
1313 5049 1551 5112 consuetudine
1582 5053 1626 5114 sit
1652 5053 1841 5126 obtentum,

1043 5147 1110 5208 imo
1137 5163 1311 5208 commune
1335 5147 1430 5222 regni
1451 5148 1580 5224 Angliae
1605 5165 1644 5210 ac
1669 5151 1844 5212 Hiberniae·

1040 5246 1096 5319 jus
1118 5243 1250 5315 existat,
1270 5243 1305 5305 ut
1324 5245 1435 5305 nullus
1456 5245 1544 5306 intra
1570 5246 1701 5307 aetatem
1728 5247 1846 5322 legiti-

1045 5357 1132 5401 mam
1148 5340 1347 5402 constitutus
1364 5359 1465 5417 super
1482 5343 1545 5414 his,
1561 5357 1634 5419 quas
1650 5345 1746 5419 pater
1760 5361 1845 5406 suus

1044 5439 1192 5514 tempore
1212 5438 1329 5498 mortis
1351 5439 1489 5514 pacifice
1513 5438 1714 5515 possidebat,
1735 5440 1841 5502 donec

1044 5539 1163 5614 viginti
1191 5539 1223 5601 et
1249 5555 1351 5599 unum
1376 5554 1499 5600 annum
1529 5541 1702 5616 compleat,
1727 5543 1842 5606 valeat

1044 5636 1232 5709 conveniri,
1257 5636 1289 5698 et
1315 5636 1454 5710 constet,
1479 5635 1564 5714 quod
1595 5638 1700 5717 clarae
1716 5656 1846 5704 memo·-
