4230 6388
324 258 382 317 771
944 258 1119 321 HONORH
1142 258 1186 319 111
1208 256 1356 322 OPERA.
1916 266 1989 324 772

194 455 213 476 ι.
325 430 387 478 nos
403 415 533 478 institui
554 416 594 476 de
615 416 728 477 nostra
750 415 969 494 permissione
992 417 1119 479 liceret.
1175 431 1235 492 per
1248 418 1436 480 boceorum
1449 419 1626 495 providere
1640 419 1740 481 saluti
1756 420 1896 496 patema
1911 422 1987 482 sol-

325 513 469 590 Ideoqoe
492 512 687 575 discretioni
708 514 830 576 vestrae
851 529 911 590 per
930 513 1121 598 apostolica
1174 515 1347 576 licitudine
1362 514 1588 592 dignaremur.
1612 516 1757 593 Ideoque
1771 517 1982 580 fraternitati

325 610 450 686 scripta
476 609 682 679 mandamus,
709 611 871 688 quatenus
896 612 1003 672 solum
1018 613 1121 672 Deum
1176 615 1241 672 tuae
1252 627 1312 687 per
1322 612 1512 688 Apostolica
1526 613 1649 689 scripta
1665 613 1872 686 mandamus,
1888 631 1983 692 qua-

325 707 486 770 babentes
509 725 579 785 pree
603 709 720 776 oculis,
752 723 803 781 ea,
833 725 907 785 quae
936 708 1061 771 luerint
1086 709 1122 774 in
1177 709 1273 769 tenus
1284 710 1426 785 receptis
1441 709 1483 770 ab
1496 711 1544 770 eis
1559 711 1624 782 his,
1640 725 1713 786 quaa
1727 710 1769 771 de
1783 711 1856 786 ipsa
1874 711 1983 774 vice-

326 803 770 880 hujusmodi-consideranda
784 804 927 879 negotio,
944 803 1124 880 diligenter
1177 805 1260 865 sima
1275 805 1523 878 defraudarent,
1543 807 1592 867 eis
1615 807 1689 870 vice
1712 810 1826 869 nostra
1845 806 1983 871 beneti-

326 901 539 962 considerare
548 901 682 961 curetis.
694 902 743 970 nt,
756 901 784 961 si
795 901 942 976 pensatis
955 902 1120 973 omnibus,

327 997 483 1074 expedire
507 997 670 1070 videritis,
696 1001 729 1060 et
753 986 825 1060 fieri
852 999 973 1076 poterit
999 999 1123 1076 absque

327 1093 421 1170 gravi
448 1094 615 1165 scandalo,
640 1096 673 1155 et
692 1094 777 1170 jnris
797 1094 992 1172 praejudicio
1007 1095 1121 1166 alieni,

327 1193 462 1252 Latinos
484 1192 665 1252 monachos
686 1192 817 1253 institui
836 1193 1034 1268 permittatis
1053 1191 1122 1252 ibi-

328 1287 413 1360 dem,
430 1291 575 1366 proviso,
594 1289 680 1366 quod
696 1289 820 1350 Graecis
834 1290 1018 1363 monacbis,
1035 1305 1124 1351 nunc

328 1385 547 1448 existentibus
565 1387 623 1458 ibi,
639 1387 785 1463 provisio
800 1402 947 1462 congrua
963 1387 1033 1448 toto
1045 1387 1123 1450 vitae

328 1500 399 1545 suae
424 1485 572 1561 tempore
593 1484 792 1560 assignetur.
818 1487 937 1546 Datum
952 1486 1121 1558 Laterani,

327 1583 388 1642 Xll
410 1581 541 1643 kalend.
566 1582 656 1654 maii,
681 1581 892 1658 pontificatus
907 1582 1012 1645 nostri
1035 1598 1124 1644 anno

328 1679 454 1755 quinte.

619 1795 837 1884 cccxlix

428 1940 480 2001 Ad
493 1941 670 2000 Andrennt
684 1953 804 2015 regern
818 1942 1022 2015 Heracome.

612 2060 648 2116 ΞΟ
662 2059 743 2132 april.
761 2059 841 2116 ital.

399 2165 646 2226 [Theinenllonnm.
662 2165 805 2228 blangeriis,
816 2169 835 2214 t.
845 2165 865 2224 1,
878 2179 904 2229 p.
917 2165 956 2223 29,
967 2179 992 2214 n.
1003 2165 1055 2230 stt]

330 2269 485 2330 Confirmat
499 2271 629 2329 ecclesie
646 2271 835 2344 strigoniensi
851 2282 973 2332 monete
988 2269 1125 2329 cudendae

365 2358 517 2430 decimam,
529 2375 614 2434 quam
625 2359 811 2420 cenadiensis
822 2363 974 2435 episcopus
983 2361 1036 2419 sibl
1047 2375 1126 2419 usur·

365 2457 493 2522 paverat.

255 2547 259 2558 ¹
368 2566 535 2627 Honorius
547 2567 731 2643 episcopus,
745 2567 1123 2640 servasservornmbei,

330 2664 505 2725 carissimo
531 2662 566 2724 in
592 2662 723 2725 Christo
756 2665 863 2726 tilio...
902 2665 1027 2726 illustri
1053 2665 1125 2740 regi

330 2760 524 2836 Hungariae,
541 2759 693 2832 salutem,
709 2761 770 2822 etc.

370 2857 581 2919 Venerabilis
594 2857 697 2918 frater
717 2857 865 2919 noster...
887 2857 1125 2934 strigoniensis

332 2951 1125 3030 archiepiscopusnobisinsinuarecuravit,quod

331 3063 406 3112 cum
422 3048 550 3110 decima
567 3051 717 3121 monetae,
733 3067 805 3127 quae
824 3048 955 3112 cuditur
969 3051 1004 3111 in
1020 3052 1127 3111 Cena-

332 3147 441 3208 diensi
455 3147 602 3219 dioecesi,
624 3147 790 3223 pertineat
805 3147 847 3208 ad
866 3147 1041 3208 eumdem:
1062 3163 1124 3208 ve·-

332 3243 492 3305 nerabilis
508 3243 611 3305 irater
625 3246 773 3304 noster...
796 3245 1009 3305 cenadiensis
1032 3244 1125 3320 epis-

332 3357 434 3417 copus
458 3355 518 3416 pro
540 3356 580 3400 ea
602 3340 666 3400 sibi
691 3341 848 3401 solvenda
873 3342 1004 3402 nostras
1026 3341 1067 3402 ad
1093 3342 1125 3402 te

331 3439 460 3499 litteras
475 3437 675 3513 impetravit,
691 3437 793 3499 tacito
813 3437 899 3514 quod
922 3438 1050 3499 decima
1067 3454 1127 3498 ea-

332 3535 407 3596 dem
417 3534 459 3595 ad
470 3535 730 3609 strigoniensem
744 3533 919 3596 ecclesiam
932 3535 1123 3611 pertineret.

332 3631 475 3708 Ideoque
490 3631 686 3692 auctoritate
705 3631 765 3691 tibi
780 3631 994 3707 praesentium
1008 3632 1125 3693 decla-

332 3745 463 3802 ramus,
486 3727 572 3804 quod
601 3729 722 3788 nostrae
742 3727 939 3788 intentionis
963 3744 1030 3788 non
1051 3727 1124 3798 fuit,

333 3842 393 3904 per
410 3824 600 3902 hujusmodi
621 3825 750 3885 litteras
768 3825 850 3901 juri,
867 3825 896 3885 si
916 3825 993 3903 quid
1012 3825 1124 3897 babet,

334 3923 572 4000 strigoniensis
583 3921 733 3983 ecclesiae
744 3921 918 3997 derogare.
932 3925 1051 3984 Datum
1066 3924 1126 3984 La·

331 4021 453 4095 terani,
467 4022 528 4082 XII
542 4019 704 4082 kalendas
719 4019 811 4089 maii,
826 4032 913 4081 anno
926 4021 1052 4097 quinte.

630 4213 827 4302 cccxlix

332 4360 385 4418 Ad
406 4359 597 4418 Jobennein
616 4357 816 4428 arcnicptsc.
841 4355 1125 4428 strigoniensem.

616 4475 652 4532 20
667 4474 747 4546 april.
763 4475 843 4533 ital.
1017 4541 1029 4568 ο

418 4581 547 4648 [Τιιιίιιοι,
559 4581 626 4630 lton
640 4577 782 4642 ilungariae,
794 4583 812 4627 t.
826 4581 846 4638 l,
862 4593 887 4642 p.
900 4579 941 4637 ss,
952 4593 979 4628 n.
990 4580 1042 4645 tls]

334 4693 370 4750 Ut
384 4691 413 4747 in
428 4702 479 4746 suu
500 4687 627 4756 dioecesi,
643 4700 694 4743 eos
710 4686 759 4758 qui
779 4685 808 4742 in
824 4685 967 4742 solutione
985 4686 1128 4745 vicesimas

562 4772 751 4846 deliquerunt,
767 4772 906 4830 absolvat.

374 4893 541 4954 Honorius
552 4891 735 4967 episcopus,
747 4905 862 4951 servus
871 4905 1044 4950 servorum
1054 4891 1125 4964 Dei,

334 4988 518 5054 venerabili
546 4987 680 5048 tratri...
711 4987 960 5063 archiepiscopo
994 4987 1127 5062 strigo-

334 5089 455 5160 niensi,
470 5085 622 5156 salutem,
639 5085 702 5145 etc.

373 5189 445 5247 Tua
456 5183 553 5244 nobis
568 5181 760 5242 iraternitas
774 5178 983 5258 supplicavit,
1002 5179 1037 5242 ut
1054 5197 1128 5242 cum

1177 901 1264 962 cium
1286 902 1504 964 absolutionis
1533 903 1719 980 impendas,
1742 903 1776 965 et
1799 903 1984 983 dispenses

1177 1015 1252 1060 cum
1269 1000 1349 1073 illis,
1366 1001 1423 1077 qui
1438 1001 1487 1061 sic
1501 1001 1597 1075 ligati
1610 1001 1821 1062 celebravere
1839 1001 1954 1063 divina
1969 1020 1979 1061 :

1177 1111 1216 1157 ea
1231 1113 1305 1173 quae
1321 1097 1361 1158 ab
1372 1099 1455 1174 ipsis
1470 1098 1613 1174 recipies
1627 1102 1821 1160 servaturus
1835 1115 1984 1160 succur-

1177 1195 1229 1254 sui
1244 1197 1356 1256 Terras
1377 1197 1518 1267 Sanctae,
1535 1211 1715 1272 eorumque
1730 1212 1892 1258 summam
1908 1213 1980 1257 no-

1177 1291 1227 1353 bis
1243 1292 1386 1353 fideliter
1406 1294 1640 1370 rescripturus.
1658 1294 1777 1355 Datum
1801 1294 1977 1366 Laterani,

1177 1391 1238 1450 llll
1254 1390 1414 1451 kalendas
1434 1391 1525 1464 maii,
1542 1406 1630 1452 anno
1646 1392 1771 1468 quinto.

1467 1586 1684 1674 dccxxxi

1212 1723 1263 1781 Ad
1276 1721 1469 1780 Jobennenn
1491 1722 1786 1794 ercbteptscopnm
1800 1721 1835 1781 et
1844 1735 1943 1793 prae-

1354 1816 1505 1890 positum
1523 1818 1789 1892 strigonienses.

1462 1938 1498 1995 20
1511 1938 1592 2010 april.
1610 1939 1689 1998 itti.

1262 2051 1391 2114 libainai,
1400 2053 1468 2102 Meo.
1482 2052 1627 2116 ilungarioa,
1637 2059 1658 2104 t.
1671 2051 1691 2110 l,
1705 2067 1731 2116 p.
1741 2051 1782 2113 ss,
1795 2065 1820 2103 n.
1834 2051 1886 2118 tt]

1179 2159 1215 2216 Ut
1229 2157 1380 2215 ecclesiam
1401 2157 1607 2216 Posonieusem
1625 2173 1661 2215 ex
1677 2166 1771 2216 castro
1787 2159 1816 2216 in
1836 2158 1975 2232 oppidum

1398 2244 1625 2304 transferendam
1639 2255 1749 2306 curent.

1218 2363 1386 2424 Honorius
1397 2363 1582 2442 episcopus,
1592 2379 1708 2426 servus
1717 2365 1969 2436 servorumDei,

1178 2460 1362 2522 venerabili
1377 2459 1511 2522 tratri...
1532 2461 1784 2538 archiepiscopo
1805 2461 1973 2522 etdilecto

1180 2557 1250 2619 illio
1266 2556 1444 2634 praeposito
1461 2556 1756 2632 strigoniensibus,
1773 2558 1926 2627 salutem,
1941 2559 1977 2620 et

1179 2655 1395 2731 apostolicam
1417 2654 1691 2715 benedictionem.

1218 2753 1366 2812 Dilectus
1390 2751 1516 2811 iilius...
1541 2751 1756 2814 Posoniensis
1775 2751 1975 2828 praepositus

1179 2849 1351 2925 proposuit
1373 2863 1485 2909 coram
1507 2848 1613 2919 nobis,
1631 2849 1718 2924 quod
1742 2864 1843 2926 quum
1864 2852 1973 2910 Poso-

1180 2946 1306 3006 niensis
1320 2946 1462 3007 ecclesia
1485 2947 1521 3006 in
1544 2947 1730 3007 munitione
1749 2945 1851 3007 castri
1867 2948 1977 3006 Poso-

1180 3044 1307 3103 niensis
1336 3044 1380 3104 sit
1407 3044 1482 3114 sita,
1511 3041 1701 3120 frequenter
1734 3043 1907 3118 contingit,
1940 3045 1979 3104 ut

1180 3139 1327 3218 ejusdem
1347 3140 1517 3202 canonicis
1537 3141 1682 3202 castrum
1708 3141 1818 3216 ipsum
1841 3141 1978 3201 statutis

1179 3238 1271 3299 boris
1292 3238 1420 3298 intrare
1449 3253 1658 3314 nequaquam
1683 3236 1887 3305 valentibus,
1915 3251 1977 3298 ec-

1181 3335 1282 3396 clesia
1306 3333 1379 3413 ipsa
1405 3333 1524 3395 debitis
1551 3334 1719 3410 obsequiis
1738 3333 1975 3394 defraudetur:

1180 3447 1282 3509 quare
1310 3431 1405 3492 nobis
1433 3430 1605 3492 humiliter
1638 3430 1853 3507 supplicavit,
1879 3431 1977 3492 utin

1179 3529 1319 3604 burgum
1332 3528 1480 3606 ejusdem
1494 3527 1595 3589 castri
1611 3543 1684 3588 eam
1700 3528 1818 3590 liceret
1834 3527 1875 3588 de
1893 3543 1976 3588 nos-

1178 3628 1230 3689 tra
1245 3626 1463 3702 permissione
1473 3624 1659 3686 transferri.
1676 3625 1838 3696 Quocirca
1850 3624 1975 3686 discre-

1179 3725 1264 3785 tioni
1277 3725 1396 3785 vestrae
1411 3739 1471 3799 per
1485 3721 1674 3800 Apostolica
1697 3722 1822 3798 scripta
1837 3721 1979 3782 manda-

1180 3834 1266 3890 mus,
1283 3819 1447 3894 quatenus
1463 3818 1527 3890 bis,
1544 3833 1616 3894 quae
1628 3815 1837 3893 inspicienda
1850 3817 1927 3877 sunt
1939 3816 1975 3876 iu

1180 3915 1312 3991 negotio
1326 3915 1412 3992 ipso,
1428 3914 1606 3990 diligenter
1625 3914 1796 3991 inspectis,
1810 3916 1844 3975 et
1858 3913 1976 3990 requi-

1181 4013 1253 4074 sitis
1267 4011 1330 4084 bis,
1347 4012 1404 4089 qui
1419 4011 1544 4073 luerint
1557 4011 1760 4087 requirendi,
1774 4010 1803 4070 si
1817 4010 1977 4086 expedire

1181 4111 1341 4182 videritis,
1362 4109 1449 4186 quod
1470 4108 1646 4170 translatio
1674 4109 1746 4185 ipsa
1765 4107 1975 4179 sabelliani

1181 4209 1301 4284 poterit
1314 4205 1439 4282 absque
1452 4205 1609 4266 scandalo
1624 4205 1658 4266 et
1667 4205 1755 4281 juris
1776 4203 1973 4282 praejudicio

1181 4304 1292 4375 alicui,
1318 4302 1542 4365 transferendi
1570 4302 1745 4364 ecclesiam
1773 4301 1810 4361 in
1832 4300 1975 4376 burgum

1181 4400 1375 4476 praedictum
1390 4399 1586 4460 auctoritate
1601 4399 1715 4460 nostra
1733 4397 1904 4460 licentiam
1917 4396 1976 4458 ur·-

1180 4496 1301 4559 buatis.
1314 4496 1432 4557 Datum
1443 4495 1611 4568 Laterani,
1627 4497 1689 4556 ΧΗ
1703 4494 1866 4558 kalendas
1880 4493 1971 4563 maii,

1182 4594 1392 4670 pontificatus
1407 4593 1511 4654 nostri
1526 4607 1614 4654 anno
1628 4593 1753 4670 quinto.

1459 4785 1698 4872 cccxxxii

1182 4931 1233 4990 Ad
1252 4931 1419 4989 decennnn
1439 4927 1473 4989 et
1492 4927 1679 5002 cepitntnne
1693 4925 1970 4998 Ltcliesetdenscs.

1465 5049 1499 5106 22
1515 5049 1595 5120 april.
1611 5049 1689 5105 isil.

1406 5162 1537 5228 [wilkins
1553 5164 1639 5220 Coun,
1653 5161 1673 5219 Ι,
1683 5161 1752 5226 tan]

335 5283 469 5363 quidam
491 5279 621 5358 praelati
641 5277 674 5339 et
696 5278 810 5339 clerici
829 5278 895 5339 tuae
917 5277 1070 5339 dioecesis
1087 5279 1129 5341 ob
1182 5271 1369 5332 confirmatur
1387 5269 1536 5342 dispositio
1556 5281 1610 5341 qua
1631 5273 1766 5326 statutum
1785 5263 1839 5324 tuit
1857 5272 1889 5322 ut
1908 5279 1975 5337 pro-

334 5381 486 5444 fraudem
512 5375 722 5440 commissam
744 5375 834 5436 circa
857 5373 1052 5438 vicesimam
1073 5375 1128 5436 13.
1218 5367 1321 5418 ventus
1336 5363 1423 5416 unius
1442 5358 1510 5414 anni
1528 5355 1689 5430 prebendae
1707 5354 1840 5420 canonici
1853 5352 1979 5412 defuncti

336 5493 456 5556 queum
475 5471 829 5538 excommunicationis
852 5472 1076 5544 incurrerant,
1097 5473 1131 5534 et
1218 5463 1270 5522 1³¹⁰
1282 5446 1523 5521 iP⁸¹⁰⁸²⁸⁸⁹q¹¹¹¹⁵
1538 5450 1749 5502 mmmm·

337 5575 470 5654 quidam
487 5588 602 5635 eorum
616 5569 860 5634 celebraverint
873 5567 922 5630 sic
945 5567 1051 5644 ligati,
1071 5585 1131 5630 su·
1224 5563 1391 5626 Honorius
1402 5564 1713 5640 episcopusservus
1724 5573 1897 5621 servorum
1905 5558 1979 5631 Dei,
