4300 6392
225 319 285 380 405

223 475 294 548 illo,
306 475 361 553 qui
377 475 541 559 neminem
555 476 625 537 vult
638 475 758 552 perire,
774 490 834 553 per
846 475 913 538 tuae
928 492 1016 553 prae-

223 573 398 637 dicationis
419 572 638 634 ministerium
659 572 700 634 ad
725 573 929 648 agnitionem
952 589 1015 634 ve-

224 669 343 741 ritatis,
356 685 416 730 nos
429 685 488 746 pro
503 669 609 730 labori
631 670 687 730 tuo
702 670 851 730 volentes
868 667 1016 730 favorem

223 765 439 843 apostolicum
455 765 624 836 exhibere,
643 765 924 842 praesentlumtibi
935 781 1016 826 aue·

224 863 357 924 toritate
372 862 594 933 concedimus,
611 864 647 924 ut
660 863 751 924 viros
761 863 936 938 religiosos
948 863 1016 924 tam

224 959 350 1020 ordinis
378 959 617 1030 cisterciensis,
640 973 739 1035 quam
766 958 918 1030 aliorum,
934 975 1016 1036 quos

226 1072 299 1117 esse
326 1057 459 1118 noveris
485 1057 526 1116 ad
553 1055 616 1116 hoc
646 1071 728 1132 opus
763 1056 911 1124 idoneos,
941 1072 1015 1117 cum

224 1152 389 1223 abbatum,
411 1156 444 1213 et
457 1152 710 1229 praepositorum
726 1168 861 1214 suorum
881 1153 1015 1214 licentia

223 1252 330 1312 tecum
355 1251 475 1310 ducere
497 1249 621 1320 valeas,
646 1250 679 1311 et
701 1249 743 1310 ad
769 1249 1015 1326 praedicandum

224 1347 389 1408 Christum
402 1347 498 1408 dictis
512 1347 651 1424 paganis
664 1345 768 1408 libere
783 1347 962 1408 destinare.

263 1446 380 1506 Datum
410 1443 654 1516 viterbii,le
685 1444 845 1506 kalendas
878 1445 1014 1522 aprilis,

224 1557 311 1604 anno
325 1541 454 1618 quarto.

591 1657 655 1743 dv

256 1793 309 1851 Ad
329 1790 465 1851 abbates
481 1790 513 1850 et
527 1789 733 1864 praepositos
749 1789 984 1851 ctatcrctensr's

442 1888 575 1948 ordinis
590 1886 624 1946 el
638 1890 797 1947 ntorrrnn.

508 1999 541 2054 la
554 2005 638 2055 marl.
654 1999 733 2056 1220.

305 2103 498 2168 [Temerarius.
515 2103 641 2154 Historiae
651 2104 749 2155 llussie
761 2104 934 2162 Monumenta,

498 2188 518 2232 t.
530 2184 549 2242 Ι,
562 2199 588 2248 p.
604 2185 643 2242 ll,
653 2198 678 2232 n.
693 2183 743 2248 ld]

224 2283 260 2340 Ut
287 2283 421 2356 episeopo
450 2281 610 2339 davaliensi
639 2283 822 2354 evangellum
848 2281 877 2339 in
901 2281 1017 2339 Eslonia

248 2369 411 2443 predicanti
426 2370 569 2442 adiutores
582 2370 709 2442 religiosi
722 2371 773 2427 viri
788 2369 991 2426 concedantur.

263 2487 429 2548 Honorius
441 2486 627 2564 episeopus,
640 2502 756 2548 servus
765 2501 936 2548 servorum
945 2483 1016 2556 Dei,

224 2577 398 2658 abbatibus
426 2585 458 2644 et
481 2583 667 2660 praepositis
694 2585 762 2646 tam
788 2583 1018 2644 Cisterciensis

224 2681 355 2742 ordinis
383 2696 480 2758 quam
509 2680 661 2752 aliorum,
683 2681 864 2758 praesentes
890 2680 1018 2740 litteras

224 2777 434 2854 inspecturis,
461 2776 650 2838 salutemet
672 2775 888 2852 apostolicam
912 2776 1017 2837 bene-

226 2875 414 2936 dictionem.

265 2973 370 3042 Quum
389 2969 589 3031 venerabilis
604 2968 708 3032 frater
722 2971 870 3032 noster...
892 2967 1017 3032 R'eval-

224 3065 327 3127 lensis
340 3066 513 3142 episcopus
525 3066 595 3127 zelo
608 3067 756 3128 caritatis
771 3082 931 3128 accensus
946 3082 1019 3143 por·

224 3165 271 3225 tet
291 3179 402 3224 coram
423 3163 561 3239 paganis
583 3163 727 3224 ldstoniee
747 3179 867 3224 nomen
883 3163 1016 3235 Christi,

225 3265 271 3332 ut,
288 3260 430 3322 faciente
448 3260 518 3332 illo,
541 3261 597 3336 qui
611 3260 776 3321 neminem
799 3261 870 3322 vult
895 3261 1017 3336 perire,

224 3373 284 3434 per
298 3373 367 3417 suae
380 3356 625 3433 predicationis
640 3357 864 3422 ministerium
872 3356 912 3416 ad
928 3356 1020 3431 agni·

224 3453 350 3514 tionem
364 3452 668 3516 veniantveritatis.
681 3455 749 3514 Nos
762 3455 816 3529 pio
828 3452 934 3514 labori
947 3456 1018 3529 ejus

225 3549 373 3611 volentes
405 3548 552 3610 favorem
581 3549 806 3626 apostolicum
840 3549 1016 3620 exhibere,

225 3645 433 3706 devotionern
454 3647 599 3706 vestram
618 3646 798 3720 rogandam
817 3645 971 3705 duximus
987 3646 1019 3706 et

224 3742 433 3813 hortandam,
469 3758 529 3820 per
561 3743 750 3818 apostolica
775 3741 868 3804 vobis
895 3743 1032 3818 scripta.

224 3839 430 3912 mandantes,
456 3842 618 3916 quatenus
642 3839 770 3917 aliquos
794 3840 834 3900 de
860 3839 1019 3900 fratribus

224 3936 343 3998 vestris
368 3936 409 3997 ad
435 3936 498 3998 boc
526 3952 609 4013 opus
629 3937 778 4008 idoneos,
808 3936 915 3997 eidem
944 3952 1018 3997 cum

224 4033 415 4112 requisierit
426 4034 461 4094 in
477 4033 665 4110 hujusmodi
683 4033 902 4096 ministerium
915 4033 1018 4094 libere

225 4130 424 4191 concedatis.
447 4132 565 4191 Datum
591 4131 743 4202 viterbii,
760 4133 835 4192 XIV
856 4130 1018 4192 kalendas

225 4227 352 4303 aprilis,
369 4241 457 4287 anno
477 4229 606 4303 quarto.

578 4397 665 4484 dli

270 4533 322 4590 Ad
333 4534 516 4591 Falconem
531 4531 710 4590 cantorem
723 4531 965 4590 carcanensem.

506 4641 541 4699 20
556 4648 638 4698 mart.
655 4642 733 4698 laid.

301 4747 430 4810 [Tlleinen
448 4747 613 4796 bonomonte
625 4747 750 4806 Poloniae,
764 4747 783 4805 l,
798 4746 836 4805 lo,
849 4762 874 4798 n.
887 4748 939 4812 tl]

224 4839 304 4911 Quod
325 4842 429 4900 lactum
451 4851 496 4901 eet
512 4857 598 4916 cuper
612 4845 791 4902 nuntiatione
799 4860 858 4903 suae
872 4846 1015 4919 legitima·

468 4933 564 5001 tionis,
576 4933 771 4990 confirmatur.

263 5038 621 5117 Honoriusepiscopus,
636 5057 754 5103 servus
764 5057 936 5104 servorum
945 5041 1015 5114 Dei,

224 5137 347 5203 dilecto.
360 5134 428 5196 illio
442 5135 579 5197 Falconi
595 5139 722 5199 cantori
743 5140 939 5211 Gnesnensi,
957 5155 1016 5200 sa·

223 5234 324 5294 lutem
340 5232 372 5292 et
387 5232 602 5309 apostolicam
612 5233 887 5297 benedictionem.

263 5331 369 5401 Quum
382 5327 461 5389 olim
476 5329 722 5404 illegitimitatis
737 5333 815 5394 nota
829 5332 889 5393 tibi
905 5347 1016 5394 coram

223 5426 318 5488 nobis
333 5425 452 5487 luisset
465 5427 499 5486 in
512 5426 644 5486 modum
659 5428 863 5504 exceptionis
876 5429 1014 5506 objecta,

222 5524 301 5585 licet
315 5522 513 5600 objectorem
525 5523 720 5600 paenituisse
730 5525 901 5586 videretur
911 5526 1018 5602 objec-

222 5621 259 5692 ti,
278 5621 311 5681 el
325 5619 411 5682 dieto
426 5623 498 5698 ejus
521 5619 752 5695 refragaretur
765 5621 942 5684 multorum
958 5639 1016 5684 as-

840 317 1068 380 EPISTOLAE.
1092 319 1169 379 LIB.
1194 321 1247 381 lv,

1805 318 1865 377 406

1071 477 1185 549 sertio,
1203 477 1414 554 quibuslides
1428 475 1615 539 adhibenda
1627 477 1745 538 marito
1770 475 1867 537 vide-

1070 573 1196 634 batur:
1221 574 1258 634 tu
1287 575 1411 644 tamem
1434 573 1551 634 nolens
1574 574 1609 633 in
1628 573 1660 634 le
1674 570 1863 647 hujusmodi

1070 670 1234 731 maculam
1252 684 1437 741 remanere,
1455 669 1649 747 supplicasti
1672 668 1767 730 nobis
1793 668 1860 728 bu-

1071 768 1195 828 militer
1216 769 1250 828 et
1268 767 1442 838 instanter,
1464 768 1500 829 ut
1523 782 1622 843 super
1645 766 1709 827 boc
1737 764 1863 841 inquiri

1071 863 1255 924 laceremus
1271 863 1462 938 diligentius
1483 864 1656 925 veritatem
1678 863 1711 924 et
1725 877 1784 938 per
1797 861 1859 921 de-

1071 959 1286 1022 clarationem
1309 961 1529 1034 legitimitatis
1558 961 1622 1022 tuae
1647 959 1863 1037 praenotatam
1982 1024 1986 1042 ⁶

1071 1055 1235 1117 maculam
1249 1056 1393 1118 abolere.
1411 1058 1504 1118 Unde
1524 1073 1584 1118 nos
1599 1057 1727 1117 dilectis
1746 1055 1862 1115 liliis...

1071 1151 1181 1214 abbati
1195 1153 1263 1214 et...
1281 1153 1384 1230 priori
1399 1155 1522 1214 Tlneiae
1541 1170 1615 1214 ac...
1628 1152 1863 1244 archidiacono

1071 1250 1284 1312 cracoviensi
1295 1251 1417 1312 nostris
1428 1249 1577 1310 dedimus
1591 1251 1710 1310 litteris
1726 1250 1760 1308 in
1774 1263 1864 1308 man·
1881 1250 1884 1268 ¹

1071 1347 1169 1418 datie,
1203 1349 1240 1409 ut
1265 1347 1451 1424 reciperent
1477 1347 1578 1408 testes
1606 1347 1753 1417 idoneos,
1782 1359 1863 1420 quos

1072 1458 1172 1520 super
1185 1445 1243 1505 tua
1252 1443 1461 1520 legitimitate
1475 1442 1613 1504 duceres
1622 1440 1861 1519 producendos,

1071 1541 1104 1601 et
1132 1541 1161 1600 si
1187 1543 1354 1602 constaret
1375 1540 1510 1612 eisdem,
1539 1539 1625 1616 quod
1654 1539 1694 1599 de
1717 1537 1864 1614 legitimo

1072 1637 1283 1699 matrimonio
1307 1639 1404 1698 natus
1419 1653 1520 1708 esses,
1538 1639 1570 1698 te
1585 1636 1767 1713 legitimum
1780 1649 1866 1695 auc·
1939 1659 1943 1669 κ

1071 1734 1205 1797 toritate
1225 1734 1413 1810 apostolica
1440 1733 1659 1804 declararent,
1686 1729 1865 1810 quidinde

1072 1829 1229 1902 iacerent,
1250 1829 1346 1891 nobis
1368 1829 1509 1891 fideliter
1526 1829 1733 1906 rescripturi.
1756 1830 1865 1900 Quare

1073 1944 1132 2005 per
1160 1943 1238 1988 suas
1266 1927 1362 1988 nobis
1389 1927 1517 1988 litteras
1545 1925 1751 1996 intimarunt,
1780 1922 1864 2001 quod

1072 2021 1866 2101 exsequentesmandatumApostolicumdiligen·

1073 2123 1243 2192 ter‚testes
1258 2137 1358 2197 super
1367 2121 1454 2182 dicto
1467 2121 1607 2181 articulo
1619 2118 1825 2195 receperunt,
1834 2118 1868 2180 et

1073 2216 1268 2281 attentesub
1276 2218 1464 2280 testimonio
1475 2217 1611 2294 capituli
1622 2216 1863 2286 cracoviensis,

1074 2316 1229 2392 inspectis
1245 2315 1504 2392 depositionibus
1518 2315 1720 2387 eorumdem,
1733 2315 1867 2374 invene·

1073 2415 1151 2474 runt
1171 2413 1203 2474 te
1225 2413 1266 2473 de
1288 2413 1436 2488 legitimo
1452 2411 1674 2482 matrimonio,
1689 2411 1866 2488 antequam

1073 2510 1166 2585 pater
1179 2509 1255 2570 tuus
1268 2509 1397 2586 aliquos
1410 2509 1613 2585 suscepisset
1632 2508 1775 2578 ordines,
1793 2522 1866 2566 esse

1072 2607 1197 2678 natum,
1221 2622 1323 2682 quare
1347 2607 1379 2668 te
1400 2605 1865 2698 nuntiaveruntNlegitimum,
1966 2607 1970 2615 ’

1072 2705 1170 2779 prout
1185 2703 1282 2764 sibia
1304 2701 1399 2764 nobis
1414 2703 1524 2764 fuerat
1547 2701 1791 2762 demandatum.
1816 2702 1867 2761 Ne

1073 2801 1175 2876 igitur
1199 2801 1323 2862 veritas
1351 2799 1453 2861 semel
1483 2815 1582 2876 super
1605 2799 1671 2860 tuis
1699 2797 1867 2858 declarata

1074 2897 1240 2960 natalibus
1278 2898 1420 2975 alicujus
1462 2896 1676 2958 dubitationis
1712 2894 1867 2970 scrupulo
1946 2877 1951 2891 ’

1073 2996 1186 3058 valeat
1208 2997 1243 3057 in
1270 2995 1439 3073 posterum
1466 2995 1634 3066 offuscari,
1661 2992 1746 3070 quod
1769 3007 1869 3068 super

1073 3093 1136 3153 boc
1151 3092 1274 3154 sactum
1288 3091 1399 3156 extitit
1413 3091 1454 3153 ab
1474 3091 1610 3159 eisdem,
1632 3089 1789 3166 praesenti
1803 3103 1867 3164 pa-

1073 3191 1151 3265 gina
1166 3190 1268 3252 scribi
1292 3189 1430 3251 fecimus
1453 3189 1493 3249 ad
1517 3188 1694 3258 cautelam,
1717 3187 1751 3248 et
1768 3184 1868 3246 bullae

1074 3289 1196 3348 nostrae
1212 3287 1395 3348 munimine
1407 3285 1570 3347 roborari.

1114 3386 1231 3446 batum
1261 3382 1413 3456 viterbii,
1446 3385 1522 3444 Xlll
1552 3380 1714 3442 kalendas
1739 3378 1866 3456 aprilis,

1074 3481 1285 3558 pontificatus
1300 3481 1405 3542 nostri
1418 3495 1505 3540 anno
1521 3479 1649 3556 quarto.

1153 3757 1204 3817 Ad
1217 3629 1599 3838 nniverstrrnggglnrn
1617 3755 1788 3826 Malortct.

1361 3869 1397 3927 20
1412 3875 1495 3925 marl.
1508 3867 1587 3926 laad.

1192 3972 1308 4039 [Ripolli,
1324 3975 1419 4025 Bullar.
1433 3973 1576 4034 Praedicat,
1595 3973 1614 4032 l,
1627 3973 1651 4032 a,
1664 3987 1689 4022 n.
1702 3973 1753 4038 la]

1073 4073 1163 4142 Quam
1180 4081 1260 4144 grata
1276 4072 1330 4130 sibi
1343 4073 1398 4129 sint
1414 4073 1505 4154 officia
1524 4073 1637 4145 pietatis
1652 4086 1667 4128 a
1684 4071 1863 4143 populonia·

1109 4161 1225 4218 dritensi
1248 4159 1381 4218 iratribus
1405 4160 1513 4218 ordinis
1536 4159 1768 4230 praedicatorum,
1796 4175 1867 4233 qnos

1108 4248 1213 4316 laudet,
1226 4248 1363 4317 exhibita,
1378 4247 1512 4306 declarat.

1115 4356 1280 4418 Honorius
1289 4357 1474 4433 episcopus,
1483 4371 1599 4418 servus
1613 4373 1783 4418 servorum
1795 4357 1865 4429 Dei,

1073 4454 1203 4516 dilectis
1225 4453 1302 4516 liliis
1318 4454 1474 4515 universo
1495 4455 1616 4530 populo
1635 4455 1798 4532 Majorici,
1813 4469 1869 4515 sa-

1036 4597 1041 4607 .
1073 4553 1175 4613 lutern
1188 4553 1220 4612 et
1235 4551 1450 4627 apostolicam
1465 4548 1741 4612 benedictionem.

1115 4651 1250 4711 Gratum
1266 4650 1299 4710 et
1314 4649 1486 4724 acceptum
1500 4646 1596 4708 nobis
1611 4647 1683 4720 luit,
1700 4649 1784 4726 quod
1801 4664 1865 4710 au-

1073 4747 1227 4818 divimus,
1255 4745 1424 4817 videlicet,
1454 4744 1540 4822 quod
1569 4747 1700 4806 nostros
1728 4747 1866 4808 dilectos

1073 4843 1171 4911 illios,
1197 4843 1317 4904 fratres
1347 4841 1474 4903 ordinis
1510 4841 1780 4915 praedicatorum,
1811 4845 1867 4922 qui

1074 4941 1225 5002 habitant
1239 4939 1325 5016 apud
1341 4939 1550 5016 Majoricum,
1566 4939 1738 5014 recepistis
1750 4940 1785 4999 in
1800 4940 1870 5000 vis-

1074 5038 1206 5099 ceribus
1226 5037 1375 5098 caritatis
1399 5037 1432 5097 et
1446 5036 1638 5112 protexistis
1659 5035 1870 5099 laudabiliter

1075 5151 1149 5196 cum
1174 5134 1292 5196 officiis
1316 5133 1460 5210 pietatis,
1489 5133 1524 5194 in
1552 5149 1615 5209 quo
1638 5131 1866 5208 intelligimus,

1072 5247 1132 5295 vos
1147 5233 1277 5308 gratum
1303 5230 1496 5307 obsequium
1518 5233 1584 5290 Deo
1605 5230 1774 5306 praestare,
1789 5230 1867 5307 quia

1073 5330 1161 5391 inter
1174 5329 1260 5390 bona
1276 5343 1389 5404 opera,
1408 5327 1526 5404 quibus
1538 5331 1604 5388 Deo
1616 5327 1789 5398 servimus,
1800 5325 1869 5388 lere

1074 5426 1201 5486 nullum
1223 5426 1393 5488 invenitur
1406 5424 1458 5484 illi
1473 5425 1618 5499 gratiuss
1629 5441 1727 5501 quam
1749 5423 1871 5484 subve-

1074 5524 1146 5583 nire
1162 5524 1240 5594 illis,
1273 5523 1330 5601 qni
1353 5524 1487 5599 propter
1511 5521 1600 5583 sitim
1625 5538 1723 5598 quam
1747 5519 1871 5584 babent

1075 5621 1195 5682 salutis
1220 5620 1404 5692 bominum,
1431 5621 1589 5682 hauriunt
1620 5620 1654 5680 in
1684 5620 1805 5696 gaudio
1839 5621 1872 5682 et
