4250 6404
303 311 342 370 47
923 306 1100 378 Homolen
1122 307 1168 367 111
1188 309 1338 370 OPERA.
1916 313 1956 374 48

302 467 364 530 tilii
379 465 485 532 101111
494 471 547 542 A,
574 467 663 544 regis
684 466 857 532 Scotorum
871 466 1024 538 illustris,
1040 481 1100 528 sa·
1154 467 1317 541 Quocirca
1339 466 1574 533 discretionem
1601 468 1694 532 tunm
1719 485 1894 537 monemus
1917 473 1956 533 11

301 565 414 628 111110.
1155 563 1329 626 hortamur
1352 566 1476 628 attente
1508 581 1569 643 per
1602 567 1792 644 apostolica
1830 570 1953 647 scripta

342 663 411 724 Etsi
438 663 589 724 nonnulli
615 663 683 725 sint
707 663 825 741 eulpae,
846 663 881 724 in
907 662 1027 740 qulbus
1050 663 1101 724 est
1155 661 1361 734 mandantes,
1377 663 1541 738 quatenns
1563 661 1604 724 de
1625 665 1745 725 caetero
1760 665 1794 726 te
1811 667 1955 742 Aposto-

301 761 398 837 culpa
411 762 566 822 relaxare
583 760 776 832 vindictam,
794 761 885 822 illius
899 759 1101 822 tamenlioet
1153 757 1227 819 lices
1254 758 1349 820 sedis
1378 759 1595 836 beneplacitis
1622 761 1756 824 studeas
1783 763 1951 839 coaptare,

300 858 459 919 immeriti
492 859 612 920 vicarii
638 858 819 930 constituti,
848 857 906 936 qui
933 858 1098 935 parcendo
1154 852 1239 930 quod
1263 869 1329 916 nou
1345 854 1451 916 solum
1462 871 1530 916 nun
1540 855 1737 928 inveniaris,
1751 858 1838 935 quod
1853 857 1950 931 absit,

300 957 444 1018 maxime
456 971 496 1017 ac
510 956 700 1018 miserando
716 972 811 1018 suam
826 956 1098 1033 omnipotentiam
1153 951 1448 1028 incuriosorum
1464 953 1564 1015 edam
1583 953 1625 1014 de
1638 955 1747 1030 gnatia
1760 956 1795 1016 iu
1809 949 1952 1031 gratiam

301 1053 501 1126 manifestat,
533 1053 678 1116 libenter
700 1054 736 1114 ln
754 1054 883 1116 cunctis
897 1054 1024 1116 nostris
1037 1069 1096 1114 ao·
1154 1047 1292 1125 provebi
1306 1051 1477 1111 merearis.
1500 1050 1619 1112 Datum
1645 1053 1802 1114 Laterani
1824 1055 1854 1115 11
1876 1054 1952 1115 idus

299 1150 387 1213 tibus
422 1151 685 1214 misericordiam
718 1151 960 1229 amplexamur,
990 1151 1099 1228 poeni-
1153 1159 1243 1218 nov„
1260 1146 1473 1222 pounncatus
1487 1147 1593 1209 nostri
1606 1163 1694 1210 anuo
1709 1149 1820 1212 tertio.

298 1247 540 1325 1111111111ιὶ
583 1249 698 1326 culpas
735 1249 889 1327 proprias
928 1248 1098 1310 humiliter
1194 1264 1237 1324 vu
1253 1265 1412 1324 eumaem
1427 1262 1737 1340 mouumepiscopo
1751 1265 1949 1327 sanemus

298 1344 555 1422 recognoscunt,
585 1345 845 1408 misericorditer
875 1345 1096 1422 ignoscendo,

298 1444 335 1504 ut
361 1442 594 1504 misericordes
616 1459 638 1504 a
662 1442 802 1508 Domino
833 1443 1097 1506 misericordiam
1520 1412 1587 1498 XL

296 1555 549 1616 consequamur,
565 1541 666 1606 etalii
679 1539 910 1603 misecordiam
925 1539 1097 1604 consecuti
1151 1545 1204 1606 Ad
1222 1547 1384 1608 Milonem
1403 1547 1445 1606 de
1464 1547 1639 1620 Nuntoito,
1669 1547 1813 1610 eiectum
1827 1551 1953 1614 Boleo-

297 1638 404 1700 sciant
423 1654 460 1699 se
491 1637 533 1698 ad
556 1638 783 1699 miserandum
811 1638 888 1698 aliis
916 1637 1094 1700 debitores.
1368 1657 1505 1705 oensem
1524 1647 1730 1718 apmeopum.

297 1737 384 1796 Sane
412 1751 486 1796 cum
515 1734 601 1796 sicut
628 1735 769 1796 dilectus
793 1734 882 1796 illius
909 1736 1023 1797 noster
1043 1739 1094 1810 (1.,
1418 1737 1689 1815 ηῃογθωῡζιῃο,

295 1831 383 1894 tituli
398 1835 431 1892 S·
448 1832 584 1896 Martini
595 1831 715 1910 PfflSby
717 1832 768 1892 161
780 1833 974 1905 cardinaliS,
989 1836 1097 1912 Apos-
1188 1859 1327 1927 [bouquet
1339 1862 1399 1914 lter.
1414 1861 1458 1911 des
1469 1861 1574 1920 Hister..
1589 1865 1608 1912 t.
1618 1863 1685 1922 xlx,
1695 1877 1720 1927 p.
1736 1863 1791 1914 crs.
1802 1865 1911 1929 blegent..

295 1929 402 1990 tolicae
418 1928 512 1990 Sedis
527 1930 668 2005 legatus,
685 1930 755 1991 suis
768 1929 864 1992 nobis
874 1929 995 1992 litteris
1010 1931 1095 1993 inti·
1429 1939 1475 1991 lib.
1487 1941 1580 2006 iiim.
1597 1941 1665 2006 ios]

288 2026 414 2098 mavit,
444 2027 520 2088 111
548 2026 683 2092 vinculo
717 2028 1095 2114 excommunicationis,
1150 2038 1326 2110 Apparatum
1352 2039 1462 2096 itineris
1483 2040 1513 2096 in
1532 2041 1642 2114 Syriam
1659 2041 1706 2098 vel
1726 2043 1882 2116 liigyptom
1907 2043 1949 2101 lo·

294 2237 353 2296 pro
367 2236 407 2281 eo
422 2219 588 2292 videlicet,
612 2219 698 2296 quod
719 2221 892 2286 carissimo
914 2221 949 2284 iu
964 2222 1095 2286 Christo
1186 2213 1396 2272 1131111111111
1417 2229 1503 2287 quom
1533 2216 1668 2274 1111111111ῦὶ
1695 2215 1876 2286 11111111ῑῦ111,
1899 2219 1951 2278 led

293 2317 362 2380 lilio
377 2318 490 2379 nostro
504 2321 544 2380 Α.
560 2319 632 2393 regi
642 2319 815 2384 Scotorum
823 2318 947 2382 illustri
961 2320 1095 2382 domino
1184 2314 1242 2360 ¹¹⁰⁰
1256 2300 1354 2358 intuta
1367 2301 1670 2376 1111111111111111111111,
1686 2303 1891 2376 00llississdlffl·

292 2415 350 2477 tuo
369 2414 530 2476 adversus
545 2415 755 2476 carissimum
781 2416 817 2478 iu
841 2415 974 2480 Christo
990 2417 1094 2482 lilium
1189 2409 1357 2470 Honorius
1371 2409 1595 2488 episcopusfl„
1607 2410 1729 2473 dilectu
1743 2412 1813 2478 lilio
1825 2413 1950 2477 lisiva-

293 2512 442 2578 nostrum
457 2527 569 2588 regem
584 2511 726 2587 angliae,
737 2527 777 2574 ac
792 2528 870 2574 suos
883 2514 998 2578 1011111
1016 2530 1096 2578 sen-
1149 2507 1241 2569 1101181
1255 2506 1372 2576 illecto,
1388 2507 1541 2580 salutem,
1557 2510 1620 2570 6111·

292 2609 413 2670 tentiae
428 2607 627 2685 tposnlicae
649 2609 743 2670 Sedis
759 2609 962 2686 praestiteras
977 2611 1093 2673 cousi·-
1190 2604 1281 2676 Quod
1316 2605 1387 2667 ²010
1421 2603 1500 2666 fidei
1536 2605 1949 2682 111111111111111811111111111111»

293 2705 387 2778 lium,
416 2705 581 2774 auxilium
604 2708 638 2767 et
662 2703 821 2778 lavarem,
845 2707 887 2768 ad
910 2707 1047 2770 multam
1061 2708 1094 2770 et
1148 2700 1249 2765 immo
1273 2701 1396 2764 Christi
1424 2701 1570 2778 flagrans
1598 2717 1731 2773 amore,
1761 2704 1948 2782 inspirante

292 2804 470 2866 multorum
480 2803 672 2866 instantiam
679 2802 888 2876 absolvisset,
897 2805 1094 2882 praecipiens
1149 2798 1286 2874 Spiritu,
1301 2799 1358 2876 qui
1374 2799 1431 2860 ubi
1445 2799 1517 2864 vult
1530 2800 1646 2877 spirat,
1663 2801 1793 2878 aspiras
1807 2803 1849 2864 ad
1868 2803 1950 2865 suh-

294 2901 366 2972 tibi
393 2901 429 2962 ut
457 2916 637 2977 suspensus
660 2899 702 2960 ab
721 2900 831 2961 crucio
855 2901 889 2963 et
911 2901 1093 2964 senescens
1148 2895 1948 2978 1011111111111111,11110111,11111110

294 3000 408 3061 nostro
433 3001 466 3060 te
490 2997 682 3074 conspectui
703 2999 925 3075 prasentares
940 3021 948 3058 ε
965 2999 1042 3076 quia
1057 3001 1093 3062 tu
1147 2994 1291 3056 vivifloae
1317 2993 1426 3058 crucis
1441 2995 1623 3070 signaculo,
1640 2995 1820 3070 devovisti,
1848 3014 1887 3060 eo
1913 3002 1947 3062 te

293 3093 429 3172 propter
443 3091 646 3154 debilitatem
662 3093 822 3168 corporis,
836 3109 935 3171 quam
945 3094 1093 3157 1111110
1148 3105 1322 3168 speramus
1361 3093 1529 3169 acceptius
1572 3092 1765 3171 obsequium
1806 3097 1947 3158 Domino

293 3189 333 3251 de
357 3206 442 3274 equo
465 3189 582 3257 tractis
601 3188 708 3258 tribus
723 3190 823 3252 costis
842 3190 963 3252 diceris
978 3191 1094 3254 incur·
1148 3188 1318 3261 exhibere,
1342 3204 1407 3266 quo
1431 3189 1473 3250 ad
1500 3190 1599 3262 idem,
1615 3190 1707 3254 velut
1723 3191 1824 3254 carbo
1848 3194 1946 3256 vivus

293 3287 390 3357 risse,
406 3285 616 3365 proponebas
631 3289 664 3348 te
678 3302 746 3354 uon
760 3302 858 3364 posse
873 3287 1019 3350 laborem
1034 3288 1092 3349 iti·
1148 3289 1295 3348 mortuos
1305 3286 1466 3363 carbones
1478 3288 1674 3360 accendens,
1691 3289 1945 3365 pluresauimas

293 3385 383 3450 neris
409 3384 585 3452 sustinere,
611 3399 809 3452 asseverans
830 3386 994 3448 instanter
1018 3402 1092 3449 cum
1148 3385 1180 3446 et
1204 3383 1337 3455 invitas,
1354 3384 1387 3445 et
1400 3384 1491 3447 uelut
1509 3386 1638 3451 cortina
1659 3386 1834 3460 cornuam,
1859 3387 1946 3450 alios

292 3481 494 3547 testimoniis
511 3481 740 3558 plurimorum,
770 3482 856 3559 quod
878 3482 1016 3562 praeiato
1033 3484 1094 3546 do-
1147 3481 1221 3557 1011
1241 3481 1274 3543 te
1296 3480 1414 3542 trabis.
1435 3483 1485 3543 lix
1508 3481 1571 3544 boc
1590 3498 1721 3560 quoque
1735 3483 1948 3562 incompara-

293 3579 384 3644 mino
406 3579 463 3640 tuo
485 3579 518 3640 te
543 3578 740 3641 subtrahere
754 3594 821 3643 nou
837 3580 1003 3656 potueras,
1026 3583 1092 3644 nisi
1146 3577 1213 3640 bile
1228 3579 1260 3640 te
1274 3578 1335 3640 tibi
1362 3577 1529 3642 credimus
1554 3581 1710 3642 meritum
1738 3597 1943 3658 comparare,

292 3679 327 3742 te
340 3692 379 3740 ae
394 3691 498 3752 genus
510 3678 602 3736 tuum
618 3676 721 3743 exilio
733 3691 900 3754 exponere
913 3678 1091 3752 voluisses,
1147 3675 1245 3753 quod,
1260 3677 1339 3740 licet
1351 3691 1422 3748 uos,
1439 3677 1648 3740 considerata
1664 3678 1862 3741 necessitate
1876 3680 1947 3744 liel-

293 3773 457 3838 cardinali
478 3773 616 3850 praelato
637 3773 808 3839 humiliter
830 3775 1038 3852 supplicasti,
1057 3777 1093 3840 ut
1146 3773 1759 3846 1111111111111111,111111011111011
1773 3775 1947 3840 tibiduxe-

292 3870 440 3936 laborem
452 3870 583 3932 itineris.
596 3869 656 3936 tihi
672 3871 855 3944 remittens,
871 3871 1011 3936 illumin
1027 3889 1093 3952 pos·
1145 3873 1250 3934 rimus
1257 3871 1519 3934 misericorditer
1529 3871 1775 3948 indulgendam,
1788 3876 1824 3936 tu
1832 3876 1944 3936 tamen

292 3983 370 4030 narn
384 3967 485 4030 aliam
503 3968 736 4041 commutaret;
755 3967 812 4029 sed
832 3967 904 4046 ipse
920 3969 984 4036 tuis
1002 3971 1090 4048 peti.
1146 3969 1306 4046 sapientis
1335 3983 1415 4029 usus
1449 3969 1592 4031 consilio
1616 3970 1781 4032 dicentis:
1803 3971 1839 4032 si
1862 3971 1943 4048 quid

291 4065 437 4130 tionibus
453 4081 661 4143 nequaquam
675 4080 828 4134 annuens
849 4067 885 4129 in
900 4067 963 4138 bac
984 4069 1089 4147 parte,
1146 4065 1266 4128 vovisti
1283 4067 1361 4137 Deo,
1381 4065 1521 4131 reddere
1536 4081 1602 4128 uon
1616 4068 1758 4129 moreris
1774 4065 1834 4146 (l),
1851 4081 1945 4130 mora

291 4166 380 4234 iuter
402 4163 489 4236 alia,
520 4179 594 4242 quae
619 4163 682 4228 tibi
709 4164 841 4232 fueraut
865 4165 1089 4246 injungenda,
1145 4162 1286 4236 sublata,
1300 4163 1441 4225 festinus
1457 4163 1498 4224 ad
1513 4166 1626 4225 votum
1639 4179 1797 4241 properas
1811 4167 1944 4242 persol-

291 4262 461 4340 praecepit,
492 4263 528 4323 ut
559 4263 694 4339 propter
723 4261 786 4324 boc
809 4263 850 4326 ad
879 4265 1089 4340 praesentiam
1144 4260 1303 4332 sendum,
1326 4277 1371 4322 ue
1391 4259 1476 4322 forte
1497 4259 1660 4322 videreris
1680 4263 1757 4323 voto
1775 4261 1811 4322 in
1831 4261 1944 4340 aliquo

292 4363 440 4422 nostram
466 4359 623 4418 nuncium
649 4359 797 4421 mitteres
821 4360 1011 4436 specialem,
1032 4377 1089 4423 re·
1145 4357 1343 4434 abnegasse,
1378 4359 1408 4418 si
1442 4357 1524 4420 illud
1559 4359 1697 4436 exsequi
1726 4374 1942 4437 prorogarem

292 4456 484 4521 missionem
499 4454 632 4520 itineris
645 4456 678 4518 et
691 4455 934 4524 relaxationem
949 4475 1090 4535 suspen-
1144 4454 1376 4533 propterquod
1388 4455 1625 4518 transfretandi
1637 4456 1835 4518 boentiama
1848 4456 1944 4518 uobis

292 4552 396 4613 sionis
421 4551 592 4616 humiliter
617 4550 809 4627 petiturum,
824 4553 858 4618 et
878 4555 1088 4631 recepturum
1144 4551 1314 4614 humiliter
1326 4553 1513 4629 postulasti.
1535 4555 1643 4630 Super
1657 4553 1742 4630 qnod
1755 4553 1803 4615 tui
1818 4569 1943 4631 propo-

290 4650 366 4712 vice
382 4649 429 4711 tui
446 4650 635 4712 nostrarum
658 4647 867 4726 beneplacita
884 4651 1086 4728 Jussionum.
1143 4649 1199 4711 siti
1227 4649 1404 4726 puritatem
1432 4649 1542 4726 dignis
1567 4649 1602 4710 iu
1625 4651 1767 4712 Domino
1788 4650 1942 4712 laudibus

289 4749 358 4809 Nos
382 4747 485 4823 igitur
512 4747 635 4807 nuncio
667 4746 735 4818 tuo,
750 4761 846 4826 quern
867 4751 1002 4826 propter
1025 4750 1088 4812 hoc
1142 4745 1428 4818 commendantes,
1456 4746 1656 4822 postulatam
1684 4748 1853 4810 licentiam
1880 4749 1941 4811 tibi

288 4845 329 4905 ad
355 4860 415 4905 nos
432 4843 564 4913 misisti,
593 4844 737 4920 recepto,
763 4847 948 4922 sperantes,
972 4848 1008 4908 ut
1031 4848 1087 4910 ubi
1142 4845 1313 4918 gratanter
1337 4843 1493 4905 duximus
1522 4844 1777 4908 concedendam.
1806 4848 1845 4910 ut
1862 4847 1941 4923 quia

287 4941 470 5003 abundavit
484 4940 683 5012 .delicturn,
712 4957 916 5018 cognoscens
945 4946 1086 5020 gratiam
1141 4942 1228 5003 sicut
1246 4941 1434 5002 audivimus
1449 4941 1688 5016 etgaudemus,
1711 4944 1746 5004 te
1769 4945 1937 5016 comitum,

287 5039 468 5111 abundare,
485 5055 551 5099 non
573 5037 679 5100 solum
701 5039 852 5102 reddaris
867 5041 902 5103 iu
922 5041 1085 5104 similibus
1140 5039 1313 5110 baronum,
1341 5038 1544 5114 magnatum,
1570 5038 1723 5110 militum,
1740 5041 1774 5101 et
1795 5043 1938 5104 aliorum

286 5138 426 5210 cautior,
441 5151 558 5198 verum
574 5137 673 5198 etiarn
695 5137 731 5199 in
746 5138 904 5200 Ecclesiae
928 5141 1085 5201 Romanae
1140 5135 1385 5213 quamplurium
1402 5135 1640 5212 pugnatorum,
1658 5152 1726 5198 nou
1750 5137 1857 5199 solum
1872 5139 1939 5202 tuae

286 5236 350 5296 tide
364 5250 404 5296 ac
419 5234 594 5296 devotione
608 5236 641 5297 11
655 5235 792 5297 studeas
806 5235 847 5298 de
862 5237 983 5298 caetero
998 5238 1086 5298 tota·
1104 5270 1106 5274 -
1138 5233 1304 5304 dioecesis,
1321 5231 1378 5294 sed
1399 5233 1500 5294 etiam
1523 5232 1667 5296 aliarum
1691 5235 1938 5312 quamplurium

286 5333 363 5394 liter
386 5347 555 5404 exercere,
572 5331 632 5394 tibi
648 5349 713 5394 uon
729 5333 837 5394 solum
858 5333 1005 5394 laborem
1028 5334 1085 5396 iti-
1139 5330 1510 5407 regionum,comitatur
1518 5331 1727 5394 honorabilis
1744 5332 1934 5406 multitudo,
2013 5323 2017 5330 ’

285 5433 375 5492 neris
399 5431 609 5502 remittimus,
631 5447 746 5493 verum
767 5429 1027 5492 etiamofficium
1052 5434 1085 5495 et
1138 5428 1330 5490 vicesimam
1342 5429 1410 5490 tarn
1422 5429 1748 5505 Belvacensisquam
1761 5431 1937 5494 Remensis

284 5527 446 5592 beneficis
482 5529 523 5590 de
555 5528 756 5596 abundantis
793 5527 901 5604 gratia
937 5529 1081 5612 pietatis.
1138 5527 1331 5596 dioecesium
1357 5526 1418 5590 tibi
1437 5526 1479 5590 ad
1496 5542 1580 5604 opus
1595 5526 1695 5588 terre
1709 5525 1877 5609 praedicte
1900 5529 1935 5597 iu

320 5644 361 5718 (1)
372 5645 494 5712 becles,
511 5657 537 5711 v,
555 5643 581 5700 3.
