4280 6404
147 255 206 313 273
763 248 992 310 EPISTOLAE.
1014 249 1093 310 LlB.
1117 249 1171 310 lv.
1736 255 1795 317 274

148 409 274 487 imponi
298 407 478 480 silentium,
496 409 529 470 et
551 406 703 470 eumdem
727 407 891 483 compesci
918 407 946 468 si
1001 407 1796 490 supradictisabsolvit.Nosergoauditorisprae-

149 523 220 578 vos,
244 508 303 568 ant
322 505 562 566 monasterium
578 507 725 566 vestrum
749 519 848 580 super
866 519 948 580 praa·
1001 505 1081 567 dicti
1096 505 1294 567 sententiam
1307 509 1414 567 ratam
1425 505 1796 580 babenteseamancto·

151 604 262 666 missis
284 603 424 664 ulterius
446 601 647 674 molestaret,
668 616 708 662 ao
729 601 881 678 compelli
906 601 946 661 ad
1001 601 1100 664 ritate
1114 602 1303 678 Apostolica
1319 603 1607 676 confirmamus,et
1620 606 1795 680 praesentis

93 739 102 762 .
151 698 375 762 restituendas
388 713 565 776 expensas,
582 697 756 775 dequibus
780 697 948 758 solvendis
1002 699 1115 777 scripti
1130 699 1314 776 patrocinio
1328 702 1580 762 communimus.
1601 701 1694 764 Nulli
1702 718 1797 778 ergo,¹

152 796 353 874 praestiterat
377 794 579 867 cautionem,
597 795 630 856 et
655 797 722 856 tam
751 794 838 866 illas,
866 809 948 871 quas
1001 798 1078 870 etc.;
1092 796 1120 856 si
1134 797 1207 873 quis
1222 798 1343 870 autem,
1356 799 1546 860 elebatum
1556 801 1662 862 Reate
1680 801 1709 860 X
1726 799 1794 860 kal.

151 895 231 956 iecit
260 893 302 955 ad
336 891 455 954 Sedem
487 891 712 968 Apostolicam
747 891 945 962 laborando,
1002 893 1135 968 augusti
1149 894 1360 972 pontificatus
1376 895 1481 957 nostri
1496 895 1706 957 annotertio.

152 1007 251 1069 quam
264 1007 321 1053 eas
337 991 373 1050 in
394 988 606 1066 quibuscum
625 988 948 1066 Atrebatemjudices
1044 991 1150 1066 Super
1158 991 1221 1051 hoc
1237 992 1396 1068 scriptum
1407 993 1458 1052 est
1467 991 1794 1054 conservatoribus...

153 1087 424 1151 condemnarunt.
456 1088 562 1158 Quum
590 1085 703 1162 itaque
725 1101 825 1162 super
844 1084 897 1145 his
917 1087 950 1146 et
1004 1087 1116 1150 Sancti
1132 1087 1281 1159 Quintini
1297 1087 1332 1148 in
1348 1088 1460 1149 Insula
1482 1089 1552 1150 et...
1575 1089 1689 1151 Sancti
1709 1092 1796 1151 Pro-

153 1186 231 1246 aliis
247 1200 358 1246 coram
372 1183 487 1245 eodem
502 1181 653 1244 auditore
668 1182 845 1258 propositis
860 1181 947 1243 tuis·
999 1183 1080 1261 jecti
1095 1183 1268 1246 abbatibus
1289 1185 1322 1245 et
1340 1185 1551 1246 thesaurario
1567 1187 1680 1248 Sancti
1691 1185 1797 1259 Quin-

154 1285 205 1344 set
230 1282 355 1342 diutius
376 1281 590 1356 disputatum,
612 1279 745 1340 auditor
767 1279 838 1356 ipse
861 1279 949 1340 dicto
1003 1281 1065 1342 tini
1078 1282 1274 1342 Noviomen.
1291 1281 1458 1342 dioecesis.

152 1378 344 1457 presbytero
366 1377 444 1439 lecit
463 1392 523 1453 per
546 1376 703 1437 dilectum
722 1376 829 1448 lilium
849 1378 950 1438 laco-
1044 1377 1316 1454 proponentibus,
1333 1379 1408 1450 etc,
1428 1393 1536 1452 usqne
1554 1377 1706 1440 absolvit.
1729 1379 1798 1441 Nos

153 1477 230 1537 bum
245 1475 454 1552 capellanum
464 1475 498 1535 et
510 1473 792 1550 poenitentlarium
800 1475 949 1535 nostrum
1003 1491 1083 1551 ergo
1111 1474 1273 1538 auditoris
1298 1475 1448 1552 praedicti
1474 1476 1672 1537 sententiam
1691 1475 1799 1536 ratam

155 1589 273 1634 munus
289 1571 507 1633 absolutionis
528 1570 688 1646 impendi;
714 1570 747 1632 et
770 1569 948 1646 allegatio·
1005 1572 1174 1646 babentes,
1198 1571 1389 1633 discretioni
1405 1573 1524 1634 vestrae
1535 1587 1595 1648 per
1609 1571 1799 1649 Apostolioa

155 1671 252 1730 nibus
279 1668 521 1731 etrationibus
544 1667 842 1744 utriusquepartis
868 1666 948 1727 dili·
1005 1669 1127 1746 scripta
1158 1669 1353 1729 mandamus
1381 1670 1542 1746 quatenus
1568 1684 1642 1730 eam
1668 1654 1799 1730 iacietis

155 1767 271 1842 genter
285 1765 455 1840 inspectis,
470 1762 583 1826 habito
600 1763 740 1825 consilio
755 1761 949 1824 dilectorum
1004 1781 1063 1843 per
1071 1780 1245 1826 censuram
1253 1765 1514 1826 ecclesiasticam
1522 1747 1800 1842 appellationere·

154 1864 298 1924 tiliorum
317 1863 505 1922 nostrorum
522 1863 559 1921 G.
580 1860 669 1922 tituli
686 1859 797 1922 Sancti
814 1859 950 1922 Martini
1005 1865 1093 1925 mota
1112 1862 1252 1924 tirmiter
1265 1862 1448 1925 observari.
1470 1861 1747 1932 contradictores,
1770 1861 1799 1922 si

154 1963 187 2022 et
213 1961 243 2022 J.
273 1958 361 2020 tituli
390 1959 520 2019 Sanctae
537 1956 668 2018 Sabinae
683 1956 951 2034 presbyterorum
1006 1961 1062 2036 qui
1090 1959 1231 2032 tuerint,
1259 1959 1312 2020 nel
1340 1958 1499 2030 rebelles,
1529 1972 1670 2018 censura
1697 1955 1799 2016 simili

154 2056 386 2128 cardinalium,
424 2055 631 2132 aliorumque
666 2053 876 2130 prudentum,
910 2053 951 2115 de
1006 2055 1254 2132 compescendo.
1267 2055 1357 2127 Quod
1369 2044 1602 2125 sinonomnes,
1611 2055 1673 2114 etc.
1682 2055 1800 2114 Datum

155 2153 293 2232 speciali
316 2152 472 2213 mandato
493 2153 608 2212 nostro
629 2150 872 2214 sententialiter
890 2150 952 2212 de·
1007 2155 1170 2229 utsupra.

156 2251 262 2313 crevit
278 2249 428 2312 eumdem
447 2247 675 2325 presbyterum
689 2263 756 2308 non
770 2263 845 2309 esse
861 2247 953 2308 resti·
1157 2240 1159 2246 ’
1341 2239 1467 2326 GGLX

155 2348 313 2410 tuendum
324 2346 366 2408 ad
377 2345 565 2422 hujusmodi
577 2343 788 2421 probationes
798 2345 950 2417 omissas,
1048 2359 1098 2419 Aa
1109 2343 1760 2428 mmmmslawlcensemeplscopum‚

156 2459 218 2506 nec
231 2443 432 2505 audiendum
446 2457 485 2503 ac
498 2441 757 2518 impugnandum
770 2441 952 2503 sententias
1192 2427 1197 2436 '
1303 2457 1337 2516 23
1349 2441 1414 2530 julil
1425 2457 1504 2514 lile.

152 2541 303 2620 judicum
326 2538 572 2618 praedictorum,
595 2537 769 2616 ipsumque
794 2538 952 2600 condem·
1145 2555 1255 2620 [sunm
1268 2553 1333 2604 uisi.
1346 2553 1373 2603 ar
1385 2553 1522 2612 naamam,
1540 2551 1583 2610 lx,
1594 2550 1661 2616 ssu]

156 2653 241 2700 nans
256 2637 297 2698 ad
313 2635 511 2698 solutionem
524 2635 636 2696 decem
647 2635 808 2696 librarum
818 2633 953 2697 sortium
1049 2646 1146 2726 (vide
1179 2647 1305 2714 Quinta
1333 2644 1545 2716 compilatio,
1577 2641 1634 2702 lib,
1660 2645 1715 2713 lv,
1750 2645 1802 2704 120

156 2737 192 2798 in
216 2733 334 2813 quibus
360 2748 380 2796 a
402 2732 573 2810 judicibus
601 2733 841 2794 cathalaunen.
872 2747 955 2793 con·
1007 2738 1237 2812 sponsalibus,
1253 2736 1294 2793 dc
1308 2732 1543 2802 Matrimonia,
1560 2746 1632 2808 cap.
1649 2731 1679 2790 11
1693 2751 1700 2790 :
1714 2731 1804 2792 Con-
1912 2812 1916 2822 Ι

157 2831 332 2894 damnatus
342 2831 508 2903 extiterat,
521 2845 595 2892 eum
608 2829 643 2892 in
653 2829 730 2891 aliis
741 2827 953 2907 petitionibus
1007 2824 1184 2886 saltationi
1197 2823 1277 2894 illoc,
1293 2821 1316 2884 t.
1335 2821 1360 2892 l,
1376 2819 1438 2880 col.
1455 2815 1543 2898 336.)

861 3104 1097 3126 —n—-d-

662 3437 893 3563 LIBER
948 3429 1311 3583 QUARTUS

886 3707 1086 3722 *-

354 3923 419 4010 ΒΕ
455 3921 596 4010 ΑΝΝΟ
635 3915 840 4020 odanto
879 3913 1100 4002 HONORll
1136 3912 1197 4000 ΙΙΙ
1234 3906 1611 4004 continuitas.

197 4151 229 4207 ln
247 4163 322 4206 anno
343 4155 443 4221 quarto
459 4147 651 4216 pontificatus,
668 4146 696 4205 id
716 4154 760 4204 est
776 4153 913 4220 vergente
928 4143 956 4200 in
1014 4139 1079 4210 Sed,
1096 4145 1247 4212 postquam
1263 4136 1324 4193 bac
1338 4133 1398 4194 orbi
1417 4133 1574 4192 christiano
1591 4131 1692 4189 litteris
1706 4144 1805 4188 cruce·

162 4237 248 4294 finem
268 4253 344 4294 anno
361 4235 463 4296 Christi
483 4238 563 4305 lilii,
583 4237 775 4309 crucesignati
796 4235 956 4292 Damiatam
1011 4227 1120 4302 signati
1145 4224 1391 4299 significaverunt,
1416 4236 1500 4294 opem
1525 4221 1719 4293 implorantes,
1748 4232 1804 4275 non

161 4333 319 4398 coeperunt.
331 4327 403 4386 Nam
412 4327 492 4383 Nilus
505 4340 560 4404 non
574 4339 652 4382 more
663 4326 756 4392 solito,
768 4325 856 4390 alunt,
867 4330 957 4378 terras
1010 4318 1069 4392 jam
1091 4329 1167 4372 anno
1189 4315 1287 4386 elapso
1307 4327 1338 4370 se
1362 4317 1514 4368 senserunt
1534 4309 1720 4381 praegravari,
1734 4313 1764 4363 el
1778 4305 1807 4362 in

162 4414 360 4482 inundaverat,
375 4421 403 4471 et
419 4412 523 4470 tamem
543 4413 782 4485 pertimescebant
796 4410 956 4478 sarraceni,
1012 4419 1081 4464 casu
1096 4401 1182 4460 dubio
1202 4417 1262 4459 rem
1277 4407 1366 4458 totam
1384 4413 1448 4455 esse
1467 4398 1661 4466 constitutam,
1677 4395 1808 4470 promissi

163 4503 213 4574 qni
240 4517 362 4576 magnas
389 4503 489 4574 coplas
513 4503 688 4574 collegerant
707 4507 738 4557 ut
763 4499 823 4556 suis
841 4500 870 4554 in
889 4495 958 4554 urbe
1013 4505 1165 4549 succursus
1176 4489 1200 4547 si
1216 4503 1267 4547 sua
1280 4503 1331 4561 spe
1347 4486 1559 4544 frustrarentur.

162 4591 279 4647 inclusis
299 4597 506 4648 succurrerent.
528 4592 648 4662 insuper
672 4589 764 4646 saeviit
785 4587 874 4660 pestis
902 4601 958 4658 qna
1049 4584 1170 4648 interea,
1200 4576 1275 4635 idem
1298 4575 1427 4634 Pontifex
1451 4575 1607 4642 Honorius,
1643 4571 1804 4630 indefessus

163 4679 323 4738 miserrime
336 4679 504 4736 interierunt
522 4678 643 4746 obsessi,
659 4691 779 4750 qnorum
795 4676 957 4748 plusquam
1013 4669 1172 4727 stimulator
1191 4666 1257 4724 belli
1281 4664 1419 4722 adversus
1440 4663 1613 4721 Sarracenos
1633 4661 1663 4717 in
1680 4662 1816 4728 Oriente,-

162 4769 216 4824 trie
232 4769 319 4825 millia
344 4781 494 4839 corporum
515 4765 544 4822 in
564 4767 666 4840 plateis
683 4765 808 4838 jacentia
829 4771 858 4822 et
880 4765 957 4821 inse·
1015 4758 1160 4830 Hispania
1178 4754 1282 4814 Christi
1303 4751 1402 4810 tideles
1423 4750 1560 4808 adversus
1574 4749 1689 4806 ltauros
1703 4750 1810 4806 excita·

163 4856 241 4928 pulta
256 4855 405 4913 christiani
416 4853 597 4912 invenemnt.
607 4855 697 4928 igitur
707 4853 860 4912 civimssic
876 4859 958 4925 capta
1013 4846 1071 4904 bat.
1088 4843 1143 4903 sed
1158 4842 1225 4901 illud
1236 4839 1287 4899 init
1298 4838 1483 4898 memorabile
1496 4836 1572 4910 quod
1582 4835 1811 4896 iliramomelino

162 4951 218 5014 est,
234 4943 341 5016 absque
359 4943 513 5012 deditione,
534 4944 596 5000 sine
614 4941 793 5010 defensione,
813 4942 877 4998 sine
896 4941 957 4997 vio·
1013 4931 1171 5006 Albulacob
1197 4930 1319 5002 scripsit,
1340 4938 1372 4986 ut
1389 4927 1453 4993 sibi,
1478 4926 1524 4983 vel
1549 4925 1643 4998 potius
1666 4924 1813 4996 discipulis

163 5027 241 5090 lenta
255 5030 468 5105 depredatione,
483 5031 546 5089 sine
560 5031 691 5099 tumultu,
703 5038 734 5087 ut
744 5028 798 5086 soll
811 5029 881 5086 Filio
896 5028 958 5096 Dei,
1013 5021 1116 5082 Christi
1131 5021 1218 5078 talem
1233 5020 1324 5075 virum
1340 5015 1514 5073 conciliaret.
1530 5016 1566 5072 Et
1578 5028 1640 5082 nos,
1660 5014 1699 5072 alt
1714 5015 1810 5070 liono-

165 5121 254 5193 lnqnit
266 5118 446 5190 Godeiridus,
460 5119 576 5177 victoria
592 5119 742 5189 tribuatur3
756 5125 784 5174 et
795 5115 830 5174 ad
844 5115 958 5190 triginta
1013 5113 1082 5175 rius,
1099 5110 1222 5183 patimur
1236 5108 1415 5164 innumeram
1426 5103 1501 5177 legis
1515 5111 1571 5160 luae
1584 5101 1732 5160 bominum
1744 5101 1814 5158 mul·

163 5209 264 5278 millia,
275 5209 320 5266 vel
332 5209 464 5282 amplius,
478 5209 497 5265 ii
508 5213 575 5265 sunt
588 5205 772 5279 computandi
788 5205 845 5278 qni,
860 5205 961 5264 utrius·
1013 5199 1175 5266 titudinem,
1191 5211 1259 5253 suos
1287 5194 1357 5251 ritus
1380 5194 1453 5249 inter
1467 5190 1639 5249 christianos
1654 5189 1773 5263 populos
1785 5196 1815 5247 et

163 5313 219 5370 que
233 5313 328 5368 sexus,
343 5298 405 5354 sine
416 5295 490 5354 terro
501 5302 530 5352 et
541 5296 620 5368 igne,
633 5302 787 5367 atempore
802 5291 960 5350 obsidionis
1014 5287 1186 5346 christianas
1213 5283 1348 5356 regiones
1371 5294 1515 5339 exercere.
1532 5278 1614 5338 Unde
1629 5291 1743 5350 equum
1758 5283 1812 5345 est,

164 5385 318 5460 periemnl.
340 5383 456 5444 Addunt
481 5383 634 5455 scriptores
654 5397 748 5440 rerum
774 5381 958 5439 Orientalium
1014 5378 1043 5434 ln
1065 5374 1121 5432 hoc
1147 5380 1251 5430 nostrae
1275 5385 1309 5430 ac
1330 5377 1386 5426 lna
1401 5368 1498 5442 gentis
1513 5382 1569 5424 non
1582 5367 1619 5423 sit
1632 5364 1811 5438 disparean-

163 5476 258 5536 statim
267 5468 960 5543 Deoexcitatasconsecratasqneeoelesiaslulssc
1014 5465 1094 5533 ditio,
1107 5459 1251 5520 hincinde
1267 5458 1302 5517 ad
1312 5457 1499 5515 humanitatis
1511 5456 1654 5514 solatium.
1668 5455 1741 5511 Nam
1757 5455 1812 5510 llo·

164 5571 194 5622 et
218 5564 324 5622 cultum
349 5562 496 5637 religionis
515 5575 590 5618 vera
609 5561 639 5618 in
664 5557 792 5618 nimian
820 5557 957 5615 duruisse.
1015 5554 1085 5612 nlini
1110 5559 1154 5609 est
1173 5559 1247 5608 terra
1262 5557 1291 5606 et
1313 5545 1458 5622 plenitudo
1473 5543 1544 5618 ejus.
1569 5545 1638 5612 Qua
1653 5540 1739 5598 verba
1754 5555 1813 5599 ma·
