4300 6392
332 305 392 368 439

332 465 568 528 satisfactionis
601 467 689 528 vlam
717 465 856 526 redeant
880 463 922 525 ad
948 465 1125 526 Dominum

333 565 437 625 Deum
456 580 563 635 suum,
580 579 600 624 a
615 579 680 640 quo
696 579 757 639 per
776 561 913 622 diutinae
928 561 1126 624 offensionis

332 661 415 723 vitia
440 661 661 732 recesserunt,
686 661 720 722 et
741 658 966 737 Apostolicam
996 659 1124 730 sedem,

333 775 431 837 quam
457 757 612 835 superbia
637 773 698 818 sua
728 758 877 833 graviter
898 755 1125 829 offenderunt,

333 856 521 917 bumilitate
556 856 726 932 placantes
750 855 834 916 inira
868 871 1026 927 mensem,
1054 855 1128 932 post

334 955 576 1030 susceptionem
598 953 783 1015 litterarum
811 956 1017 1025 nostrarum,
1045 968 1127 1030 quas

335 1052 384 1112 eis
408 1066 508 1128 super
521 1051 585 1112 boc
597 1051 783 1127 dirigimus,
796 1054 912 1128 jurent
924 1051 960 1110 in
975 1049 1127 1111 manibus

334 1148 535 1210 venerabilis
557 1147 670 1210 fratris
690 1149 795 1209 nostri
811 1149 961 1209 Paduani
981 1147 1127 1224 episcopi

334 1246 474 1322 praecise
484 1243 619 1306 obedire
631 1245 938 1316 mandatisncstris,
952 1246 1020 1306 tam
1029 1259 1129 1320 super

335 1341 482 1412 damnis,
498 1357 596 1419 quam
613 1357 713 1419 super
729 1342 875 1419 lnjuriis,
890 1357 972 1418 quas
992 1342 1127 1416 irroga-

335 1441 413 1500 runt
427 1439 583 1516 episcopo
598 1441 790 1511 memorate,
804 1439 938 1500 interim
954 1438 994 1500 ab
1009 1441 1081 1515 ejus
1096 1439 1129 1499 et

336 1537 486 1598 ecclesiae
500 1553 568 1596 suae
587 1537 739 1598 molestia
755 1537 887 1614 penitus
900 1537 1125 1614 quiescentes3

335 1634 476 1711 ideoque
490 1633 700 1696 universitati
714 1635 834 1696 vestrae
854 1634 890 1694 in
910 1635 1032 1695 virtute
1045 1633 1127 1694 obe-

335 1729 470 1792 dientiae
493 1731 641 1792 districte
671 1731 894 1808 praecipiendo
920 1732 1126 1803 mandamus,

336 1828 510 1906 quatenus,
545 1829 611 1889 nisi
646 1829 734 1890 cives
760 1827 910 1905 praedicti
938 1829 1129 1889 mandatum

335 1925 487 1986 nostrum
500 1924 589 1986 inira
600 1941 747 2002 praeseus
762 1925 871 2001 ipsum
885 1927 1014 2002 tempus
1026 1941 1128 1986 cura-

334 2021 443 2084 verint
469 2021 660 2099 adimplere,
681 2037 741 2082 vos
763 2037 806 2082 ex
829 2022 908 2082 tuno
922 2023 1129 2098 supradictas

335 2119 516 2180 sententias
531 2117 736 2196 publicantes
751 2134 866 2181 eorum
890 2118 1069 2190 civitatem,
1098 2122 1131 2181 et

336 2215 515 2287 diocesin,
541 2231 581 2277 ac
600 2215 798 2287 districtum,
814 2215 974 2277 dilatione
991 2217 1128 2294 postpo-

336 2313 412 2380 sita,
436 2313 575 2383 exeatis,
605 2312 686 2374 illuc
709 2313 781 2374 sine
806 2314 1004 2390 apostolicae
1035 2313 1129 2374 Sedis

336 2409 471 2471 licentia
490 2409 626 2470 minime
640 2410 822 2472 reversuri.
839 2409 931 2483 Quod
946 2410 1025 2470 inde
1041 2409 1130 2472 tece-

335 2506 561 2567 ritistideliter
581 2507 811 2579 rescribentes,
822 2508 858 2569 ut
868 2508 908 2568 de
920 2509 996 2568 aliis
1009 2508 1126 2585 poenis,

335 2619 408 2680 quae
421 2604 455 2664 in
467 2604 586 2665 litteris
602 2605 723 2666 nostris
738 2605 779 2665 ad
796 2605 885 2681 ipsos
902 2605 1038 2667 directIs
1054 2605 1127 2680 ple-

336 2700 412 2760 nius
440 2700 670 2774 contineatur,
700 2701 787 2762 sicut
809 2717 864 2762 res
893 2701 1126 2778 postulaverit,

336 2797 519 2872 cogitemus
534 2799 574 2870 si,
588 2814 655 2875 prae
670 2798 830 2860 missione
840 2800 997 2870 vestrum,
1007 2799 1063 2875 qui
1076 2799 1130 2860 in-

334 2893 513 2955 veniantur
526 2895 673 2956 mandati
685 2895 859 2971 apostolici
873 2896 1127 2971 contemptores,

335 2991 370 3051 et
381 2991 575 3050 canonicam
589 2990 706 3052 nolunt
718 2991 865 3065 elingere
878 2991 1047 3052 ultionem.

376 3087 493 3148 Datum
508 3087 659 3160 Viterbii,
675 3091 704 3149 V
718 3088 877 3150 kalendas
884 3089 984 3166 junii,
996 3089 1130 3165 pontiti-

336 3183 430 3245 catus
444 3183 550 3246 nostri
563 3199 650 3246 anno
661 3187 789 3262 quarto.

602 3396 606 3408 ·
663 3337 800 3424 CXLII

373 3463 425 3523 Aa
436 3461 643 3536 potestatem
657 3463 691 3524 et
700 3467 866 3536 papulam
882 3465 1091 3524 Tarvistnos.

623 3576 658 3634 28
676 3575 745 3633 maii
760 3574 839 3633 litt).

581 3680 700 3745 [Uglaellb
712 3681 767 3731 loco
778 3681 878 3742 citato]

337 3773 485 3854 Significat
499 3779 654 3838 'tarvisinis
677 3779 732 3836 nisi
748 3778 783 3837 ad
799 3780 995 3852 paenitentiam
1011 3777 1129 3836 redeant

369 3869 514 3926 civitatem
526 3868 639 3926 illorum
652 3866 806 3942 pontittoali
822 3868 989 3940 privandam
1004 3882 1068 3924 esse
1083 3867 1126 3924 di-

368 3959 489 4031 gnitate,
502 3963 530 4014 et
544 3971 595 4016 eoa
610 3956 758 4016 habendos
768 3971 833 4016 esse
846 3963 876 4014 ut
888 3955 1048 4014 hereticos.

373 4065 539 4128 Honorius
554 4067 728 4144 episcopus
746 4082 864 4129 servus
881 4081 1052 4128 servorum
1067 4065 1128 4126 Dei

229 4231 231 4244 1
333 4164 487 4242 potestati
500 4165 532 4226 et
546 4164 667 4241 populo
682 4165 868 4236 Tarvisino,
878 4163 1032 4241 spiritum
1047 4177 1128 4224 con·

334 4261 403 4322 silii
417 4261 572 4322 sanioris.

374 4357 587 4434 Iniquitatum
612 4359 809 4430 vestrarum,
835 4359 911 4430 etc,
943 4359 980 4418 ut
1004 4358 1039 4418 in
1059 4357 1126 4418 alia

334 4469 446 4530 supra,
456 4469 562 4527 usque
571 4453 953 4532 quiescentes.alioquin
965 4455 1126 4516 noveritis

332 4566 392 4612 vos
401 4550 521 4632 praeter
535 4549 900 4622 excommunicationis,
912 4553 945 4612 et
959 4549 1127 4612 interdicti

333 4649 515 4709 sententias
538 4648 573 4708 in
593 4661 664 4718 vos,
686 4647 719 4707 et
731 4647 853 4707 terram
869 4647 1013 4708 vestram
1029 4663 1049 4708 a
1064 4663 1124 4709 ve-

333 4743 474 4806 nerabili
489 4743 592 4806 tratre
607 4743 722 4804 nostro
743 4743 934 4820 patriarcba
950 4744 1123 4816 Gradensi,

333 4842 396 4901 bac
425 4841 466 4902 de
491 4857 593 4902 causa
627 4841 785 4917 prolatas,
812 4857 896 4918 quas
929 4842 1126 4904 auctoritate

331 4938 522 5016 apostolica
560 4939 769 5011 roboramus,
804 4938 992 5001 inhibuisse
1022 4939 1127 5000 nobili

331 5037 404 5100 viro
417 5035 504 5108 duci,
521 5037 555 5098 et
569 5037 690 5114 populo
703 5037 928 5108 venetiarum,
941 5051 981 5098 ac
994 5035 1070 5098 aliis
1081 5037 1125 5098 ci-

950 305 1127 368 IIONORII
1149 307 1195 366 111
1217 307 1364 368 OPERI..

1919 307 1990 366 4402

1181 465 1351 526 dioecesim
1368 465 1512 526 vestram
1523 480 1583 542 per
1597 465 1726 526 vicinos
1733 465 1917 542 episcopos
1926 464 1991 524 di«

1180 563 1343 634 videmus,
1377 577 1418 624 ac
1447 563 1584 638 insuper
1616 564 1819 622 mercatores
1846 563 1982 624 vestros

1181 659 1381 736 ubicumque
1406 659 1531 736 reperti
1559 658 1684 720 fuerint
1711 659 1784 735 capi
1816 658 1981 720 faciemus

1182 771 1242 833 per
1262 755 1430 835 principes
1445 757 1636 827 saeculares,
1649 756 1683 817 et
1692 756 1869 833 publicatis
1881 756 1981 818 bonis

1182 870 1297 915 eorum
1308 869 1471 930 personas
1487 853 1548 914 sub
1563 855 1655 915 arcta
1666 853 1816 915 custodia
1823 852 1978 916 retineri.

1184 953 1218 1012 Si
1233 967 1314 1013 vero
1326 967 1390 1013 nec
1405 952 1454 1014 sic
1468 952 1510 1012 ad
1523 951 1763 1028 percutientem
1782 967 1841 1014 vos
1862 950 1980 1012 redie-

1183 1049 1269 1122 ritis,
1290 1051 1325 1110 et
1339 1049 1444 1110 attriti
1468 1048 1644 1110 nolueritis
1659 1050 1811 1126 accipere
1828 1049 1982 1124 discipli-

1183 1162 1271 1219 nam,
1296 1161 1373 1208 ecee
1400 1146 1611 1222 praedicimus
1632 1145 1738 1218 vobis,
1772 1149 1888 1208 contla
1917 1163 1981 1208 vos

1182 1245 1339 1322 tanquam
1364 1245 1480 1306 contra
1501 1243 1688 1316 naercucos,
1710 1258 1784 1304 cum
1809 1258 1867 1305 vos
1893 1244 1977 1305 tales

1183 1357 1284 1419 opera
1299 1341 1537 1413 demonstrent,
1551 1340 1782 1418 spiritualiter,
1802 1341 1836 1402 et
1849 1341 1980 1418 tempo-

1183 1439 1299 1500 raliter
1312 1438 1542 1516 procedemus,
1556 1437 1671 1500 fideles
1685 1437 1726 1499 ad
1741 1437 1977 1500 exterminium

1182 1537 1329 1598 vestrum
1342 1553 1401 1614 per
1409 1535 1616 1614 apostolicas
1626 1535 1851 1612 indulgentias
1861 1551 1993 1612 provo.

1183 1633 1301 1706 oando,
1324 1650 1399 1695 cum
1421 1635 1527 1710 magis
1543 1633 1765 1696 abominanda
1786 1633 1831 1694 sit
1852 1635 1975 1706 vestra,

1184 1747 1282 1808 quam
1306 1734 1548 1792 Saracenorum
1567 1730 1733 1807 impietas,
1750 1746 1811 1791 nec
1831 1731 1899 1792 tarn
1914 1730 1978 1790 de-

1183 1829 1336 1891 testabile
1346 1829 1390 1890 sit
1403 1829 1439 1889 in
1454 1828 1522 1888 illis
1539 1827 1627 1889 viam
1642 1843 1708 1888 nou
1724 1843 1906 1903 agnoscere
1917 1843 1981 1888 ve-

1184 1926 1305 1998 ritatis,
1327 1941 1427 2003 quam
1441 1925 1535 1988 vobis
1559 1927 1633 2002 post
1653 1927 1801 2001 agnitam
1823 1926 1982 1997 retroire,

1184 2039 1246 2084 nec
1258 2021 1476 2084 blandiamini
1487 2022 1592 2094 vobis,
1604 2022 1691 2100 quod
1703 2023 1978 2084 comminationes

1185 2119 1310 2180 similes
1334 2119 1513 2196 aliquando
1532 2119 1627 2180 vobis
1655 2119 1771 2191 tactas,
1793 2135 1890 2197 poena
1912 2134 1980 2180 non

1184 2215 1285 2278 fuerit
1303 2215 1464 2278 hactenus
1488 2215 1677 2284 subsecuta,
1702 2218 1797 2293 quasi
1815 2215 1979 2277 subsecu-

1183 2313 1259 2373 tura
1285 2328 1351 2374 non
1377 2313 1431 2384 sit,
1463 2313 1563 2374 etiam
1587 2314 1651 2375 ista
1676 2314 1761 2385 vice,
1789 2313 1981 2390 frequenter

1184 2411 1283 2483 enim,
1299 2426 1372 2488 quae
1388 2426 1455 2472 non
1467 2413 1627 2472 nocerent
1640 2411 1784 2487 singula,
1801 2407 1904 2472 multia
1915 2426 1983 2471 no-

1184 2509 1305 2580 centia,
1322 2510 1356 2570 et
1368 2509 1490 2585 quanto
1504 2512 1611 2586 major
1625 2508 1725 2570 tuerit
1734 2523 1814 2584 erga
1829 2524 1888 2571 vos
1900 2507 1987 2569 lon--

1183 2606 1361 2682 ganimitas
1384 2606 1583 2682 Apostolica,
1600 2605 1692 2667 tanto
1714 2606 1744 2666 si
1767 2620 1826 2666 vos
1848 2605 1891 2665 ad
1906 2621 1980 2682 poe-

1184 2702 1357 2764 nitentiam
1372 2719 1439 2764 non
1454 2699 1640 2774 adduxerit,
1657 2703 1722 2764 erit
1736 2702 1859 2780 Justior
1879 2717 1978 2779 poena

1184 2801 1309 2874 vestra;
1325 2799 1461 2876 fugiatis
1474 2800 1577 2875 igitur
1592 2815 1612 2860 a
1626 2799 1711 2860 iacie
1725 2815 1823 2860 arcus
1835 2798 1978 2872 extenti,

1183 2898 1216 2958 et
1230 2897 1428 2974 poeniteatis,
1441 2897 1518 2957 dum
1533 2897 1625 2958 locus
1636 2897 1686 2959 est
1707 2897 1923 2973 poenitentiae,
1936 2911 1978 2956 ne

1184 2994 1227 3056 sit
1251 3010 1326 3056 sera
1357 2995 1552 3072 paenitentia
1582 2997 1657 3070 post
1682 2994 1825 3055 ruinam.
1859 2995 1978 3054 Datum

1183 3091 1335 3163 Viterbii,
1348 3094 1375 3154 V
1388 3091 1455 3153 kal.
1470 3091 1559 3168 julii,
1573 3091 1758 3169 pontificat.
1770 3091 1876 3153 nostri
1890 3105 1979 3152 anno

1184 3189 1314 3266 quarto.

1503 3277 1660 3364 CXLIII

1203 3411 1255 3470 Ad
1266 3411 1561 3485 Erapottsmeosem
1580 3410 1613 3470 et
1633 3409 1957 3484 petragoricensem

1490 3508 1676 3580 episcopos.

1461 3619 1497 3676 28
1524 3610 1593 3675 maii
1619 3617 1698 3676 1²20.

1267 3723 1403 3788 [bouquet.
1417 3723 1519 3774 Recueil
1534 3723 1667 3780 desiliat..
1683 3727 1701 3772 t.
1715 3723 1783 3780 Xlll,
1799 3737 1825 3787 p.
1838 3723 1898 3782 69&

1383 3805 1492 3866 Regest,
1509 3801 1555 3852 lib.
1566 3803 1609 3862 lV,
1621 3803 1695 3867 epist.
1708 3801 1775 3864 lul]

1183 3899 1370 3972 Quudee
1380 3902 1563 3973 Partenayet
1574 3898 1792 3972 W.deblangot
1807 3900 1911 3971 aliique
1922 3901 1976 3956 mi-

1217 3989 1282 4048 lites
1306 3989 1499 4058 Pictavenscs,
1520 3987 1648 4060 pecunia
1674 4002 1761 4044 causa
1790 3986 1893 4045 debitae
1922 3987 1978 4046 sibi

1217 4079 1286 4136 olim
1303 4093 1319 4135 a
1341 4091 1411 4150 rege
1425 4078 1545 4144 Ioanne,
1571 4077 1695 4144 Hearici,
1711 4076 1787 4133 illius
1805 4075 1870 4145 tilii,
1886 4083 1979 4134 terras

1217 4167 1247 4223 iu
1265 4166 1392 4224 Pictavia
1405 4163 1545 4222 hostiliter
1560 4162 1736 4232 infestarent,
1752 4163 1869 4222 mandat
1884 4167 1979 4222 lloao-

1217 4255 1276 4312 rius
1288 4261 1318 4311 ut
1327 4251 1447 4310 rebelles
1458 4251 1494 4310 ad
1508 4267 1607 4326 pacem
1620 4251 1791 4309 servandam
1804 4253 1984 4326 compellant

1217 4343 1355 4416 episcopi.

1221 4450 1388 4513 Honorius
1404 4450 1579 4527 episcopus
1596 4465 1712 4510 servus
1728 4465 1899 4510 servorum
1917 4450 1976 4510 Dei

1180 4547 1428 4611 venerabilibus
1444 4546 1613 4628 tratribus,
1624 4546 1866 4622 Engolismensi
1876 4547 1978 4608 etPe·

1182 4646 1403 4724 tragoricensi
1420 4643 1596 4722 episcopis,
1608 4643 1748 4706 salutem
1764 4647 1798 4704 et
1810 4641 1974 4720 apostoli-

1182 4759 1254 4804 cam
1267 4741 1542 4804 benedictionem.

1221 4843 1303 4902 dum
1325 4839 1520 4901 carissimus
1544 4837 1579 4898 in
1603 4835 1734 4900 Christo
1751 4837 1841 4898 tilius
1861 4837 1978 4900 noster

1181 4941 1221 5000 H.
1243 4937 1386 4999 illustrIs
1416 4951 1478 4998 rex
1508 4935 1689 5012 anglorum
1712 4933 1986 5009 crucesignatus,

1181 5034 1326 5112 pupillus
1349 5035 1382 5096 et
1406 5032 1587 5109 orphanus,
1622 5033 1665 5094 sit
1692 5031 1851 5094 custodiae
1879 5031 1974 5092 Sedis

331 5134 489 5198 vltatibus
511 5133 695 5196 convicinis
717 5150 759 5194 ne
779 5134 884 5194 ullum
899 5133 1070 5195 vobiscum
1090 5133 1125 5194 in
1180 5132 1380 5209 apostoliam
1399 5129 1589 5202 derelictus,
1612 5129 1756 5206 injurias
1773 5129 1827 5190 vel
1849 5128 1977 5190 moles-

331 5231 520 5310 bujusmodi
544 5231 696 5293 molestia
716 5229 971 5313 perdurantibus
991 5246 1124 5307 praesu·
1181 5231 1245 5292 tias
1268 5229 1433 5305 irrogatas
1456 5227 1565 5290 eidem
1592 5226 1687 5288 nobis
1718 5242 1785 5288 non
1809 5226 1977 5287 immerito

329 5333 399 5393 mat
413 5328 537 5392 babere
553 5329 765 5405 colloquium,
785 5329 843 5390 aut
862 5328 1031 5390 celebrare
1045 5343 1126 5390 con·
1180 5329 1372 5405 reputantes
1385 5325 1615 5403 principaliter
1629 5324 1784 5400 irrogari,
1801 5327 1916 5386 contra
1930 5323 1979 5384 iu-

208 5493 211 5498 ,
329 5429 486 5504 tractum,
514 5427 600 5506 quod
625 5427 655 5486 si
679 5441 794 5503 poenas
810 5426 1002 5504 hujusmodi
1027 5425 1126 5488 solita
1176 5426 1359 5503 juriatcres
1378 5423 1431 5486 vel
1452 5424 1683 5485 molestatores
1701 5422 1807 5498 ipsius
1825 5421 1978 5498 potenter

330 5527 514 5603 pertinacia
538 5524 820 5600 contempseritis,
851 5524 1019 5586 civitatem
1046 5539 1125 5584 ves·
1181 5537 1363 5599 exsurgere
1387 5521 1540 5583 volumus
1564 5522 1597 5581 et
1622 5519 1796 5590 debemus,
1818 5521 1978 5596 tanquam

330 5625 417 5688 tram
440 5623 622 5701 pontificali
647 5621 850 5701 privabimus
877 5620 1056 5698 dignitate,
1095 5623 1128 5683 et
1182 5619 1412 5699 prosequendo
1426 5618 1596 5696 proprium
1612 5616 1786 5678 interesse.
1812 5618 1987 5687 Caeterum,
