4250 6404
317 307 356 366 87
938 307 1114 367 HONORII
1137 306 1182 366 ΙΙΙ
1204 307 1351 367 OPERA.
1927 310 1966 368 88

317 463 569 528 subventionem
601 466 752 543 praedicti
787 465 954 526 exercitus
987 465 1028 526 de
1056 479 1115 525 ca-

316 565 543 650 meranostra
563 578 670 640 nuper
684 562 888 641 providimus
904 561 1111 623 destinanda.

358 661 421 721 Sed
442 661 520 738 quia
539 661 610 722 heac
634 662 712 722 sunt
732 659 861 722 modica
883 659 971 721 inter
989 659 1110 731 tantos,

317 759 451 834 expedit
466 759 501 820 ut
514 758 622 819 adhuc
633 759 718 819 alias
733 757 782 820 eis
795 757 962 834 copiosius
976 773 1115 818 succur-

316 871 391 916 rere
406 854 614 927 festinemus
630 872 682 927 ne,
693 855 780 933 quod
796 855 892 927 absit,
910 869 1003 915 mora
1019 855 1112 930 peri-

316 952 427 1014 culum
442 953 483 1018 ad
500 969 535 1014 se
553 953 676 1015 trahat.
696 955 776 1018 Ctuu
799 953 912 1028 igitur,
935 951 1020 1013 sicut
1035 953 1111 1023 sois,

318 1050 477 1112 statutum
510 1050 671 1112 fueritin
699 1049 847 1111 Concilio
876 1049 1043 1125 generali,
1078 1050 1115 1109 ut

317 1163 432 1209 omnes
460 1147 594 1209 omnino
623 1147 748 1218 clerici,
774 1149 842 1207 tam
867 1145 988 1207 subditi
1015 1161 1113 1223 quam

316 1243 458 1321 praelati,
491 1245 685 1306 vicesimam
710 1243 1011 1305 ecclesiasticorum
1034 1259 1114 1319 pro-

316 1343 474 1402 ventuum
491 1359 510 1403 a
526 1345 674 1419 tempore
689 1341 840 1418 praedicti
859 1341 992 1402 concilii
1009 1356 1113 1417 usque

316 1439 358 1500 ad
382 1439 565 1500 triennium
586 1440 715 1516 integre
738 1439 922 1510 conferant,
944 1438 979 1498 in
1004 1437 1114 1498 subsi-

316 1533 407 1598 dium
423 1539 534 1599 Terrae
551 1539 681 1598 Sanctae
697 1552 755 1614 per
771 1553 888 1597 manus
906 1525 1032 1607 eorum,
1056 1536 1113 1611 qui

316 1634 358 1695 ad
374 1635 437 1694 hoc
456 1633 580 1696 fuerint
593 1633 781 1712 Apostolica
796 1633 1007 1709 providentia
1023 1632 1114 1693 ordi-

316 1732 398 1800 nati,
419 1747 497 1793 ecce
511 1731 648 1792 dilectos
663 1731 761 1801 filios,
780 1730 958 1790 Martinam
975 1729 1114 1790 cubicu-

315 1826 436 1888 larium
452 1830 486 1889 et
499 1827 696 1898 iohannem,
709 1825 960 1899 marescalcum,
981 1829 1112 1888 nostros

315 1923 445 1986 Militiae
468 1925 595 2002 Templi
614 1926 647 1986 et
668 1924 850 2000 Hospitalis
872 1923 1114 2000 Hierosolymi-

314 2022 385 2083 tani
407 2020 539 2093 fratres,
563 2023 653 2082 viros
676 2021 789 2097 utique
815 2022 969 2098 providos
987 2025 1020 2083 et
1038 2021 1111 2081 dis-

317 2120 437 2191 cretos,
448 2117 487 2179 de
503 2135 642 2195 quorum
656 2117 720 2178 tide
735 2133 775 2179 ac
789 2118 964 2180 devotione
980 2118 1111 2194 plenam

316 2217 351 2276 in
378 2216 518 2277 Domino
544 2215 699 2276 fiduciam
735 2214 940 2287 obtinemus,
978 2217 1113 2292 propter

315 2313 378 2374 boc
406 2312 448 2373 ad
473 2316 585 2389 partes
608 2311 804 2374 Allamaniae
833 2311 1109 2384 transmittentes

317 2409 560 2472 fraternitatem
586 2410 677 2471 tuam
702 2425 873 2470 monemus
887 2409 920 2471 et
941 2409 1113 2472 hortamur

316 2508 440 2569 attente
456 2524 495 2569 ac
510 2523 570 2584 per
583 2507 772 2584 apostolica
783 2507 842 2568 tibi
856 2507 980 2582 scripta
995 2507 1030 2568 in
1042 2508 1113 2568 vir-

262 2677 266 2684 ,
313 2606 384 2667 tute
400 2604 596 2666 obedientiae
611 2605 761 2666 districte
776 2603 998 2683 praecipiendo
1013 2620 1110 2665 man-

314 2701 451 2774 damus,
483 2703 646 2779 quatenns
669 2701 861 2764 vicesimam
887 2704 954 2763 tam
978 2703 1110 2764 tuorum

317 2801 538 2876 proventuum
551 2815 649 2876 quam
667 2800 732 2860 tuae
757 2798 920 2870 diaecesis
938 2815 1010 2875 quae
1033 2815 1113 2860 non·

316 2896 393 2956 dum
409 2896 547 2958 collecta
563 2897 623 2967 est,
643 2896 776 2957 studeas
791 2896 948 2971 colligere
964 2896 1110 2972 diligen-

314 2993 377 3061 ter,
393 2993 653 3054 contradictores
668 2993 698 3053 si
714 2991 771 3069 qui
789 2992 912 3054 fuerint
931 2993 983 3053 vel
1000 2993 1111 3054 rebel-

315 3089 364 3150 les
393 3105 452 3166 per
480 3104 654 3151 censuram
682 3088 958 3161 ecclesiasticam,
997 3091 1112 3167 appel-

315 3186 440 3248 latione
474 3187 677 3264 pestposita,
714 3187 952 3263 compescendo
983 3189 1016 3249 et
1043 3191 1110 3250 tam

315 3284 487 3346 collectam
503 3300 601 3360 quam
617 3284 849 3360 colligendam,
862 3301 992 3346 necnon
1008 3302 1111 3362 pecu-

315 3382 404 3442 niam
418 3381 452 3443 in
462 3383 590 3443 nuncia
602 3381 773 3444 collectam
784 3383 817 3443 et
826 3383 927 3443 aliam
938 3382 1109 3445 collectam

314 3494 373 3556 pre
395 3478 621 3556 redemptione
635 3481 787 3540 votorum
803 3479 945 3541 fideliter
967 3481 1039 3542 sine
1059 3481 1111 3542 di-

314 3575 498 3638 minutione
513 3575 661 3652 qualibet
677 3592 774 3638 cures
793 3577 961 3654 praedictis
983 3577 1109 3640 nuntiis

314 3673 500 3747 assignare,
518 3672 602 3734 alias
618 3673 742 3735 eisdem
765 3689 865 3752 super
889 3675 1021 3750 negotio
1042 3675 1109 3736 hu·

312 3769 457 3846 jusmodi
483 3769 524 3830 ob
549 3773 771 3832 reverentiam
797 3771 944 3832 divinam
971 3775 1006 3833 et
1030 3789 1110 3833 nos-

314 3866 398 3927 tram
437 3867 647 3943 impensurus
675 3867 851 3928 consilium
882 3870 915 3929 et
946 3869 1108 3930 auxilium

315 3965 545 4039 opportunum,
563 3965 609 4025 ita
624 3965 710 4041 quod
727 3967 760 4027 et
777 3968 891 4036 Deum,
907 3969 1001 4042 quus
1021 3968 1110 4043 prin·

314 4059 595 4136 cipaliter·causa
626 4062 763 4136 geritur,
794 4063 970 4138 propitium
990 4066 1022 4125 et
1048 4081 1109 4125 nos

313 4155 373 4218 tibi
388 4157 509 4218 exinde
524 4158 643 4218 reddas
664 4158 862 4220 favorabiles
882 4161 915 4221 et
934 4160 1107 4237 benignos.

314 4255 431 4315 Datum
456 4255 614 4315 Laterani
629 4256 672 4316 1v
697 4271 802 4316 nonas
813 4257 975 4332 januarii,
993 4259 1107 4335 ponti-

314 4349 431 4410 ficatus
446 4351 552 4412 nostri
567 4366 655 4412 anno
671 4352 780 4412 tertio.

353 4449 396 4506 In
421 4449 579 4508 coracem
602 4451 742 4508 raedam
765 4451 949 4524 codemque
972 4455 1026 4513 dic
1050 4452 1109 4514 Al-

313 4539 417 4614 berte,
435 4543 589 4620 episeopo
606 4543 755 4620 Rigensi.

604 4693 819 4783 LXXXVII

313 4828 364 4886 Ad
378 4829 649 4902 arctapiecopoc
672 4829 705 4889 ct
725 4831 909 4914 eptscopos,
923 4831 960 4890 ai
974 4831 1108 4904 fraires

585 4926 840 4988 cistercienses.

612 5037 703 5110 fian.
722 5039 802 5096 ¹219.

330 5139 438 5204 [Drepsa
463 5141 524 5193 cou.
537 5143 671 5193 Pomeran.
683 5144 703 5201 l,
715 5145 755 5202 aa,
774 5159 800 5194 n.
811 5145 851 5194 to.
872 5145 1033 5205 Hasselbacla,
1046 5147 1107 5198 una.

533 5223 665 5272 Pomeran.
679 5224 699 5281 1,
714 5222 769 5281 276,
780 5237 805 5272 n.
824 5224 890 5288 lta]

314 5319 447 5377 Hortatur
457 5325 487 5376 ut
499 5317 833 5380 fratribusdisterciensis
843 5320 1108 5397 ordinisprivilegia

348 5405 1109 5480 etindulgentiasApostolicaeSedisconccssasinvio·

348 5493 469 5552 labiliter
479 5501 686 5552 conserventet
696 5495 847 5554 faciantab
858 5499 922 5555 aliis
932 5501 1105 5558 conservari.

354 5601 531 5673 Honorius,
544 5603 618 5672 etc,
633 5605 878 5667 venerabilibus
894 5605 1109 5670 fratribusar-

1169 463 1390 542 corepiscopis
1415 464 1448 526 et
1459 434 1651 541 ‘episcopm
1677 465 1864 527 courteous
1886 467 1965 528 nisis

1168 561 1244 622 aliis
1268 560 1485 622 ecclesiarum
1501 562 1658 638 praelatis
1685 563 1725 622 ad
1750 578 1832 640 quos
1846 563 1966 625 litterae

1169 659 1242 720 istae
1271 660 1493 735 pervenerint,
1524 659 1664 721 salutem
1691 659 1724 720 et
1749 661 1965 737 apostolicam

1168 755 1441 817 benedictionem.

1208 853 1963 929 Benefaciensbominusbonisetrectiscorde,

1169 950 1308 1010 dilectos
1322 949 1417 1034 'tilios
1436 951 1555 1013 fratres
1573 951 1803 1013 cisterciensis
1824 954 1963 1026 ordiniS,

1169 1048 1203 1107 in
1220 1048 1307 1108 viam
1318 1048 1548 1108 mandatorum
1560 1049 1707 1126 ipsorum
1717 1050 1879 1112 inoffense
1892 1067 1966 1112 cur·

1168 1147 1469 1222 rentes,tamquam
1490 1145 1966 1225 populumacceptabilemsibi

1169 1258 1306 1302 numero
1322 1243 1354 1303 et
1368 1243 1486 1306 merito
1501 1243 1686 1321 ampliavit,
1704 1245 1817 1322 eisque
1832 1245 1872 1306 de
1888 1263 1965 1307 rore

1168 1339 1963 1416 coeliatterraepinguedinebenedicensdilatavit,

1167 1436 1277 1496 locum
1301 1437 1462 1498 territorii
1490 1436 1638 1515 ejusdem
1660 1438 1797 1510 ordinis,
1814 1443 1848 1500 et
1861 1441 1977 1518 pellea·

1167 1533 1459 1595 tabernaculorum
1483 1538 1554 1612 eJus
1584 1535 1743 1598 extendit.
1775 1535 1850 1608 Sed,
1878 1537 1966 1614 quod

1168 1631 1317 1691 dolentes
1328 1630 1515 1704 referimus
1526 1633 1561 1693 in
1571 1632 1624 1693 via
1633 1631 1769 1710 hacqua
1782 1633 1963 1708 ambulant,

1168 1727 1300 1804 superbi
1330 1730 1445 1791 contra
1475 1745 1532 1790 eos
1565 1729 1701 1806 laqueos
1736 1733 1964 1805 extendentes,

1168 1825 1233 1886 imo
1248 1827 1340 1887 velut
1362 1827 1528 1888 torrentes
1543 1827 1728 1906 iniquitatis
1742 1829 1908 1892 irruentes
1929 1831 1965 1891 in

1168 1937 1224 1983 ees
1239 1923 1330 1999 ipsos
1343 1923 1441 1984 bonis
1456 1923 1536 1997 suis,
1554 1941 1627 2001 quas
1645 1924 1707 1985 soli
1723 1927 1861 1989 Domino
1883 1931 1962 1990 sunt

1168 2019 1289 2091 dicata,
1306 2036 1372 2081 non
1384 2021 1490 2081 solum
1500 2022 1651 2098 nequiter
1666 2021 1873 2096 defraudare,
1886 2041 1961 2086 cum

1168 2115 1229 2175 filii
1246 2116 1345 2194 hujus
1361 2118 1475 2178 saeculi
1491 2119 1722 2195 prudentiores
1738 2119 1816 2181 filiis
1828 2121 1911 2207 lucis
1926 2123 1962 2182 in

1167 2213 1383 2288 generatione
1391 2230 1452 2276 sua
1465 2215 1542 2286 sint,
1555 2231 1670 2276 verum
1679 2217 1778 2277 etiam
1787 2217 1963 2296 iniquitate

1167 2311 1317 2386 potentes
1327 2311 1491 2374 violenter
1501 2313 1645 2389 spoliare
1656 2312 1816 2386 nituntur,
1831 2317 1863 2377 et
1878 2316 1965 2393 quod

1167 2408 1303 2482 gravius
1319 2407 1355 2470 ut
1369 2409 1520 2470 nonnulli
1533 2410 1574 2470 de
1588 2410 1630 2470 iis
1645 2411 1701 2487 qui
1711 2428 1767 2472 eos
1782 2411 1965 2476 debuerant

1167 2505 1201 2564 in
1232 2504 1354 2567 Christi
1380 2505 1564 2567 visceribus
1586 2508 1697 2568 carius
1721 2509 1903 2585 amplexari
1933 2512 1966 2573 et

1167 2600 1383 2663 favorabilius
1398 2603 1586 2676 confovere,
1599 2605 1688 2682 ipsos
1703 2605 1880 2668 immanius
1892 2623 1964 2683 per·

1167 2701 1358 2776 sequentes
1390 2699 1576 2776 privilegia,
1611 2717 1684 2777 quae
1717 2702 1799 2778 ipsis
1827 2719 1847 2764 a
1877 2705 1961 2766 Sede

1166 2796 1355 2872 apostolica
1368 2797 1438 2856 suis
1453 2797 1662 2872 exigentibus
1677 2800 1805 2860 meritis
1820 2802 1897 2862 sunt
1910 2801 1959 2862 in·

1166 2893 1962 2970 dulta,gestiuntpenitusenervare,dicendoilla

1167 2989 1269 3051 fuisse
1285 2991 1419 3052 omnino
1434 2992 1469 3050 in
1480 2991 1629 3066 generali
1637 2992 1783 3054 Concilio
1794 2997 1961 3066 revocata,

1166 3087 1314 3149 velalios
1330 3087 1534 3149 intellectum
1545 3089 1794 3165 privilegiorum
1814 3091 1963 3168 ipsorum

1165 3185 1213 3246 ita
1234 3184 1379 3260 maligna
1395 3185 1668 3262 interpretatione
1684 3187 1725 3248 ad
1741 3187 1869 3250 libitum
1886 3205 1963 3266 per-

1166 3281 1335 3354 vertenda,
1363 3282 1450 3358 quod
1470 3281 1535 3342 nisi
1555 3299 1592 3342 os
1615 3282 1728 3361 iniqua
1755 3282 1962 3362 loquentium

1166 3377 1365 3450 obstruatur,
1390 3379 1550 3440 nilrestet
1575 3381 1653 3456 quin
1675 3381 1824 3456 praedicti
1841 3383 1963 3444 fratres

1165 3475 1414 3551 privilegiorum
1438 3493 1574 3536 suorum
1593 3477 1725 3552 penitus
1745 3476 1961 3553 frustrentur,

1165 3587 1224 3648 per
1238 3572 1325 3649 quod
1340 3573 1389 3634 illi
1400 3589 1466 3634 non
1476 3575 1544 3635 tam
1557 3573 1681 3636 eisdem
1693 3573 1851 3638 fratribus
1862 3592 1962 3654 quam

1165 3669 1260 3730 nobis
1275 3670 1431 3748 injuriari
1443 3670 1636 3746 probantur,
1650 3672 1728 3732 dum
1739 3675 1855 3734 contra
1864 3675 1959 3735 Sedis

1163 3767 1362 3842 apostolica
1377 3768 1602 3843 indulgentias
1621 3772 1821 3831 memoratos
1840 3771 1963 3832 fratres

1165 3865 1289 3924 temere
1316 3863 1512 3940 perturbare
1539 3867 1758 3942 praesumunt‚
1787 3867 1962 3930 molientes

1165 3963 1280 4021 contra
1296 3962 1417 4022 nostrae
1436 3960 1675 4037 plenitudinem
1683 3964 1867 4038 potestatis
1884 3965 1962 4026 dum

1164 4057 1294 4118 indulta
1307 4059 1422 4120 nostra
1437 4059 1660 4120 irreverenter
1674 4059 1879 4136 impugnant.
1893 4063 1962 4122 Nos

1164 4155 1342 4232 igitur,qui
1358 4155 1533 4232 praedictos
1547 4155 1665 4218 fratres
1681 4158 1818 4233 speciali
1834 4173 1962 4234 praero-

1164 4253 1275 4328 gativa
1286 4251 1473 4313 dilectionis
1488 4253 1644 4328 etgratiae
1659 4252 1900 4330 amplexamur,
1915 4259 1963 4316 ut·

1164 4350 1239 4426 pote
1254 4348 1311 4426 qui
1329 4349 1456 4427 jugiter
1478 4349 1655 4412 offerentes
1670 4351 1809 4412 Domino
1825 4368 1961 4414 suorum

1164 4446 1286 4506 vitulos
1302 4445 1465 4507 labiorum
1475 4463 1541 4508 non
1557 4447 1663 4507 solum
1679 4447 1774 4508 nobis
1786 4448 1843 4508 sed
1860 4449 1961 4510 etiam

1165 4543 1348 4603 universali
1384 4543 1534 4604 ecclesiae
1569 4544 1633 4620 piis
1662 4544 1958 4606 intercessionibus

1163 4639 1471 4714 incomparabiliter
1524 4641 1761 4716 suffragantur,
1812 4641 1961 4704 nolentes

1164 4735 1356 4811 huiusmodi
1381 4737 1616 4798 vexationibus
1648 4753 1762 4800 eorum
1795 4739 1960 4801 salubrem

1164 4833 1344 4894 amaricari
1372 4833 1527 4910 quietern,
1558 4851 1639 4911 quos
1668 4836 1776 4911 potius
1809 4838 1962 4898 tenemur

1164 4929 1805 5002 omnimodisconsolari,universitatem
1816 4937 1961 4996 vestram

1164 5043 1336 5088 monemus
1352 5028 1384 5089 et
1399 5028 1571 5090 hortamur
1585 5029 1770 5100 atteniaco
1784 5047 1843 5107 per
1855 5035 1962 5107 Apos-

1163 5124 1263 5186 tolica
1274 5125 1398 5201 scripta
1413 5124 1635 5201 praecipiendo
1652 5127 1859 5201 mandamus,
1877 5145 1961 5204 qua-

1164 5223 1261 5282 tenns
1291 5220 1499 5298 supradictos
1524 5221 1644 5284 fratres
1671 5224 1711 5285 ob
1738 5225 1960 5287 reverentiam

1164 5317 1310 5378 divinam
1330 5319 1364 5379 et
1384 5320 1532 5380 nostram
1547 5319 1708 5382 babentes
1722 5322 1756 5382 in
1775 5323 1959 5384 visceribus

1164 5414 1312 5477 caritatis
1325 5415 1373 5476 eis
1386 5415 1562 5494 privilegia
1577 5419 1609 5478 et
1624 5416 1848 5494 indulgentias
1858 5424 1961 5498 Apos-

1163 5512 1270 5573 tolicae
1283 5513 1508 5574 Sediseisdem
1519 5529 1712 5574 concesssas
1721 5515 1960 5578 inviolabiliter

1163 5611 1365 5672 conservetis
1382 5611 1413 5671 et
1437 5609 1567 5672 faciatis
1591 5609 1632 5672 ab
1657 5610 1732 5672 aliis
1751 5614 1955 5686 conservari,
