4250 6404
308 349 354 406 os
508 303 510 310 ’
930 345 1105 404 nosoau
1128 346 1171 404 ιιι
1194 347 1342 406 ornus.
1920 353 1958 412 oe

305 505 415 575 suerit,
430 504 570 567 irritetis
586 503 749 566 eumdem.
769 503 1046 572 contradictores,
1071 505 1102 564 si
1157 504 1320 582 Philippus
1351 505 1524 575 natalium,
1558 522 1618 583 pro
1649 523 1714 585 qua
1735 512 1806 587 jam
1831 511 1958 587 pridem

305 604 361 681 qui
375 603 507 674 inerint,
519 600 572 662 vel
583 601 735 672 rebelles,
748 616 986 677 percensuram
1001 602 1103 662 eccle·
1157 603 1248 665 citati
1276 603 1408 665 fuerunt
1432 603 1631 666 auctoritate
1659 607 1865 682 apostoliea,
1891 625 1959 670 res-

305 701 472 762 siasticam
502 699 724 776 appellatione
742 699 924 774 postposita
951 713 1104 775 compes·
1158 699 1313 776 pondere,
1328 717 1368 762 ac
1382 717 1567 777 proponere
1583 703 1611 760 si
1627 703 1704 778 quid
1719 704 1851 765 babent.
1866 707 1956 776 Quod

303 798 417 859 cende.
453 796 563 858 Nullis
590 797 710 858 litteris
743 795 952 857 obstantibus
979 797 1102 871 praeter
1158 798 1186 857 si
1210 797 1323 858 forsan
1339 795 1440 874 (quod
1465 797 1585 876 absitl)
1604 802 1702 876 juxta
1729 803 1959 880 prescriptam

304 910 476 954 assensum
491 893 634 970 partium
649 892 793 964 veritati,
811 892 844 953 et
859 892 1000 970 justitiae
1016 909 1105 968 prae-
1158 895 1298 955 sormam
1338 895 1467 956 absolvi
1499 896 1687 969 noluerint,
1724 899 1777 958 vel
1813 899 1960 979 absoluti

302 991 559 1068 judicantibusa
586 990 670 1050 sede
694 990 883 1064 Apostoliea
904 989 1101 1066 impetratis.
1158 991 1348 1054 mandatnm
1383 994 1575 1068 praedictum
1610 995 1870 1072 contempserint
1899 998 1960 1057 ad-

306 1088 397 1158 Quod
409 1087 508 1148 sinon
521 1102 636 1156 omnes
647 1087 699 1146 bis
710 1086 931 1163 exsequendis
942 1086 1104 1147 interesse
1159 1090 1308 1166 implere,
1323 1105 1384 1150 seu
1398 1093 1519 1154 statum
1540 1092 1754 1153 comitatuum
1770 1095 1959 1170 campania

306 1184 490 1262 potueritis,
507 1183 573 1244 duo
588 1185 735 1244 vestrum
750 1199 789 1244 ea
810 1181 1027 1244 nibilominus
1044 1199 1106 1243 ex·
1160 1190 1259 1264 atque
1270 1187 1367 1258 Briae,
1384 1187 1419 1247 in
1439 1204 1504 1263 quo
1526 1190 1622 1250 erant
1634 1191 1783 1265 ternpore
1799 1207 1862 1266 quo
1878 1191 1960 1252 dicti

305 1283 497 1358 sequantur.
527 1281 644 1341 Datum
672 1280 840 1351 Laterani,
877 1281 991 1356 quinto
1029 1280 1104 1340 idus
1161 1284 1304 1344 Erardus
1330 1285 1364 1345 et
1387 1284 1540 1361 Philippa
1556 1286 1960 1363 auctoritateApostolica

303 1378 463 1457 januarii,
480 1376 691 1454 pontificatus
704 1376 809 1438 nostri
825 1391 914 1438 anno
928 1377 1037 1438 tertio.
1161 1380 1253 1441 suere
1268 1382 1371 1453 citati,
1388 1382 1583 1458 perturbare
1604 1385 1657 1444 vel
1676 1385 1852 1444 immutare
1868 1402 1959 1461 prae-

1162 1480 1374 1554 sumpserint,
1404 1479 1509 1540 donec
1529 1482 1620 1556 justo
1638 1482 1835 1557 Apostolicae
1865 1483 1960 1544 sedis

653 1563 755 1648 XCV
1158 1575 1285 1652 judicio
1310 1576 1499 1637 declaretur
1522 1577 1632 1638 utrum
1656 1578 1728 1654 ipsa
1753 1578 1814 1638 Pb.
1842 1578 1961 1640 debeat

307 1709 359 1767 Ad
374 1705 510 1766 abbates
530 1707 630 1764 Vallis
648 1704 809 1774 Secretoe,
826 1703 943 1764 selecti
963 1705 1108 1762 loannis
1162 1673 1334 1748 illegitima
1357 1674 1516 1750 ΓΘΡΠΙΉῙ)
1546 1689 1602 1735 ⁰⁰³
1629 1679 1662 1736 ⁰t
1687 1676 1794 1736 tflsl'as
1812 1676 1960 1752 ipsorum

344 1806 382 1864 ,n
420 1805 547 1872 Vm,
582 1803 615 1861 εἰ
650 1804 816 1861 decanum
850 1801 1108 1861 Suessionemgs
1162 1771 1196 1830 in
1221 1771 1379 1847 pristinas
1403 1773 1596 1843 sententias,
1627 1771 1848 1848 appellatione
1868 1779 1962 1851 post-

347 1902 506 1962 ecciesiae.
1162 1869 1280 1944 posita,
1311 1869 1382 1929 sine
1409 1884 1508 1930 morae
1538 1869 1709 1945 dispendio
1734 1869 1910 1942 reducatis,
1928 1875 1962 1933 et

603 1990 700 2061 sian.
729 1990 807 2048 1219.

307 2107 441 2171 [bouquet
455 2103 558 2157 liacueil
573 2105 616 2154 des
630 2104 735 2162 llistor„
750 2109 769 2152 t.
788 2103 855 2160 XIX,
876 2119 901 2166 p.
922 2101 978 2152 cit.
998 2103 1106 2165 Rapaci..

569 2184 614 2234 lib.
626 2184 668 2240 ΙΙΙ,
681 2183 755 2247 epist.
768 2183 835 2247 ara]

307 2293 440 2352 Nondum
454 2291 569 2350 delinita
597 2293 695 2348 Rome
716 2291 910 2347 controversia
926 2288 1040 2361 dejure
1062 2303 1110 2345 na-

343 2381 441 2438 talium
473 2380 620 2451 Pbilippse,
650 2379 783 2451 conjugis
812 2377 911 2434 Erardi
941 2376 976 2433 de
1005 2378 1108 2445 Brenn,

343 2469 461 2526 mandat
487 2469 638 2536 Honorius,
664 2474 693 2524 ut
713 2465 797 2523 ambo
819 2465 985 2537 conspectui
1007 2480 1060 2522 suo
1078 2481 1111 2522 se

243 2551 244 2556 ’
344 2563 558 2630 representem,
582 2569 675 2626 nequa
699 2555 813 2611 interim
839 2555 1002 2625 campanie
1021 2554 1109 2610 corni·

345 2653 433 2704 tatum
447 2644 626 2718 perturbent3
649 2644 693 2700 sin
706 2643 816 2710 minus,
839 2641 1009 2699 reducantur
1024 2641 1109 2700 iidem

342 2735 371 2792 in
388 2735 521 2806 pristinas
536 2733 665 2790 ecclesie
680 2732 847 2800 sententias,
868 2729 1002 2804 aquibus
1023 2729 1107 2788 abso·

343 2825 393 2880 luti
409 2821 530 2880 inerant.

226 2918 230 2926 ”
348 2928 1025 3005 Honoriusepiscopusservusservorum
1036 2927 1107 2999 Dei,

310 3029 440 3090 dilectis
461 3027 540 3087 filiis
561 3025 667 3085 Vallis
684 3026 827 3086 secrete
855 3023 904 3102 (a)
928 3027 1111 3085 Praemons-

310 3125 469 3187 trebensis
485 3122 623 3194 ordinis,
643 3121 875 3182 laudunensis
893 3121 1056 3193 dioecesis,
1075 3123 1107 3182 S.

309 3221 473 3284 lobannis
497 3220 532 3280 in
557 3218 672 3280 vineis
689 3217 735 3296 (b)
758 3218 992 3280 suessionensi
1006 3217 1110 3278 abba-

309 3319 397 3380 tibus
412 3319 445 3380 et
467 3318 592 3378 decano
614 3315 864 3401 suessionensis
883 3314 1034 3376 ecclesiae
1050 3313 1107 3394 (c),

309 3414 493 3478 salutemet
506 3412 723 3490 apostolicam
735 3411 1010 3474 benedictionem.

352 3515 431 3572 curn
442 3512 482 3572 ad
492 3510 766 3588 supplicationem
781 3509 903 3570 nobilis
914 3510 978 3570 viri
992 3509 1110 3570 Erardi

310 3609 350 3671 de
365 3613 472 3670 Brena
487 3612 521 3668 et
535 3607 697 3684 Philippae
711 3606 827 3668 uxoris
840 3605 960 3683 ipsius,
979 3606 1108 3668 dilectis

311 3706 391 3767 tiliis
421 3703 650 3773 cisterciensi,
675 3703 913 3765 Clareuallensi
940 3704 972 3765 et
1000 3703 1108 3775 Quin-

308 3802 388 3866 tiaci
415 3801 600 3872 abbatibus,
618 3801 852 3872 cisterciensis
877 3801 1016 3872 ordinis,
1031 3817 1110 3861 nos-

309 3899 370 3962 tris
401 3899 589 3960 dederimus
623 3898 744 3960 litteris
779 3899 815 3960 in
853 3898 1034 3970 mandatis,
1073 3900 1110 3958 ut

310 3994 664 4058 excommunicationis
695 3994 876 4055 sententias
919 3993 954 4054 in
984 4009 1041 4055 eos
1077 3995 1109 4056 et

241 4081 248 4096 ¹
309 4093 518 4168 coadjutores
550 4091 700 4168 ipsorum
737 4106 797 4167 pro
831 4089 936 4152 nobili
969 4091 1108 4153 muliere

309 4189 468 4261 blancha,
493 4189 662 4250 comitissa
691 4189 892 4264 campaniae,
914 4205 953 4248 ac
967 4189 1027 4248 Tb.
1045 4204 1107 4250 co-

311 4287 402 4354 mite,
416 4286 493 4346 nato
507 4289 589 4361 ejus,
603 4286 760 4361 prolatas,
782 4287 815 4347 et
829 4285 1040 4346 interdictum
1055 4285 1109 4346 cui

309 4385 408 4444 terrae
436 4381 583 4456 ipsorum
613 4382 793 4457 suppositae
816 4383 902 4453 stunt,
936 4383 1033 4458 juxta
1053 4399 1109 4444 ec-

238 4474 240 4485 ‘
310 4479 421 4541 clesiae
434 4477 574 4538 formam
588 4476 742 4537 relaxent
755 4473 814 4554 (1),
825 4476 1018 4540 discretioni
1033 4496 1109 4541 ves-

310 4579 382 4647 trae,
395 4590 454 4651 per
464 4573 653 4650 Apostolica
666 4573 788 4649 scripta
805 4575 1012 4647 mandamus,
1026 4594 1110 4653 qua-

309 4677 417 4743 tenus,
437 4687 512 4732 cum
527 4671 651 4731 eaedem
665 4669 713 4730 sic
732 4670 857 4734 luerint
878 4672 1053 4745 relaxatae,
1069 4689 1108 4734 ac

310 4769 438 4831 edictis
450 4767 617 4829 comitissa
630 4768 663 4828 et
673 4767 791 4828 comite
801 4767 930 4831 fueritis
943 4770 1107 4847 requisiti,

309 4863 493 4942 injungatis
506 4861 640 4934 eisdem,
658 4865 694 4924 ut
708 4862 796 4924 intra
814 4865 994 4925 terminum
1012 4879 1107 4926 com·

310 4962 487 5040 petentem,
517 4975 613 5036 quem
637 4959 719 5036 ipsis
741 4961 998 5038 peremptorium
1022 4961 1109 5028 assi-

311 5055 429 5133 gnetis,
450 5069 509 5131 per
524 5069 559 5114 se
574 5053 626 5114 vel
641 5069 701 5130 per
716 5057 948 5131 procuratores
969 5055 1108 5116 idoneos

310 5151 499 5229 apostolico
521 5166 557 5212 se
573 5152 763 5227 conspectui
784 5153 1034 5227 repraesentent,
1051 5169 1109 5212 su·

311 5265 371 5326 per
385 5248 438 5308 bis
450 5263 510 5324 pro
530 5247 649 5324 quibus
664 5247 829 5324 praediotae
845 5248 967 5309 luerint
981 5250 1109 5311 senten·

310 5347 365 5408 tiae
387 5343 614 5422 promulgatae,
641 5346 790 5405 nostrum
813 5345 960 5406 audituri
975 5347 1108 5422 manda-

309 5445 391 5514 tum,
403 5442 436 5503 et
451 5442 558 5518 parati
572 5440 789 5502 nibilominus
804 5440 839 5500 in
849 5457 950 5502 causa
960 5443 1107 5520 ejusdem

348 5571 391 5642 (α)
407 5567 546 5628 conrado.
569 5567 608 5640 (b)
623 5567 751 5626 Radnllo.

347 5643 384 5712 (c)
399 5641 519 5698 Guidonl
534 5639 570 5696 de
582 5638 683 5710 Cbczy.

1164 1965 1293 2026 faciatis
1313 1966 1446 2026 easdem
1466 1966 1646 2028 sententias
1669 1967 1846 2043 publicari,
1861 1971 1960 2045 juxta

1163 2065 1312 2124 tenorem
1334 2063 1518 2126 litterarum
1543 2067 1743 2136 nostrarum,
1761 2079 1842 2142 quas
1860 2081 1963 2141 super

1163 2163 1227 2222 boc
1250 2159 1433 2222 direximus
1448 2161 1708 2238 archiepiscopis
1727 2163 1761 2222 et
1780 2162 1959 2240 episcopis,

1163 2275 1203 2320 ac
1228 2259 1304 2318 aliis
1330 2259 1546 2318 ecclesiarum
1568 2259 1715 2334 praelatis
1741 2277 1802 2337 per
1823 2263 1961 2335 Lugdu-

1164 2372 1311 2425 nensem,
1337 2355 1614 2426 Bisuntinensem‚
1639 2359 1875 2430 senonensem,
1904 2359 1963 2419 Bi-

1163 2453 1372 2522 turicensem,
1388 2455 1626 2525 Turoneusam,
1641 2457 1848 2526 Remensem,
1863 2456 1963 2516 colo-

1164 2552 1313 2611 niensem
1335 2551 1368 2610 at
1384 2553 1620 2610 Treverensem
1635 2552 1823 2628 provincias
1836 2554 1963 2614 consti-

1164 2649 1253 2709 tutis.
1271 2645 1406 2719 Quodsi
1423 2663 1488 2707 non
1503 2663 1629 2718 omnes,
1645 2648 1734 2709 etc...

1203 2744 1321 2806 Datum
1342 2743 1497 2805 Laterani
1513 2745 1540 2803 V
1555 2744 1628 2804 idus
1652 2747 1802 2822 januarii
1818 2747 1959 2822 pontiti-

1165 2843 1257 2903 catus
1273 2842 1377 2902 nostri
1400 2857 1487 2902 auno
1501 2840 1611 2902 tertio.

1499 3010 1622 3096 XCVI

1204 3147 1255 3204 Ad
1278 3143 1479 3204 abbatemet
1498 3145 1704 3205 conventum
1722 3147 1755 3206 s.
1773 3146 1922 3220 Remtqtt

1467 3251 1658 3310 lirinensis.

1460 3359 1494 3418 lo
1510 3361 1570 3434 jan.
1589 3361 1667 3419 1219.

1196 3465 1315 3531 [Regast.,
1326 3467 1371 3520 lib,
1387 3467 1418 3524 ll,
1430 3468 1504 3532 epist.
1513 3467 1568 3518 ΙΙΙ.
1580 3470 1637 3519 llss.
1651 3470 1686 3520 La
1698 3470 1774 3519 Porta
1787 3469 1821 3520 du
1836 3470 1929 3534 'rheil.]

1249 3585 1284 3642 Ut
1296 3584 1441 3640 novalium
1454 3582 1581 3641 decimas
1596 3585 1742 3656 percipere
1753 3586 1876 3643 valeant.

1203 3702 1369 3763 Honorius
1384 3700 1558 3777 episcopus
1569 3717 1696 3772 servus,
1707 3717 1880 3762 servorum
1890 3703 1961 3774 Dei,

1163 3797 1293 3860 dilectis
1309 3798 1386 3858 tiliis
1401 3796 1512 3858 abbati
1528 3797 1560 3858 et
1572 3797 1749 3861 conventui
1764 3800 1877 3861 sancti
1891 3803 1961 3860 Re-

1164 3895 1257 3970 migii
1272 3895 1456 3966 RemensiS,
1467 3895 1607 3956 salutern
1622 3896 1655 3956 et
1673 3895 1887 3972 apostolicam
1898 3896 1962 3972 be-

1164 3991 1395 4054 sedictionem.

1203 4093 1284 4150 cum
1312 4089 1441 4150 anobis
1465 4090 1588 4166 petitur
1607 4089 1691 4166 quod
1709 4091 1835 4166 justum
1857 4093 1906 4152 est
1929 4093 1964 4152 et

1164 4187 1349 4258 honestum,
1367 4189 1435 4248 tarn
1463 4187 1559 4259 vigor
1582 4187 1750 4263 aequitatis
1768 4203 1867 4264 quam
1879 4189 1963 4249 ordo

1163 4283 1268 4358 exigit
1281 4283 1422 4343 rationis
1435 4285 1470 4343 ut
1480 4283 1511 4342 id
1525 4298 1583 4358 per
1593 4282 1849 4345 sollicitudinem
1860 4284 1962 4345 oflicii

1164 4381 1269 4442 nostri
1285 4381 1326 4440 ad
1342 4379 1488 4442 debitum
1513 4381 1713 4456 perducatur
1729 4381 1892 4444 eil'ectum.
1917 4385 1963 4444 Ea

1163 4479 1307 4554 propter,
1321 4478 1432 4539 dilecti
1446 4479 1479 4538 in
1495 4478 1632 4540 Domino
1648 4476 1719 4548 filii,
1730 4479 1850 4540 vestris
1860 4481 1961 4553 justis

1165 4575 1440 4650 postulationibus
1451 4591 1510 4648 gra
1516 4577 1546 4635 to
1558 4576 1793 4637 concurrentes
1808 4591 1959 4647 assensu,

1163 4671 1359 4732 auctoritate
1385 4670 1479 4731 vobis
1510 4672 1723 4747 praesentium
1752 4672 1961 4748 indulgemus

1163 4769 1199 4829 ut
1222 4768 1309 4828 intra
1337 4768 1496 4829 terminos
1520 4769 1608 4830 inira
1628 4785 1709 4846 quos
1725 4769 1869 4831 decimas
1882 4773 1961 4832 ante

1162 4863 1318 4940 generale
1329 4864 1513 4924 concilium
1524 4866 1719 4942 percepistis
1729 4865 1962 4927 novaliumde·

1163 4961 1266 5022 cimas
1277 4961 1448 5036 percipere
1459 4961 1610 5032 valeatis,
1622 4962 1724 5024 salsis
1738 4964 1881 5024 aliorum
1896 4966 1963 5040 pri·

1162 5057 1327 5132 vilegiisa
1344 5057 1427 5118 sede
1441 5059 1630 5135 apostolica
1654 5059 1847 5136 impetratis.
1869 5061 1962 5120 Nulli

1163 5169 1242 5230 ergo
1257 5155 1391 5216 omnino
1403 5155 1575 5216 hominurn
1590 5145 1689 5217 liceat
1703 5157 1790 5218 banc
1804 5159 1960 5234 paginam

1163 5252 1285 5313 nostrae
1300 5253 1527 5314 concessionis
1546 5253 1740 5329 intringere,
1764 5256 1815 5315 vel
1832 5256 1962 5316 clausu

1162 5349 1339 5410 temerario
1360 5349 1539 5411 contraire.
1565 5351 1599 5411 si
1615 5351 1689 5425 quis
1704 5352 1815 5412 autern
1829 5353 1891 5414 boo
1906 5355 1960 5414 at-

1161 5445 1291 5506 tentare
1320 5448 1578 5523 presumpserit,
1604 5445 1867 5522 indignationem
1888 5465 1962 5510 orn-

1198 5573 1238 5647 (Ι)
1259 5575 1470 5633 Recurrendum
1498 5575 1534 5632 ad
1561 5577 1676 5633 lionorii
1707 5578 1836 5648 Litteras,
1856 5579 1902 5636 llb.
1921 5583 1958 5650 ll,

1161 5648 1244 5717 epist.
1260 5647 1374 5714 cllllll,
1388 5647 1442 5703 col.
1458 5647 1520 5714 fiii,
1535 5655 1554 5702 t.
1568 5648 1602 5703 ll.
