4280 6404
1773 177 1782 210 l

287 273 348 334 335
904 271 1080 341 HONORII
1103 271 1147 330 111
1170 271 1319 332 OPERA·
1878 277 1939 338 336

287 431 399 506 carnis
409 419 573 506 ingresso,
591 430 703 492 clerici
716 427 869 492 ecclesiae
888 429 1082 492 Lismoren-
1137 428 1249 490 missis
1265 428 1418 490 omuibus
1432 429 1467 490 in
1483 429 1597 491 nostra
1610 431 1788 507 praesentia
1801 447 1937 510 respon·

288 528 346 604 sis,
369 528 412 588 ad
436 544 519 605 quos
540 528 659 590 electio
687 527 728 588 de
747 529 825 603 jure
851 525 1032 604 spectabat,
1062 541 1083 587 a
1138 541 1249 586 surus.
1280 527 1395 588 Testes
1422 527 1545 599 antem,
1583 530 1646 590 eto.
1674 529 1750 590 Non
1785 529 1938 594 obstante

288 624 462 686 carissimo
488 625 524 686 in
551 625 681 686 Christo
716 623 786 684 filio
823 621 974 684 nostro...
1004 637 1083 697 rege
1138 624 1374 686 constitutione
1389 624 1530 685 concilii
1545 625 1725 700 generalis,
1740 643 1807 703 qua
1831 644 1934 690 cave-

286 723 470 798 Anglorum
485 722 608 784 illustri
624 721 757 784 obtenta
773 721 908 782 licentia
923 721 1080 795 eligendi,
1137 721 1203 792 tur,
1220 737 1262 781 ne
1277 722 1350 798 quis
1370 722 1457 782 ultra
1482 722 1565 783 duas
1589 723 1705 784 diaetas
1728 726 1823 786 extra
1838 741 1933 786 suam

286 836 362 881 eum
377 820 537 882 canonice
548 835 589 880 ac
604 818 812 880 concorditer
832 818 1026 894 elegissent,
1044 833 1083 878 ac
1138 816 1308 878 dioecesim
1324 817 1540 894 adjudicium
1554 820 1643 880 trahi
1659 821 1775 896 possit.
1794 822 1887 894 Quod
1903 823 1934 883 si

287 917 493 994 postmodum
508 917 666 993 predicto
689 931 769 992 rege
795 915 900 992 ipsius
927 915 1082 976 electioni
1139 929 1205 974 non
1221 931 1349 986 omnes,
1366 917 1428 976 etc.

286 1029 458 1076 assensum
469 1013 660 1075 benivolum
677 1013 896 1090 impendente,
904 1012 1083 1074 venerabi·
1178 1013 1296 1074 Datum
1311 1012 1464 1085 viterbii,
1482 1016 1527 1076 lll
1543 1013 1617 1074 idus
1635 1015 1837 1088 novembris,
1847 1033 1935 1094 pon·

285 1111 329 1172 lis
338 1111 441 1174 frater
453 1112 602 1173 noster...
617 1111 836 1172 cassellensis
850 1111 1081 1188 archiepisco·
1137 1109 1282 1170 tiflcatus
1298 1109 1402 1171 nostri
1416 1125 1504 1172 anuo
1522 1115 1652 1188 quarto.

286 1223 359 1284 pus,
375 1207 651 1284 metmpolitanus
664 1208 741 1280 loci,
752 1208 809 1285 qui
823 1208 903 1269 tunc
920 1208 954 1268 in
963 1206 1081 1282 Argita

285 1320 346 1383 pro
357 1305 509 1368 ecclesiae
521 1319 590 1367 suae
605 1305 750 1380 negotiis
762 1304 965 1376 morabatur,
976 1303 1082 1380 ipsius
1481 1260 1589 1348 XLII

285 1403 482 1466 electionem
497 1401 709 1473 confirmans,
722 1417 842 1464 munus
856 1401 1083 1462 consecratio-
1137 1385 1188 1444 Ad
1205 1386 1487 1459 w'flti'fillePO&
1506 1389 1681 1459 episcopos
1700 1388 1734 1448 θί
1754 1391 1935 1452 universos

286 1500 339 1560 nis
360 1499 576 1576 impendisset
589 1499 708 1566 eidem,
726 1499 812 1560 idem
824 1499 1081 1575 episcopuscum
1330 1485 1555 1544 ecclesiarum
1567 1483 1743 1556 llfoelatol·

285 1597 519 1674 praedictorum
532 1597 621 1672 regis
639 1597 672 1657 et
695 1595 938 1673 archiepiscopi
961 1595 1082 1656 litteris
1431 1597 1640 1654 linoroliis.

284 1695 326 1756 nd
363 1711 459 1756 suum
492 1695 718 1771 episcopatum
754 1697 936 1766 revertens,
975 1693 1082 1769 ipsius
1246 1700 1393 1764 tntisper,
1407 1702 1515 1754 svenne
1531 1702 1595 1768 dipl.
1612 1704 1632 1762 1,
1650 1703 1703 1762 tos,
1716 1717 1741 1754 n.
1761 1704 1827 1768 ils]

283 1793 417 1869 plenam
435 1792 679 1868 possessionem
704 1794 772 1853 tam
793 1791 827 1852 in
843 1789 1081 1868 temporalibus
1136 1797 1253 1856 Mandat
1272 1806 1302 1856 ut
1319 1797 1420 1857 fratres
1435 1802 1543 1858 ordinis
1556 1801 1779 1861 predicatorum
1795 1803 1936 1862 benevole

286 1905 384 1966 quam
400 1889 435 1950 in
452 1888 683 1966 spiritualibus
706 1889 756 1950 est
778 1889 926 1966 adeptus.
944 1891 1081 1950 Demum
1173 1888 1328 1960 recipiens
1344 1889 1407 1946 illos
1422 1896 1517 1947 autem
1535 1891 1582 1962 qui
1598 1899 1713 1964 propter
1735 1894 1846 1952 lucrum
1866 1910 1935 1969 prae

283 2003 363 2050 vero
378 1986 516 2064 praefato
532 1985 908 2064 opiscopoepiscopatus
918 1986 969 2046 sui
984 1986 1081 2062 plena
1174 1975 1278 2044 dicent,
1293 1977 1424 2048 williw-

284 2083 494 2161 possessione
528 2085 705 2158 gaudente,
735 2087 774 2146 R.
798 2083 1082 2145 waterfordensis
1176 2085 1361 2156 Honorius,
1389 2087 1464 2158 etc,
1494 2086 1743 2150 venerabilibus
1777 2090 1934 2154 fratribus

268 2181 473 2258 episcopus,
498 2182 613 2240 contra
629 2196 725 2256 quem
744 2179 839 2240 bonae
864 2181 1032 2242 memoriae
1055 2182 1079 2238 l.
1137 2180 1406 2258 archiepiscopis,
1415 2183 1579 2260 episcopis
1590 2185 1761 2248 etdilectis
1770 2188 1851 2249 liliis
1862 2191 1936 2250 uni·

285 2293 370 2354 papa
384 2277 610 2354 praedecessor
620 2279 744 2348 noster,
757 2281 905 2353 ternpore
914 2276 1081 2353 generalis
1137 2277 1242 2336 versis
1257 2278 1474 2339 ecclesiarum
1490 2281 1637 2356 praelatis
1652 2282 1694 2342 ad
1716 2300 1799 2360 quos
1812 2285 1933 2348 litterae

286 2373 439 2447 Consilii,
453 2389 526 2435 cum
542 2373 606 2434 sibi
622 2389 681 2450 per
706 2374 1034 2450 archiepiscoporum
1049 2375 1082 2434 et
1136 2374 1208 2434 istae
1219 2376 1443 2450 pervenerint,
1454 2377 1595 2438 salutem
1611 2381 1643 2441 et
1654 2381 1936 2456 apostolicambe-

284 2472 516 2550 episcoporum
531 2471 700 2534 Hiberniae
715 2473 934 2534 assertionem
949 2475 1082 2534 consta·
1137 2470 1369 2534 nedictionem.

285 2571 349 2639 ret,
365 2570 591 2648 episcopatum
606 2570 713 2646 ipsum
729 2569 898 2630 abeodem
925 2570 1081 2646 episcopo
1176 2569 1256 2628 Cum
1281 2569 1338 2646 qui
1352 2571 1516 2649 receperit
1532 2573 1738 2650 prophetam,
1751 2575 1787 2636 in
1801 2579 1934 2639 nomine

286 2683 347 2744 per
368 2667 560 2729 violentiam
586 2667 739 2738 detineri,
764 2666 974 2728 diffinitivam
998 2683 1080 2728 sen·
1137 2666 1936 2751 prophetae,mercedemprophetaeaccipiat,uni·

284 2765 422 2826 tentiam
440 2765 678 2842 promulgarat,
691 2765 798 2826 eidem
814 2781 915 2841 super
928 2765 992 2826 boo
1005 2781 1083 2842 per·
1136 2764 1287 2825 versitati
1297 2768 1417 2826 vestrae
1430 2765 1520 2826 viros
1536 2769 1771 2844 predicatores
1784 2773 1933 2834 ecclesiae

285 2864 420 2939 petuam
443 2862 611 2924 silentium
631 2862 841 2938 imponendo,
857 2861 898 2924 de
917 2863 1080 2924 sententia
1137 2863 1261 2922 sanctae
1277 2863 1558 2937 pernecessarios,
1574 2881 1633 2941 pro
1653 2869 1793 2945 eoquod
1816 2869 1935 2930 minis·

287 2957 362 3035 ipsa
388 2974 454 3020 non
484 2959 609 3020 faciens
635 2960 848 3031 mentionem,
878 2975 898 3019 a
923 2960 1081 3036 praedicto
1136 2959 1227 3019 trant
1242 2957 1397 3034 pabulum
1410 2961 1503 3022 verbi
1516 2963 1586 3034 Dei,
1599 2965 1717 3026 merito
1727 2967 1935 3028 commenda·

284 3075 365 3136 rege
407 3073 467 3134 per
504 3056 763 3133 subreptionem,
798 3073 898 3134 snper
941 3058 1080 3119 restitn-
1136 3070 1222 3125 mus,
1234 3057 1269 3116 ut
1280 3070 1323 3115 ex
1338 3055 1401 3117 hoc
1414 3058 1598 3118 mercedem
1608 3060 1703 3121 vobis
1718 3062 1933 3140 incompara-

282 3158 376 3219 tione
403 3154 467 3216 sibi
495 3154 658 3226 facienda,
675 3169 716 3214 eo
742 3154 906 3230 praetextu
926 3153 1082 3217 videlicet
1137 3149 1237 3212 bilem
1266 3155 1477 3229 comparetis.
1503 3156 1589 3217 Hinc
1611 3159 1662 3218 est
1687 3159 1774 3234 quod
1796 3160 1934 3222 dilectos

286 3253 371 3332 quod
396 3251 622 3330 episcopatum
644 3251 753 3327 ipsum
776 3252 869 3328 prius
893 3252 1082 3314 detinuerat
1138 3247 1224 3308 lilios
1260 3249 1379 3310 fratres
1412 3249 1540 3311 ordinis
1577 3253 1852 3327 Praedioatorum,
1876 3259 1934 3333 qni

285 3351 493 3428 occupatum,
528 3350 687 3427 quasdam
715 3349 844 3412 litteras
878 3349 1080 3426 impetravit,
1137 3347 1364 3420 paupertatem
1387 3347 1421 3407 et
1445 3347 1547 3408 vitam
1572 3349 1760 3423 regularem
1788 3352 1933 3429 professi

284 3463 426 3525 quarum
458 3448 633 3509 occasione
670 3447 758 3507 idem
798 3447 1080 3508 waterfordensis
1136 3439 1228 3500 verbi
1244 3441 1302 3501 Dei
1321 3442 1399 3502 sunt
1410 3444 1685 3518 evangelizationi
1702 3447 1851 3509 totaliter
1865 3449 1930 3510 de-

284 3545 479 3624 praedictum
513 3545 757 3606 Lismorensem
792 3545 984 3620 episcopatu
1020 3560 1079 3605 suo
1136 3537 1252 3613 putati,
1268 3537 1362 3600 vobis
1377 3538 1533 3600 duximus
1549 3543 1746 3618 propensius
1761 3559 1933 3607 commen-

284 3661 345 3725 per
358 3643 510 3706 laicalem
534 3643 618 3716 fecit,
634 3642 827 3720 potentiam,
855 3641 1080 3718 praetermisso
1136 3633 1272 3696 dandos.
1296 3637 1552 3700 Universitatem
1564 3643 1710 3701 vestram
1729 3645 1889 3718 rogantes
1901 3645 1935 3706 et

282 3742 371 3822 juris
403 3741 531 3812 ordine,
558 3740 707 3817 spoliari,
738 3741 771 3801 et
798 3741 914 3801 contra
928 3740 1079 3816 jamdicti
1135 3730 1305 3794 hortantes
1316 3734 1524 3796 attentiusac
1532 3751 1591 3812 per
1600 3740 1791 3813 Apostolica
1805 3742 1932 3818 scripta

257 3837 541 3917 praedecessoris
575 3837 681 3899 nostri
722 3837 919 3899 sententiam
955 3838 1079 3898 temero
1137 3829 1229 3890 vobis
1244 3830 1450 3903 mandantes,
1471 3836 1634 3909 quatenus
1650 3851 1750 3912 quum
1766 3837 1933 3914 adportes

284 3935 435 4008 veniens,
449 3935 673 4012 episcopatum
698 3935 806 4011 ipsum
826 3933 951 3996 detinet
975 3947 1079 3996 occu·
1134 3929 1264 3988 vestras
1281 3931 1485 3992 accesserint
1498 3930 1539 3992 ad
1555 3931 1759 4008 praedicendi
1774 3935 1932 4008 officium,

285 4033 411 4111 patum,
430 4049 497 4100 non
521 4033 593 4093 sine
614 4032 812 4110 apostolicae
837 4032 933 4094 Sedis
957 4031 1080 4108 injuria
1135 4023 1176 4084 ad
1192 4023 1277 4101 quod
1293 4025 1440 4102 deputati
1456 4031 1543 4100 eunt,
1566 4030 1741 4092 caritative
1762 4032 1934 4109 recipiatis

286 4131 320 4192 et
334 4130 554 4192 Lismorensis
569 4131 721 4192 ecclesiae
737 4129 884 4192 laesione.
902 4129 985 4201 Quia
1001 4143 1079 4188 vero
1136 4123 1280 4195 eosdem,
1305 4127 1339 4184 et
1357 4126 1496 4202 populos
1518 4125 1612 4188 vobis
1627 4129 1823 4190 commissos
1838 4131 1876 4192 ut
1891 4146 1934 4193 ox

284 4227 387 4290 tantae
398 4227 596 4291 temeritatIs
608 4243 781 4290 excessum
790 4227 980 4302 relinquere
987 4224 1082 4288 nolu·
1136 4235 1194 4281 ore
1206 4221 1354 4298 ipsorum
1370 4221 1462 4284 verbi
1478 4224 1537 4284 liei
1553 4238 1666 4286 semen
1684 4225 1802 4288 devote
1821 4227 1933 4288 susci·

285 4341 360 4388 mus
386 4325 620 4399 incorrectum,
651 4325 846 4386 discretioni
871 4325 991 4385 vestrae
1022 4339 1082 4400 per
1137 4317 1243 4393 piant,
1269 4319 1384 4381 sedulo
1408 4320 1642 4395 admonentes,
1675 4337 1735 4399 pro
1760 4323 1873 4386 divina
1901 4327 1934 4387 et

285 4421 476 4498 apostolica
496 4421 620 4498 scripta
634 4421 843 4491 mandamus,
859 4423 1034 4496 quatenus,
1052 4421 1080 4481 si
1137 4419 1250 4478 nostra
1266 4419 1457 4480 reverentia
1471 4419 1506 4478 in
1522 4420 1592 4480 suis
1609 4421 1658 4481 eis
1677 4421 1932 4484 necessitatibus

286 4519 407 4588 estita,
430 4519 589 4579 remotoa
613 4517 752 4594 praefato
776 4517 972 4593 episcopatu
992 4533 1079 4592 quo·
1136 4512 1280 4576 fideliter
1304 4515 1485 4587 assistatis,
1516 4520 1678 4594 quatenus
1707 4518 1748 4579 ad
1775 4520 1932 4596 praedicta

286 4614 368 4678 libet
378 4614 496 4676 illicito
508 4613 690 4686 detentore,
708 4614 817 4690 ipsum
831 4629 905 4674 cum
920 4613 1085 4695 fructibus,
1137 4601 1348 4686 suscipienda
1369 4613 1491 4674 vestris
1511 4613 1800 4676 exhortationibus
1819 4617 1932 4694 populi

285 4711 363 4774 inde
377 4710 541 4788 perceptis
553 4710 740 4773 restituatis
763 4709 901 4788 praefato
925 4711 1080 4788 episcopo
1137 4709 1316 4784 praeparati
1329 4711 1486 4785 unquam
1501 4708 1587 4770 bona
1601 4713 1633 4772 et
1644 4710 1816 4774 fructifera
1828 4715 1930 4786 terra,

286 4808 503 4880 Lismorensi,
528 4810 562 4870 et
589 4807 720 4870 faciatis
758 4808 909 4870 eumdem
942 4809 1080 4886 pacifica
1137 4821 1195 4881 pro
1221 4805 1375 4866 vitiorum
1398 4806 1530 4867 tribulis
1551 4808 1715 4885 incipiant
1728 4825 1841 4872 semen
1856 4825 1934 4886 ger-

285 4903 392 4982 ipsins
409 4906 621 4980 possessione
637 4907 795 4981 gaudere,
820 4907 1080 4970 contradictores
1137 4904 1266 4964 minare
1278 4903 1934 4985 virtutumetdictifratrespercoopera-

286 5015 538 5080 percensuram
560 5002 833 5074 ecclesiasticam,
857 4988 1081 5080 appellatione
1137 5001 1261 5062 tionem
1281 5005 1426 5063 vestram
1441 5003 1587 5078 suscepti
1607 5005 1784 5066 ministerii
1799 5019 1933 5068 cursum

286 5098 482 5177 postposita,
502 5099 752 5176 compescendo.
783 5103 820 5164 lit
843 5117 886 5164 ne
904 5101 1081 5178 saepefatus
1136 5097 1267 5160 felicius
1280 5100 1517 5172 consumendo,
1533 5103 1682 5179 optatum
1700 5103 1933 5180 reportentsui

285 5193 567 5258 waterfordensis
594 5196 634 5257 de
667 5197 925 5275 praesumptione
957 5198 1079 5274 huins-
1136 5197 1260 5258 laboris
1275 5195 1418 5258 fructum
1433 5199 1467 5260 et
1489 5198 1599 5271 finem,
1616 5201 1757 5262 salutem
1779 5200 1935 5264 videlicet

284 5293 376 5355 modi
400 5293 608 5356 commodum
636 5307 674 5356 se
704 5295 848 5370 gaudeat
877 5295 1078 5372 reportasse,
1136 5295 1335 5355 animarum.
1352 5295 1437 5365 Quia
1446 5311 1526 5356 uero
1541 5311 1630 5374 saepe
1642 5296 1724 5358 vitia
1738 5297 1800 5358 sub
1822 5298 1935 5374 specie

233 5407 235 5414 ·
285 5389 350 5466 ipsi
378 5389 577 5452 auctoritate
607 5392 797 5468 Apostolica
827 5393 1022 5470 injungatis,
1046 5396 1081 5455 ut
1137 5396 1296 5455 virtutum
1312 5394 1442 5454 occulte
1456 5393 1644 5456 subintrant
1658 5395 1691 5456 et
1712 5395 1852 5472 angelus
1867 5399 1933 5456 Sa-

285 5487 373 5550 infra
388 5488 514 5550 certum
528 5491 658 5566 tempus
682 5491 919 5566 praeligendum
945 5508 965 5552 a
988 5491 1081 5552 vobis
1135 5492 1223 5552 tanae
1237 5491 1273 5550 in
1288 5493 1444 5568 angelum
1464 5491 1549 5552 lucis
1564 5491 1758 5569 plerumque
1770 5494 1935 5555 'simulate

285 5585 399 5646 nostro
411 5587 647 5664 seconspeotui
656 5592 880 5666 repraesentet,
891 5599 991 5666 super
999 5605 1083 5667 prae·
1136 5607 1172 5650 so
1182 5590 1406 5661 transformat,
1415 5589 1628 5666 presentium
1638 5577 1936 5654 vobisauctoritato

2127 183 2135 558 l
