4300 6392
341 247 400 305 387
892 259 894 267 “
962 247 1137 309 HONORII
1160 249 1204 310 111
1226 251 1372 314 OPERA.

341 405 427 478 culo,
452 405 545 470 adid
579 424 638 486 per
672 425 845 472 censuram
873 408 1134 471 ecclesiasticam

340 506 539 582 compellere
567 523 632 568 non
655 508 795 570 emittat.
823 508 984 579 Quocirca
1006 508 1135 569 discre-

339 601 421 662 tioni
445 604 565 664 vestrae
591 621 650 681 per
681 605 870 681 Apostolica
897 605 1021 682 scripta
1046 621 1133 682 prae-

339 700 490 775 cipiendo
523 701 737 772 mandamus,
769 698 943 778 quatenus,
967 703 996 762 si
1024 703 1133 764 dietus

338 797 512 874 episcopus
537 800 736 875 praeceptum
764 803 915 860 nostrum
946 800 1134 875 neglexerit

337 895 529 970 adimplere,
541 896 638 956 vossi
648 897 703 972 qui
717 897 915 957 clericerum
928 897 1076 973 ipsorum
1085 899 1133 959 ul·

336 990 388 1050 tra
406 991 598 1067 preadictum
617 995 747 1070 tempus
775 994 905 1056 solvere
930 995 1128 1067 distulerint,

335 1085 376 1148 de
390 1090 571 1150 memorata
587 1091 728 1168 pecunia
743 1095 870 1167 partem
892 1107 985 1152 suam
1010 1092 1132 1169 praeter

334 1187 690 1248 excommunicationis
702 1189 900 1249 sententiam
913 1205 1011 1265 quam
1022 1190 1131 1251 incur-

333 1286 418 1354 rent,
434 1285 571 1346 extunc
594 1299 651 1346 ees
671 1285 712 1345 ad
738 1286 904 1360 integram
930 1287 1129 1348 solutionem

333 1379 512 1453 vicesimae,
545 1397 605 1458 per
645 1397 819 1445 censuram
855 1383 1127 1458 eeclesiasticam,

334 1476 553 1554 compellatis.
570 1479 662 1550 Quod
678 1479 717 1550 si,
732 1482 795 1542 ete.

374 1575 490 1634 Datum
498 1574 1128 1654 viterbil,idusfebruarii,pontiflcatus

333 1670 438 1733 nostri
450 1687 538 1732 anne
554 1680 683 1749 quarte..

516 1885 521 1896 ’
649 1861 807 1948 LXXXI

331 1992 383 2052 Aci
395 1993 577 2053 ceninenses
590 1996 876 2069 archiepiscopos,
897 1995 931 2056 et
952 1999 1127 2072 episcopos

472 2101 540 2162 per
555 2091 755 2151 Teeteeiem
765 2091 977 2154 constitutos.

630 2211 662 2269 le
675 2209 731 2269 feb.
749 2212 828 2272 itio.

511 2323 623 2390 [scheid.
634 2325 716 2390 Oriza.
726 2325 808 2378 Gueii.
819 2327 863 2386 ih,
878 2326 946 2393 cis]

329 2429 501 2500 Conradum,
526 2440 625 2506 postea
650 2431 926 2490 hildesheimensem
947 2435 1124 2508 episcopum,

450 2521 611 2580 Germania
631 2521 799 2593 presulibus
813 2521 1007 2582 commendat.

368 2637 547 2710 Honorius,
585 2638 660 2709 etc,
695 2639 942 2702 venerabilibus
966 2638 1125 2702 fratribus

329 2733 495 2794 universis
530 2735 791 2813 archiepiscopis
815 2739 848 2799 et
878 2738 1056 2814 episcopis,
1092 2739 1125 2800 et

328 2831 457 2892 dilectis
487 2830 565 2892 tiliis
591 2831 784 2906 abbatibus,
810 2834 1121 2912 archipresbyteris,

326 2927 584 3000 archidiaconis,
600 2931 788 3005 praepositis
808 2932 842 2994 et
860 2931 937 2992 aliis
962 2933 1123 2992 ecclesia-

326 3039 400 3086 rum
417 3025 562 3102 praelatis
574 3029 837 3102 perTeuteniam
853 3029 1054 3101 constitutis,
1067 3044 1124 3090 sa·

326 3121 429 3184 lutam
444 3124 477 3185 et
492 3123 707 3199 apostolicam
726 3124 1000 3187 benedictionem.

366 3221 435 3282 Etsi
450 3223 522 3298 eius
537 3221 700 3298 exemplo,
718 3223 770 3284 eui
787 3238 901 3284 sumus
916 3223 995 3286 licet
1008 3225 1123 3285 imme·

324 3318 382 3381 riti
396 3319 515 3380 vicarii
537 3319 719 3391 constituti,
742 3319 828 3396 qued
844 3321 903 3380 uni
918 3336 961 3381 ex
975 3322 1122 3384 minimis

324 3415 449 3478 nostris
476 3414 522 3486 dt,
544 3413 639 3476 nobis
665 3416 738 3477 deri
763 3417 965 3493 reputantes,
990 3422 1122 3482 uestros

325 3511 489 3589 quoslibet
504 3511 647 3576 volimus
667 3514 827 3574 honorari
848 3515 1029 3588 ministres,
1053 3515 1121 3578 illis

323 3611 436 3670 minen
455 3609 616 3671 honorem
633 3610 819 3673 exhibitum
833 3612 977 3689 amplius
998 3627 1120 3690 accep-

324 3709 445 3778 tamus,
466 3705 585 3784 quibus
607 3709 736 3784 majera
756 3708 937 3770 secundum
951 3711 1120 3786 propriam

325 3804 467 3880 gratiam
484 3805 735 3878 committentes,
753 3806 897 3867 bonores
912 3805 1121 3887 decernimus

324 3901 503 3978 digniores,
528 3902 614 3979 qued
636 3901 735 3964 facile
749 3904 962 3978 cognoscitur
985 3919 1028 3966 ex
1047 3904 1120 3982 ipsa

322 3999 500 4062 ministerii
515 3999 686 4077 qualitate.
703 4001 788 4062 Hinc
804 4001 951 4078 estquod
962 4001 1120 4064 dilectum

322 4097 428 4159 filium
442 4099 637 4174 magistrum
646 4097 846 4169 conradum,
863 4099 1075 4175 capellanum
1087 4103 1120 4161 et

322 4196 604 4274 poenitentiarium
618 4195 778 4268 nestrum,
796 4195 1032 4258 scholasticum
1042 4199 1119 4258 Ma-

323 4293 510 4368 guntinum,
526 4292 636 4353 virum
649 4293 763 4369 utique
778 4295 945 4369 potentem
968 4295 1003 4356 in
1020 4309 1120 4371 opere

324 4392 357 4452 et
366 4389 508 4461 fervere,
521 4403 618 4466 quem
629 4389 669 4450 ad
679 4391 972 4465 evangelizandum
983 4391 1120 4452 verbum

324 4487 433 4549 erucis
466 4486 501 4548 iu
537 4485 687 4562 partibus
708 4487 878 4549 heutonis
915 4487 1120 4565 providimus

325 4583 568 4656 destinandum,
584 4583 678 4646 vobis
693 4585 889 4661 propensius
905 4585 1120 4646 commenda-

324 4699 410 4754 mus,
418 4681 628 4744 universitati
636 4684 755 4744 vestrae
762 4680 1121 4758 parapostolicascrip·

323 4783 357 4842 ta
369 4779 574 4850 mandantes,
591 4779 754 4856 quatenus
763 4778 868 4840 eidem
877 4778 912 4838 in
921 4779 1120 4840 necessariis

325 4879 359 4940 et
372 4892 489 4938 secure
502 4877 623 4938 ducatu
637 4875 820 4937 liberaliter
834 4875 1009 4951 previdere
1023 4891 1122 4938 cure-

323 4975 378 5048 tis,
400 4975 445 5037 ita
461 4975 498 5036 ut
513 4990 600 5042 cum,
628 4973 684 5050 qui
708 4973 827 5048 recipit
850 4972 1056 5048 prophetam,
1085 4973 1120 5034 in

323 5072 646 5150 nomineprephetae,
659 5070 845 5131 mercedem
858 5069 1028 5146 prophete
1038 5072 1121 5132 reci·
1151 5103 1152 5106 =

324 5187 403 5249 pere
442 5169 620 5239 mereatur,
656 5169 759 5228 Deum
789 5167 969 5242 propitium
998 5168 1033 5229 et
1058 5183 1119 5229 uos

322 5269 418 5332 vebis
431 5267 552 5329 exinde
572 5264 718 5325 reddatis
733 5262 934 5324 favorabiles
949 5263 983 5325 et
996 5263 1119 5341 benig-

313 5382 395 5428 nes.

364 5467 482 5526 Datum
496 5459 648 5531 viterbii,
661 5460 736 5520 XIV
757 5457 826 5520 kal.
842 5459 965 5532 martii,
981 5459 1117 5537 pontifl-

323 5565 418 5622 catus
433 5560 539 5622 nestri
553 5572 640 5618 anno
656 5557 784 5633 quarte.

1495 437 1675 528 LXXXII

1311 572 1363 632 Ad
1383 575 1567 634 ateieerses
1588 575 1718 637 Ghrhti
1735 574 1861 648 fideles.

1454 685 1486 743 17
1502 685 1625 743 februar.
1644 688 1723 746 laad.

1391 790 1505 854 fflymcr,
1519 793 1588 844 Foed.
1607 791 1628 850 I,
1640 807 1659 852 r,
1673 793 1714 852 oi,
1723 794 1783 857 eta]

1187 887 1272 959 linge
1294 887 1469 946 Lineelnien.
1496 889 1649 964 episcopus
1672 871 1836 950 sanctorum
1850 893 1986 968 catalogo

1221 974 1406 1046 adscribitur;
1435 991 1500 1034 cum
1524 977 1650 1049 caerem,
1667 987 1700 1037 ut
1723 979 1771 1038 die
1798 980 1985 1055 depositienis

1221 1063 1320 1135 ipsius,
1338 1064 1468 1137 eiusdem
1492 1061 1632 1124 eervices
1658 1069 1741 1127 annis
1761 1069 1885 1142 singulis
1905 1071 1980 1130 cele·

1220 1150 1326 1210 bretur.

1225 1251 1392 1312 Honorius
1408 1251 1582 1330 episcopus
1596 1269 1712 1316 servus
1723 1271 1895 1320 serverum
1908 1258 1981 1332 bei,

1185 1346 1316 1413 dilectis
1356 1349 1436 1410 filiis
1469 1351 1638 1412 universis
1671 1352 1794 1414 Christi
1828 1354 1983 1418 fidelibus

1184 1446 1383 1520 praesentem
1395 1447 1551 1522 paginam
1566 1449 1776 1525 inspecturis,
1791 1451 1932 1515 salutem
1946 1453 1980 1516 et

1184 1542 1400 1618 apostolicam
1414 1543 1689 1606 benedictionem.

1224 1639 1353 1701 Divinae
1370 1639 1519 1715 dignatio
1534 1641 1678 1717 pietatis,
1696 1645 1830 1706 sanctes
1846 1645 1880 1708 et
1893 1641 1978 1708 elec·

1182 1736 1234 1796 tes
1258 1752 1336 1797 sues
1351 1737 1386 1796 in
1406 1737 1550 1800 coelestis
1560 1739 1656 1814 regni
1671 1739 1832 1803 felicitate
1845 1742 1973 1806 locatos

1182 1832 1291 1894 adhuc
1307 1834 1342 1894 in
1374 1836 1466 1897 terra
1487 1836 1724 1897 miraculorum
1745 1841 1976 1902 coruscatione

1182 1930 1356 2003 clarificat,
1371 1934 1406 1994 ut
1424 1931 1577 1993 fidelium
1597 1948 1657 2009 per
1676 1933 1740 1996 hoe
1753 1937 1898 1998 excitata
1913 1937 1975 1999 de·

1181 2028 1270 2089 vetio
1299 2043 1413 2089 eorum
1437 2027 1602 2106 suffragia
1631 2029 1731 2107 digna
1757 2034 1973 2096 veneratione

1182 2124 1371 2201 deposcant.
1409 2127 1515 2197 Quum
1552 2126 1657 2202 igitur
1699 2130 1823 2190 sanctae
1857 2145 1974 2194 recor-

1181 2222 1325 2285 dationis
1347 2225 1519 2299 nugonem
1541 2223 1806 2288 Lineelniensem
1838 2228 1974 2304 episce-

1147 2337 1148 2340 ’
1180 2335 1269 2396 pum,
1299 2335 1398 2398 quem
1423 2320 1511 2382 sicut
1536 2320 1633 2383 uobis
1655 2321 1806 2398 plenarie
1831 2325 1973 2397 constat,

1181 2415 1287 2478 divini
1310 2418 1458 2480 muneris
1480 2418 1619 2494 largitas
1642 2419 1710 2480 tam
1725 2419 1761 2480 iu
1776 2419 1855 2492 vita,
1872 2436 1973 2497 quam

1178 2513 1281 2601 etiam
1307 2515 1381 2590 post
1411 2515 1537 2577 vestem
1572 2515 1784 2578 mortalitatis
1822 2517 1973 2591 exuam,

1180 2610 1364 2687 insignium
1385 2612 1623 2674 miraculorum
1642 2612 1855 2675 multitudine
1868 2614 1973 2676 illus·

1180 2708 1288 2779 trarit,
1317 2710 1507 2770 sanctorum
1534 2709 1686 2786 catalogo
1712 2709 1972 2788 adscripsimus;

1180 2805 1429 2867 universitatem
1443 2806 1589 2867 vestram
1603 2821 1786 2879 monemus,
1809 2807 1973 2870 exhorta-

1178 2901 1300 2964 murin
1323 2903 1647 2980 Domine,quatenus
1674 2907 1747 2980 ejus
1763 2905 1850 2980 apud
1866 2907 1971 2968 Deum

1178 2998 1364 3074 patrocinia
1391 2997 1508 3061 devote
1533 2998 1727 3074 imploretis.
1743 3000 1793 3062 Ad
1814 3000 1886 3062 haec
1900 3002 1972 3064 sta·

1177 3094 1319 3166 tuentes,
1332 3095 1368 3156 ut
1393 3095 1447 3156 die
1462 3095 1677 3172 depositionis
1697 3096 1805 3174 ipsius
1819 3097 1970 3174 ejusdem

1178 3191 1341 3254 festivitas
1367 3191 1464 3253 anuis
1488 3191 1629 3268 siugulis
1643 3193 1762 3255 devote
1787 3193 1968 3256 decaetero

1177 3288 1374 3350 celebretur.
1382 3288 1621 3361 DaiaViterbii,
1629 3291 1706 3351 x111
1714 3289 1875 3354 kalendas
1884 3306 1970 3354 mar·

1177 3385 1216 3446 tii
1230 3385 1441 3464 pontificatus
1452 3387 1558 3448 uestri
1570 3401 1658 3449 aune
1674 3388 1805 3464 quarto.

1473 3563 1673 3652 LXXXIII

1308 3697 1594 3770 eumeneticam
1614 3699 1655 3758 dc
1676 3696 1834 3773 aeneae.

1402 3855 1404 3860 .
1469 3807 1504 3865 20
1519 3805 1575 3864 feb.
1601 3809 1680 3865 libo,

1328 3912 1500 3978 [Sudandert
1511 3913 1603 3978 liegist.
1617 3913 1660 3972 ill,
1671 3913 1710 3972 aa,
1723 3924 1751 3964 a·
1767 3913 1821 3978 alt]

1175 4009 1974 4100 Mandatutcuspensieeisetcncemmunicationisseng

1211 4101 1347 4157 tentiaca
1367 4101 1505 4173 magistre
1517 4097 1647 4158 Conrado
1666 4099 1750 4170 latas,
1770 4097 1972 4160 invielabiliter

1212 4187 1359 4246 observari
1374 4187 1472 4246 faciat.

1215 4293 1971 4372 Honorius,etc.‚dilectisfiliis..praepositede

1175 4395 1350 4468 Hengue...
1362 4391 1490 4453 custodi
1505 4391 1538 4452 et
1549 4391 1708 4468 magistro
1722 4391 1891 4453 Salomoni
1907 4407 1971 4454 ca-

1175 4487 1970 4566 uonicoiierbipelensi,salutemetapestolicam

1175 4585 1450 4648 benedictionem.

1215 4684 1298 4756 Quia
1325 4682 1474 4759 perversi
1498 4681 1636 4744 difficile
1664 4683 1896 4758 corriguntur,
1921 4681 1969 4743 li-

1174 4779 1292 4842 benter
1307 4797 1343 4842 se
1358 4781 1474 4842 centra
1489 4795 1567 4841 suos
1593 4779 1727 4855 erigunt
1752 4780 1969 4851 correctores,

1175 4877 1336 4953 eligentes
1357 4878 1464 4954 petius
1486 4878 1521 4937 in
1536 4891 1596 4936 sua
1610 4877 1875 4952 computrescere
1892 4891 1971 4937 cer-

1174 4974 1304 5050 ruptela
1325 4989 1423 5050 quam
1446 4973 1615 5049 aprepria
1637 4971 1835 5049 resipiscere
1853 4972 1970 5049 pravi-

1174 5071 1252 5141 tate,
1283 5070 1377 5146 quasi
1402 5069 1509 5131 feedus
1535 5085 1610 5129 cum
1635 5070 1740 5130 morte
1771 5067 1911 5130 fecerint
1935 5069 1970 5130 et

1174 5183 1249 5228 cum
1281 5165 1414 5227 inferne
1451 5166 1589 5228 inierint
1625 5165 1823 5241 pactionem.
1861 5168 1969 5237 Quum

1174 5263 1263 5326 enim
1276 5263 1396 5324 dilecte
1412 5262 1480 5323 illie
1493 5263 1651 5337 magistro
1662 5261 1825 5332 Conrado,
1838 5261 1967 5323 scolas-

1173 5361 1240 5423 tlce
1255 5360 1460 5436 Maguntino‚
1477 5359 1651 5437 capellano
1666 5361 1698 5421 et
1719 5357 1970 5435 poenitentiario

1174 5459 1299 5528 nostro,
1316 5457 1440 5518 nestris
1462 5455 1541 5517 elim
1563 5455 1770 5517 dedissemus
1791 5455 1911 5516 litteris
1931 5455 1967 5516 in

1174 5555 1353 5623 mandatis,
1370 5558 1405 5615 ut
1420 5553 1630 5629 presbyteres
1644 5555 1676 5614 et
1688 5552 1923 5613 alieseleriees
1934 5553 1971 5612 in

2127 865 2130 940 l
