4280 6404
181 463 268 527 allas
283 458 412 526 litteras
425 463 461 524 ln
474 461 579 524 torma
593 461 800 542 simpllcead
804 507 864 524 .....
879 461 981 524 deca-
1037 460 1167 534 clasiae,
1182 475 1264 540 quas
1282 461 1358 522 ante
1374 459 1728 538 generaladoncilium
1741 460 1828 524 obti-

181 577 261 624 num
300 550 451 623 'insulem
489 557 632 638 suosque
664 559 810 635 collegas
839 563 859 620 a
887 556 983 619 nobi⁸
1037 574 1159 620 nueras
1183 559 1217 622 et
1241 573 1381 636 quarum
1407 557 1555 620 redditus
1577 559 1748 622 annuatim
1766 559 1827 622 tlbl

180 657 333 721 obtentas
344 657 383 719 ln
395 655 537 719 ecclesia
546 651 705 734 praedicta
719 655 842 718 nitente
853 655 980 716 nihilo-
1037 671 1199 718 summam
1230 656 1349 733 viginti
1385 655 1546 718 librarum
1573 659 1738 718 Turonen.
1760 669 1827 718 non

180 754 291 816 minus
305 751 528 831 prebendam.
551 751 633 814 Cum
651 739 755 829 igitur
768 749 982 830 praebendam
1036 753 1283 826 transcendunt,
1309 769 1384 815 cum
1408 751 1548 815 valisin
1576 753 1625 816 eis
1652 755 1828 831 perpetuos

183 851 336 928 proximo
372 849 567 912 vacaturam
602 865 662 928 pro
695 847 783 912 dicto
820 849 983 926 'scriptore
1038 849 1180 912 vicarios
1197 851 1409 922 constituere,
1426 862 1467 911 ac
1480 849 1541 912 tibi
1557 851 1640 913 adeo
1660 851 1727 914 sint
1745 851 1830 912 vici-

182 948 297 1011 666116
312 947 483 1010 donationi
510 947 633 1008 nostra
649 945 849 1027 jusserimus
863 961 981 1007 resar-
1036 963 1100 1020 nae,
1112 948 1197 1025 quod
1211 947 1252 1010 ad
1267 960 1324 1010 eas
1337 947 1526 1026 statuenter
1539 947 1646 1025 possis
1657 948 1827 1019 accedere,

180 1045 265 1118 vari,
282 1060 344 1107 nec
358 1042 554 1106 intentionis
574 1046 697 1107 nostrae
717 1041 818 1106 luerit
835 1043 977 1119 661116-
1036 1040 1236 1108 visitationis
1251 1045 1285 1108 et
1303 1045 1519 1107 correctionis
1534 1045 1583 1107 eis
1601 1040 1828 1107 6111616616]-

178 1141 327 1222 jusmcdi
351 1141 594 1212 16661616,’661
618 1140 685 1202 alia
708 1140 822 1202 taliter
842 1155 862 1200 a
883 1138 980 1200 nobis
1036 1155 1210 1217 pensurus,
1239 1157 1314 1203 cum
1337 1141 1452 1204 eadem
1479 1142 1690 1206 thesauraria
1715 1143 1830 1205 valeas

185 1239 342 1316 subrepta
357 1241 517 1300 revocare
528 1237 671 1313 gratiam
683 1235 748 1298 sibi
763 1235 895 1306 iactam,
906 1235 983 1296 uni·
1036 1237 1190 1300 retinere.
1208 1239 1290 1312 Quia
1310 1254 1389 1300 vero
1409 1223 1449 1300 de
1464 1241 1496 1301 te
1516 1255 1615 1316 super
1628 1235 1827 1312 litteratura,

166 1333 983 1412 ,666611611666116666116661611666611616666-
1033 1331 1221 1406 benenate,
1249 1331 1289 1396 16
1313 1333 1460 1396 moribus
1477 1334 1649 1396 laudabile
1676 1335 1828 1397 testimo-

183 1433 314 1506 damus,
337 1432 435 1509 atque
453 1431 674 1508 praecipimus,
695 1431 857 1508 quatenus
873 1429 981 1507 ipsum
1037 1431 1129 1518 nium
1153 1415 1360 1507 perbihetur,
1380 1433 1446 1492 'nos
1472 1431 1510 1492 in
1534 1431 1724 1508 hujusmodi
1750 1442 1830 1493 casu

181 1529 296 1594 Jacob.
315 1530 348 1591 in
368 1529 504 1590 fratrem
521 1528 555 1592 61
581 1527 779 1590 canonicum
799 1526 982 1588 liberaliter
1033 1527 1096 1589 tibi
1124 1527 1336 1590 concedimus
1366 1527 1542 1606 postulata.
1569 1529 1687 1590 Datum
1716 1531 1830 1590 Romae

184 1627 377 1699 admittatis,
401 1627 437 1688 nt
459 1626 547 1688 idem
571 1626 629 1704 qui
654 1624 748 1686 vobis
772 1625 805 1686 et
831 1624 981 1686 ecclesiae
1032 1623 1122 1702 apdd
1148 1615 1305 1688 sanctum
1331 1625 1466 1688 Petrum
1490 1625 1549 1688 XV
1570 1625 1734 1688 kalendas
1751 1625 1829 1688 maii
1885 1657 1891 1670 ·

184 1726 302 1788 vestrae
327 1723 446 1800 poterit
469 1724 614 1784 existere
635 1721 824 1785 fructuosus
848 1721 982 1799 propter
1035 1719 1246 1796 pontincatus
1259 1722 1365 1784 nostri
1378 1721 1590 1784 annotmtio.

184 1823 248 1884 boc
275 1820 381 1892 vobis,
408 1819 519 1882 611111
546 1819 738 1896 specialiter
764 1819 985 1895 astringatur,¹

185 307 246 368 205
804 303 1033 366 EPISTOLAE.
1057 304 1134 364 LlB.
1159 299 1224 363 1113

184 1931 312 1996 nosque
326 1917 535 1980 devotionem
553 1917 698 1980 vestiam
720 1916 885 1993 possimus
905 1931 979 1976 me-

182 2017 249 2078 rito
277 2015 520 2077 commendare.
549 2014 704 2092 Alioquin
731 2012 862 2076 canmri
890 2028 980 2089 pras-

185 2112 265 2186 1616,
282 2113 418 2189 suisque
432 2111 569 2188 collegis
591 2110 713 2174 nostris
728 2109 844 2172 damus
860 2108 980 2171 litteris

185 2211 220 2272 in
233 2209 411 2281 mandatis,
434 2209 470 2270 ut
489 2209 643 2272 revocato
657 2207 692 2270 in
707 2207 840 2270 irritum
858 2205 980 2283 siquid

188 2306 290 2368 luerit
297 2306 413 2368 contra
426 2304 673 2383 praesumptum,
683 2305 758 2382 ipsi,
768 2304 981 2381 velprocura·

188 2404 255 2466 tori
270 2418 331 2464 suo
346 2401 728 2479 assignanteseamdem,
741 2417 800 2464 vos
815 2401 854 2462 ad
871 2415 981 2478 recap-

186 2500 311 2562 tionem
334 2500 426 2560 illius
441 2515 501 2576 per
519 2511 699 2562 censuram
718 2498 981 2561 ecclesiasticam

182 2596 407 2674 appellatione
421 2595 547 2657 remota
559 2594 769 2672 compellant.
785 2594 901 2656 Datum
912 2596 981 2658 Ro·

182 2710 247 2756 mae
272 2693 359 2772 apud
378 2695 538 2755 Sanctum
564 2693 698 2754 Petrum
722 2693 849 2753 decimo
865 2691 980 2769 quinto

188 2790 256 2852 kal.
272 2791 353 2852 maii
369 2790 579 2868 pontificatus
593 2789 699 2852 nostri
714 2805 801 2850 anno
819 2789 928 2851 tertio.

224 2888 391 2966 Scriptum
407 2890 457 2950 est
471 2904 571 2966 snper
584 2887 649 2950 boc
663 2887 789 2950 eisdem
800 2886 933 2950 cantori
947 2887 980 2948 et

184 2985 323 3062 collegis
345 2985 450 3062 ipsius
464 3001 571 3062 usque
585 2986 621 3046 in
641 2985 839 3046 canonicum
853 2983 978 3046 admit·

185 3085 275 3156 tant,
306 3082 401 3144 etin
431 3082 586 3150 fratrem,
615 3081 726 3144 verbis
757 3081 980 3159 competenter

187 3179 334 3242 mutatis.
365 3179 527 3252 Quocirca
552 3178 745 3242 discretioni
772 3181 892 3241 vestrae
921 3194 980 3256 per

186 3277 376 3354 Apostolica
391 3277 515 3353 scripta
534 3276 757 3354 praecipiendo
770 3277 976 3348 mandamus,

186 3375 349 3452 quatenus
364 3375 520 3437 revocato
540 3375 574 3436 in
588 3374 720 3436 irritum
737 3373 859 3451 siquid
879 3373 981 3436 luerit

1355 1855 1512 2030 cnam

1035 2067 1088 2126 Ad
1112 2069 1269 2140 priorem
1288 2066 1407 2127 Sancti
1430 2067 1559 2128 11116νὶ1
1587 2070 1628 2128 dc
1652 2069 1755 2136 Cedo,
1785 2070 1830 2128 nt

1074 2165 1318 2224 subdiaconum
1339 2165 1492 2236 61666666
1518 2163 1726 2226 6661661661
1749 2179 1829 2226 1116-
1930 2183 1935 2202 ’

1074 2260 1225 2336 pisanam
1236 2260 1458 2335 Stephanum.

1315 2391 1447 2464 1816111.
1467 2393 1546 2450 lats.

1066 2514 1187 2579 [negem.
1199 2513 1244 2566 lib.
1256 2506 1298 2573 ill,
1311 2513 1384 2578 66161.
1397 2513 1453 2566 101.
1463 2515 1521 2566 1166.
1532 2517 1569 2567 La
1578 2513 1695 2567 Portadu
1703 2509 1797 2581 rnen]

1034 2627 1149 2686 Mandat
1164 2637 1194 2686 ut
1214 2625 1318 2686 saciant
1340 2625 1493 2686 observare
1516 2629 1688 2686 sententiam
1710 2646 1827 2688 excom·

1052 2717 1253 2774 medicationis
1264 2732 1319 2790 qua
1332 2723 1398 2776 sunt
1408 2716 1534 2775 adstricti
1544 2716 1659 2790 quidam
1668 2719 1809 2776 canonici.

1074 2844 1208 2907 Dilectis
1229 2845 1344 2906 111116...
1374 2845 1479 2924 priori
1502 2846 1609 2908 sancti
1637 2846 1758 2908 llilaril
1786 2847 1827 2910 de

1036 2942 1164 3004 Cella...
1181 2942 1371 3006 subdecano
1388 2943 1501 3008 Sancti
1516 2943 1636 3005 Hilarii
1651 2945 1685 3006 et
1698 2944 1826 3020 magis·

1035 3041 1085 3102 tro
1102 3039 1270 3118 Stephano
1284 3040 1445 3116 canonico
1459 3041 1628 3102 Pictaven.

1074 3137 1219 3202 Dilectus
1233 3137 1360 3198 lilius...
1375 3136 1477 3199 abbas
1491 3137 1679 3200 Aurevallis
1701 3138 1827 3200 ordinis

1036 3233 1148 3295 Sancti
1175 3233 1352 3308 Augustini
1379 3233 1548 3295 Pictaven.
1572 3235 1737 3307 dioecesis,
1766 3251 1827 3296 sua

1035 3331 1130 3392 nobis
1154 3331 1391 3406 conquestione
1411 3331 1618 3403 monstravit,
1635 3331 1721 3408 quod
1748 3332 1826 3410 qui-

1033 3427 1109 3488 dam
1124 3426 1274 3490 ecclesiae
1289 3441 1358 3489 suaa
1370 3427 1534 3500 canonici,
1549 3428 1617 3505 qai,
1634 3429 1741 3506 culpis
1757 3429 1827 3491 suis

182 3473 299 3534 contra
327 3473 573 3549 presumptum,
600 3473 675 3545 616,
692 3485 797 3550 usque
816 3470 851 3532 in
868 3470 977 3534 inem.

183 3569 276 3642 Quod
289 3569 319 3632 51
332 3585 399 3632 „011
411 3585 536 3643 omnes,
548 3569 610 3634 eto·
1035 3524 1254 3601 exigentibus,
1268 3524 1443 3602 peripsum
1457 3525 1591 3586 vinculo
1604 3527 1827 3588 6661666616-

1034 3621 1593 3694 municalionisadstricti,aliorum
1603 3623 1829 3685 communioni

1033 3735 1070 3782 se
1095 3718 1319 3781 irreverenter
1348 3718 1537 3781 immiscent
1574 3720 1609 3782 in
1642 3721 1828 3783 animarum

1034 3832 1169 3877 suarum
1190 3817 1383 3894 perniciem,
1403 3817 1437 3881 et
1457 3817 1651 3878 scandalum
1670 3817 1826 3880 aliorum.

1033 3916 1072 3976 Et
1086 3912 1164 3976 licet
1180 3913 1266 3976 idem
1283 3913 1385 3974 abbas
1400 3929 1514 3976 eorum
1534 3914 1675 3976 salutem
1694 3915 1826 3988 sitiens,

1033 4011 1116 4088 ipsis
1142 4011 1222 4074 velit
1241 4010 1459 4072 absolutionis
1484 4010 1681 4073 beneficium
1701 4012 1829 4090 impar-

1034 4106 1101 4180 tiri,
1114 4107 1163 4169 1111
1176 4109 1286 4170 tamen
1298 4107 1464 4184 nmquam
1477 4107 1511 4168 in
1520 4105 1718 4184 profundum
1733 4125 1828 4172 vena·

1032 4205 1101 4266 rint
1113 4205 1333 4282 peccatorum,
1347 4202 1612 4266 maledictionem
1626 4204 1775 4268 bibentes
1793 4209 1829 4269 ut

1034 4317 1164 4378 aquam,
1175 4299 1526 4363 excommunicationis
1536 4303 1734 4364 sententiam
1757 4304 1829 4364 vili-

1034 4397 1435 4477 penaunnpropterquou
1448 4397 1521 4476 ipsa
1531 4398 1673 4462 ecclesia
1692 4417 1829 4478 gravem

223 4497 402 4571 Honorius,
430 4500 506 4571 etc,
525 4487 645 4560 dilecto
664 4497 734 4560 illio
753 4497 794 4560 de
810 4496 979 4560 111161116-
1033 4495 1069 4557 in
1084 4494 1313 4573 spiritualibus
1329 4496 1471 4559 sustinet
1490 4495 1673 4560 laesionem.
1689 4500 1740 4561 Ne
1760 4499 1828 4576 igi-

184 4596 338 4659 saurario
350 4597 574 4673 Engolismen.
691 4671 694 4674 ,
1033 4594 1088 4656 tnr
1100 4593 1140 4655 de
1156 4610 1217 4655 sua
1230 4593 1364 4656 valeant
1376 4594 1503 4657 malitia
1522 4595 1673 4672 gloriari,
1697 4597 1827 4658 discre-

225 4692 436 4756 Postulastia
449 4693 545 4756 nobis
558 4694 594 4754 ut
607 4709 682 4756 cum
694 4692 735 4756 de
747 4703 833 4756 novo
843 4691 981 4755 1116666-
1000 4685 1001 4690 ’
1034 4692 1117 4754 tioni
1135 4691 1251 4754 vestrae
1264 4707 1324 4768 per
1335 4691 1523 4769 apostolica
1538 4693 1663 4769 scripta
1684 4693 1830 4769 manda-s

184 4790 309 4854 rarmm
324 4789 590 4867 ‹Engolismensis
605 4790 757 4854 ecclesiae
775 4806 890 4854 curam
904 4789 979 4852 ani·
1034 4788 1831 4867 6666616166666616166666666661661166

184 4902 314 4950 marum
334 4886 512 4951 habentem
532 4903 553 4950 a
574 4887 759 4951 venerabili
780 4886 883 4952 fratre
901 4903 1001 4949 nos-s
1035 4884 1617 4958 nissententiam,sicutrationaliter
1627 4888 1677 4950 est
1686 4887 1828 4968 prolata,

181 4985 235 5047 uo
239 5021 300 5046 .....
325 4985 549 5062 lingolismen.
569 4986 725 5064 episcopo
746 4984 979 5047 canoniensis
1035 4983 1165 5061 publice
1187 4983 1399 5056 innovantes,
1426 4983 1555 5046 16616116
1593 4985 1743 5047 eamdem
1771 4999 1830 5064 per

183 5081 403 5159 6116616666
432 5087 528 5160 cinus
557 5081 783 5161 proventibus,
811 5098 886 5146 cum
915 5081 1000 5142 sint
1035 5089 1210 5144 censuram
1234 5079 1496 5144 ecclesiasticam
1524 5083 1747 5159 appellatione
1774 5073 1831 5147 re‘·

184 5181 313 5250 tenues,
340 5179 599 5258 hospitalitatem
627 5195 693 5242 non
717 5183 810 5257 potes
836 5177 1000 5240 debitam:
1035 5181 1123 5242 mota
1142 5178 1324 5240 observari.
1342 5165 1435 5251 Quod
1458 5177 1488 5242 si
1515 5195 1581 5240 non
1609 5195 1737 5255 omnes,
1765 5183 1827 5257 etc,

181 5276 382 5350 observare,
409 5278 592 5340 concedere
615 5277 676 5340 tibi
699 5278 741 5339 de
765 5277 1000 5354 benignitatis¹
1035 5276 1246 5354 Romaeapud
1260 5276 1416 5338 Sanctum
1426 5278 1562 5340 Petrum
1573 5277 1830 5354 decimoquarto

183 5375 307 5440 nostras
316 5375 431 5452 -gratia
452 5375 676 5452 dignaremur,
696 5375 733 5438 ut
746 5375 905 5454 quasdam
919 5390 979 5436 ec·
1034 5373 1256 5439 lalandmaii
1268 5372 1479 5452 pontificatus
1493 5374 1602 5438 nostri
1617 5389 1705 5436 anno
1717 5375 1829 5437 tertio.

253 3934 305 3994 An
327 3917 587 3996 'thesaurarium
608 3936 911 4010 avrpotlsmensem.

456 4056 489 4114 17
510 4055 608 4127 aprilis
629 4056 708 4113 lara.

203 4169 328 4235 11166161..
337 4169 384 4221 111).
395 4169 439 4231 111,
448 4169 525 4234 epist.
539 4167 595 4222 106.
609 4171 667 4221 1166.
681 4171 717 4221 La
728 4169 953 4231 bonorumet]

263 4283 399 4344 Concedo
413 4289 444 4342 ut
455 4291 605 4342 conservet
620 4283 757 4356 quasdam
767 4283 905 4342 ecclesias

449 4384 515 4430 cum
530 4371 717 4431 thesauraria.
