4280 6404
217 303 278 364 233

696 407 703 438 1

218 458 335 538 scripti
354 459 540 536 patrocinio
554 459 811 534 communimus3
830 459 1013 522 districtius

218 557 418 629 inhibentes,
435 572 478 617 ne
497 556 571 632 quis
596 556 729 618 interim
749 559 827 634 jura
850 559 908 618 tua
931 557 1013 618 sub-

216 653 363 726 trahere,
391 655 449 716 ant
480 653 650 726 invadere,
678 653 731 715 vel
769 655 1013 731 quomodolibet

218 749 341 812 audeat
351 752 475 813 temere
490 750 694 826 perturbare.
712 750 804 811 Nulli
829 767 907 828 ergo
926 751 1012 812 banc

218 849 385 926 paginam,
402 847 477 921 etc.;
492 845 521 906 si
537 847 610 923 quis
623 848 746 918 autern,
760 849 822 910 etc.

258 947 378 1006 Datum
405 947 534 1016 Romae,
563 944 649 1019 apud
680 945 836 1006 Sanctum
865 946 1009 1017 Petrum,

218 1044 278 1103 XV
293 1040 453 1104 kalendas
462 1041 562 1120 junii,
579 1041 789 1117 pontificatus
808 1042 913 1104 nostri
925 1058 1011 1104 anno

218 1139 327 1202 tertre

519 1254 712 1343 CCXXIII

217 1389 270 1452 Ad
283 1391 494 1451 1118188188
509 1388 719 1465 magstrum
733 1390 1012 1450 archidiaconum

488 1487 741 1546 Ehroiceesem.

512 1597 545 1654 19
560 1597 628 1654 8811
641 1597 720 1654 tale.

250 1701 371 1766 [Regem.
385 1703 431 1753 lib.
442 1703 486 1762 III,
497 1702 571 1766 epist.
582 1701 702 1753 tecum.
711 1703 747 1752 La
756 1704 829 1753 Porto
837 1702 872 1752 du
881 1701 975 1766 Theil.]

220 1799 354 1858 Deleudae
365 1808 431 1857 sunt
445 1799 665 1859 consuetudines
679 1815 743 1872 888
755 1800 843 1857 888818
851 1805 1013 1872 repugnant

531 1889 700 1946 canonibus.

258 1997 437 2069 Honorius,
454 1997 530 2068 etc,
547 1995 667 2058 dilecto
689 1996 759 2058 iilic
774 1995 933 2071 magIstro
949 1995 1011 2058 Ri-

220 2093 345 2156 8188818
359 2094 597 2155 archidIacono
613 2093 785 2155 Ebroicen.

261 2192 344 2264 Quia
355 2207 450 2252 error
460 2192 514 2252 881
527 2207 593 2252 888
608 2191 787 2262 resistitur,
799 2187 1011 2266 approbatur,

219 2305 369 2350 erroneae
383 2289 640 2350 consuetudines
653 2304 727 2366 8888
751 2287 855 2350 888818
878 2286 1014 2348 obviant

220 2387 393 2452 1881118118.
410 2388 487 2448 8881
501 2387 618 2448 888118
633 2384 826 2456 abolendae„
837 2401 912 2444 cum
934 2384 1011 2444 ino-

219 2483 287 2546 1118
302 2483 437 2561 8881881
448 2483 679 2560 corruptelam.
701 2482 890 2559 Exposuisti
909 2481 1015 2558 81881-

219 2580 294 2642 dem
307 2581 622 2658 881818888118188
642 2581 728 2641 81188
750 2578 907 2640 abusivas
928 2594 1012 2640 con-

220 2678 568 2756 8881811888,88818
592 2677 831 2738 archiaconatu
852 2680 910 2739 tuo
933 2675 1012 2736 ino-

163 2809 164 2814 8
220 2775 343 2838 levisse
361 2775 526 2846 dicuntur,
543 2773 664 2835 nobilis
690 2774 742 2835 818
764 2773 949 2835 1118188188
973 2771 1013 2832 18

220 2874 402 2935 Η88888881
418 2872 627 2935 Ebroicensis
640 2870 792 2931 dioecesis
801 2869 1012 2946 jurisdictio-

220 2985 295 3031 nem
310 2971 400 3031 tuam
416 2971 556 3032 interra
572 2984 631 3029 888
647 2967 779 3028 8888181
795 2982 861 3027 888
876 2967 930 3027 118
942 2967 1013 3028 188-

221 3070 290 3129 tum
303 3068 339 3127 in
354 3082 441 3128 anno
453 3065 620 3142 tepetitur
632 3079 800 3136 exercere,
828 3063 954 3134 voleus,
979 3065 1014 3124 ut

220 3164 404 3225 eodemdie
419 3179 533 3225 omnes
547 3163 645 3223 18888
667 3161 784 3222 audias
803 3162 836 3222 et
856 3161 1013 3222 termines

221 3261 434 3338 8888118888,
456 3259 634 3321 888888818
662 3259 819 3336 8881818
845 3273 888 3318 88
915 3258 1014 3333 18888

220 3359 327 3418 abusu
341 3358 503 3420 hactenus
519 3359 569 3418 est
583 3356 803 3417 observatum.
818 3357 898 3416 Cum
913 3355 1016 3430 igitur

220 3455 424 3517 consuetudo
437 3453 626 3532 hujusmodi
641 3453 764 3514 rationi
779 3453 812 3513 et
826 3452 892 3527 legi
905 3451 1015 3512 obviet

220 3550 608 3623 manifeste,auctoritate
615 3549 676 3611 tibi
685 3548 898 3626 8888881188
907 3548 1014 3608 indul-

219 3665 347 3726 gemus,
364 3651 527 3727 quatenus
540 3664 590 3719 ea,
608 3648 662 3709 vel
676 3646 752 3707 aliis
763 3645 1016 3707 consuetudini-

221 3745 330 3818 nibus,
344 3762 417 3824 8888
432 3747 538 3807 888818
552 3745 740 3821 repugnant
752 3742 935 3804 canonibus
954 3757 1015 3802 ne-

221 3858 386 3920 quaquam
409 3841 631 3912 obstantibus,
659 3839 822 3911 officium,
848 3839 881 3900 et
909 3839 1016 3914 jnris-

221 3940 398 4000 dictionem
422 3938 712 4000 archidiaconatus
730 3937 790 4005 tui,
809 3935 894 3996 sicut
918 3934 958 3996 ad
982 3936 1015 3996 18

221 4036 401 4098 88888188
430 4051 594 4097 canonum
623 4034 778 4095 instituta
808 4032 1016 4108 dignoscitur

221 4133 398 4211 pertinere,
426 4132 532 4194 libere
556 4131 685 4192 sublato
711 4130 840 4192 frivolae
864 4129 1015 4206 appella·

221 4231 321 4292 tionis
332 4229 512 4301 obstaculo,
528 4227 734 4304 exsequaris.
744 4227 838 4287 Nulli
848 4241 939 4300 erge,
950 4225 1013 4286 etc.

223 4327 258 4389 Si
269 4329 341 4405 8818
354 4327 545 4398 88188818.
557 4329 676 4388 Datum
689 4327 802 4386 Romae
813 4323 900 4399 apud
911 4325 1016 4383 Sauc-

221 4427 290 4486 turn
304 4426 438 4486 Petrum
450 4425 525 4486 XIV
536 4423 697 4485 kalendas
706 4421 795 4498 junii
805 4434 893 4480 anuo
903 4418 1013 4480 tertio.

528 4599 716 4688 CCXXIV

264 4738 316 4799 Ad
337 4736 572 4798 curationum
591 4735 750 4795 Prasstoe
767 4733 972 4806 8818888888.

509 4856 545 4914 ic
568 4855 730 4912 insilitis.

333 4962 428 5027 [Volgi.
442 4960 503 5013 God.
517 4959 578 5024 dipl.
592 4959 710 5016 Praesta,
728 4959 747 5017 l,
765 4957 908 5022 18818]

221 5062 256 5120 111
269 5059 398 5132 indulget
408 5058 443 5115 ad
458 5056 616 5115 88188188
629 5063 710 5112 atrox
720 5055 825 5112 bellum
837 5061 867 5110 ut
880 5053 915 5110 18
924 5052 1015 5124 1888·

257 5149 383 5205 1188818
401 5144 661 5218 consanguinitatis
680 5142 827 5214 dispenset
836 5139 912 5213 8881
922 5140 1018 5196 existit

258 5236 294 5294 81
326 5235 539 5292 matrimonium
565 5230 793 5289 contrahendum
826 5232 899 5286 18188
929 5228 1017 5284 tilium

257 5325 334 5398 regis
359 5327 504 5381 banorum
528 5328 556 5378 et
580 5319 667 5378 itlinm
695 5317 870 5376 marchionIs
891 5315 1015 5374 1188818-

258 5411 418 5486 burgensis.

262 5519 431 5584 Honorius
444 5516 619 5594 episcopus
632 5528 749 5574 servus
760 5527 931 5574 servorum
945 5511 1016 5582 Dei,

837 305 1065 364 EpisTOLAE.
1090 305 1167 364 LIB.
1192 307 1247 364 111.

1754 309 1865 391 ,aar

1066 460 1252 524 venerabili
1270 461 1365 524 188181
1381 463 1570 525 Christiano
1585 466 1741 542 eplscopo
1756 467 1862 526 Prus-

1068 560 1126 620 siae
1142 560 1282 622 salutem
1304 561 1336 622 81
1350 560 1565 637 888818118888
1586 561 1860 624 benedictIonem.

1106 657 1230 718 Ascitis
1243 657 1328 718 aliis·
1337 657 1369 718 iu
1384 661 1511 734 partem
1526 659 1759 720 sollicitudinis
1772 675 1865 720 sum·

1067 768 1140 812 mus
1158 753 1312 816 Pontifex
1336 758 1524 832 assumptus
1550 756 1656 818 estin
1678 754 1861 831 818811811-

1066 864 1141 908 nem
1165 849 1349 926 potestatis,
1376 851 1432 927 881
1452 867 1526 912 cum
1542 850 1731 912 moderator
1744 852 1788 912 sit
1802 867 1863 912 ca·

1067 961 1200 1017 uenum,
1212 945 1282 1022 juri
1293 962 1359 1007 non
1375 946 1455 1008 18811
1468 947 1625 1024 injuriam
1639 946 1666 1006 si
1682 947 1861 1023 dispensat,

1067 1058 1167 1118 quum
1180 1041 1356 1102 imminens
1375 1043 1555 1106 necessitas
1570 1046 1603 1105 et
1617 1043 1752 1105 evidens
1770 1045 1884 1105 utili--

1066 1139 1117 1199 tas
1131 1139 1165 1199 id
1180 1139 1345 1216 exposcit3
1363 1140 1549 1215 praesertim
1567 1156 1641 1202 cum
1657 1141 1862 1220 dispensatio

1067 1235 1115 1296 sic
1140 1236 1229 1312 jnris
1252 1237 1385 1296 vincula
1402 1237 1494 1298 laxet
1519 1238 1554 1298 in
1579 1238 1701 1315 811888,
1716 1239 1801 1316 8881
1825 1235 1875 1298 in'
1959 1261 1965 1271 =

1067 1332 1142 1394 aliis
1166 1347 1232 1394 nou
1248 1332 1400 1394 dissolvit
1424 1336 1457 1397 et
1470 1335 1518 1394 sic
1533 1333 1730 1396 beneficium
1745 1335 1862 1411 gratiae

1067 1429 1222 1505 specialis
1237 1429 1383 1503 inducat,
1393 1431 1479 1506 quod
1489 1431 1637 1506 vigorem
1651 1432 1864 1493 constitutio-

1067 1527 1196 1588 818888
1209 1527 1371 1603 888811111
1382 1528 1560 1603 888888118.
1569 1528 1685 1590 Oblata
1698 1529 1862 1607 siquidem

1067 1624 1162 1684 nobIs
1183 1639 1225 1685 88
1244 1625 1337 1700 88818
1364 1626 1421 1687 188
1441 1625 1474 1688 81
1488 1626 1631 1687 aliorum
1655 1627 1863 1703 quampluri-

1067 1737 1155 1782 mtnn
1172 1721 1358 1798 principum
1374 1725 1407 1784 et
1429 1722 1589 1784 baronum
1602 1723 1786 1786 1881888118
1802 1741 1863 1800 pa-

1066 1818 1187 1890 tefecit,
1213 1818 1300 1895 8881
1324 1818 1412 1882 18188
1438 1821 1649 1882 8881881888
1670 1822 1705 1882 18
1730 1821 1861 1883 Christo

1067 1917 1172 1979 tilium
1181 1919 1368 1978 nostrum...
1381 1920 1550 1980 banorum
1561 1935 1673 1994 regern
1685 1919 1859 1990 illustrem,

1067 2016 1100 2077 et
1123 2017 1158 2076 0.
1191 2013 1231 2076 18
1252 2014 1486 2079 Lunemburch
1512 2017 1664 2092 nepotem
1687 2017 1793 2092 ipsius
1819 2033 1862 2078 88

1067 2114 1161 2188 88818
1187 2130 1269 2186 888,
1295 2115 1328 2176 81
1342 2112 1486 2174 nobilem
1510 2113 1619 2174 uirum
1634 2114 1861 2174 marchionem

1067 2210 1395 2287 Brandehurgensem
1404 2227 1446 2272 88
1458 2210 1575 2283 811888,
1583 2210 1718 2272 inimico
1729 2211 1863 2272 homine

1068 2309 1354 2383 superseminante
1382 2309 1555 2380 zizaniam,
1579 2323 1720 2383 guerrae,
1743 2310 1776 2370 et
1796 2307 1864 2370 ini-

1068 2405 1386 2483 88181118,888111888
1397 2421 1437 2466 ac
1448 2405 1604 2466 mortales
1617 2405 1699 2466 adeo
1710 2422 1862 2468 surrexe-

1067 2503 1155 2574 runt,
1173 2503 1258 2580 quod
1272 2505 1393 2579 praeter
1407 2503 1550 2578 stragem
1570 2501 1740 2563 hominurn
1755 2503 1861 2564 mise-

1067 2599 1207 2662 rabilem
1235 2600 1372 2673 tactam,
1402 2599 1594 2662 multotiens
1620 2600 1698 2660 hinc
1727 2599 1760 2662 et
1785 2600 1863 2662 iude

1068 2696 1312 2759 combustiones
1338 2697 1512 2769 villarum,
1539 2698 1572 2758 et
1599 2697 1859 2760 inhumanitates

1067 2794 1163 2865 alias,
1200 2810 1282 2871 8888
1310 2810 1450 2855 8888888
1479 2809 1539 2871 888
1569 2794 1700 2870 8188818
1726 2795 1861 2872 longum

1068 2893 1166 2962 esset,
1182 2891 1862 2966 811888118818888888188888118181888-

1068 3003 1142 3048 888
1157 2987 1191 3048 18
1200 2989 1304 3050 morte
1317 2988 1487 3050 lamescat.
1500 2987 1592 3050 Unde
1601 2987 1763 3064 contingit
1775 2989 1860 3067 8881

1068 3085 1251 3146 subsidium
1273 3086 1358 3162 quod
1377 3084 1546 3147 conversis
1562 3086 1707 3147 Prussice
1729 3102 1788 3162 per
1802 3103 1861 3147 re-

1069 3197 1141 3258 888
1155 3185 1188 3244 81
1202 3185 1353 3259 nepotem
1368 3183 1472 3258 ipsius
1488 3185 1520 3243 et
1535 3183 1761 3244 marchionem
1774 3200 1863 3260 prae-

1069 3279 1191 3340 dictum
1206 3281 1310 3356 possit
1325 3280 1530 3356 potissimum
1550 3281 1734 3357 procurari,
1750 3283 1862 3356 utpote

1069 3376 1124 3452 qui
1140 3379 1217 3438 sunt
1231 3378 1379 3452 contigui
1393 3377 1491 3438 terrae
1504 3377 1566 3449 illi,
1581 3377 1614 3437 et
1627 3379 1696 3439 tam
1711 3378 1863 3439 multitu-

1069 3472 1146 3534 dine
1160 3473 1319 3549 gentium,
1337 3490 1436 3551 quam
1455 3475 1531 3534 aliis
1546 3473 1672 3536 divitiis
1688 3475 1861 3550 locupletis

1070 3571 1247 3646 plurimum
1272 3571 1461 3648 impeditur,
1496 3573 1529 3632 et
1554 3572 1695 3648 pereunt
1722 3572 1865 3633 misera-

1069 3666 1180 3730 biliter
1195 3668 1315 3729 animae
1330 3669 1559 3745 plurimorum.
1577 3671 1783 3746 Quapropter
1797 3687 1862 3731 no-

1069 3764 1119 3824 bis
1135 3765 1306 3827 humiliter
1320 3766 1532 3842 supplicastis
1545 3768 1582 3826 ut
1590 3782 1690 3843 quum
1704 3767 1862 3842 88818188

1070 3862 1218 3922 marchio
1234 3862 1321 3924 dicto
1337 3865 1372 3923 Ο.
1392 3862 1494 3923 liliam
1518 3879 1612 3922 suam
1627 3863 1727 3924 vellet
1746 3864 1865 3925 matri-

1070 3959 1180 4019 monio
1211 3960 1368 4035 copulare
1399 3958 1441 4019 81
1476 3959 1639 4019 88188188
1666 3975 1805 4036 guerras
1833 3963 1866 4023 et
1927 3965 1931 3978 '

1069 4054 1262 4116 inimicitias
1293 4055 1521 4130 supradictas,
1557 4055 1643 4133 quod
1679 4057 1714 4128 iu
1745 4058 1863 4134 888818

1069 4151 1175 4226 88818
1201 4153 1398 4212 contrahere
1426 4151 1560 4212 valeant
1579 4168 1639 4227 pro
1664 4152 1751 4214 bono
1771 4153 1864 4230 pacis

1070 4248 1263 4323 dispensare
1278 4247 1318 4308 de
1333 4248 1537 4324 benigniiate
1555 4248 1863 4326 sedisapostolicae

1070 4344 1293 4418 dignaremur,
1308 4359 1451 4404 8888888
1466 4360 1540 4405 cum
1552 4344 1665 4416 iidem,
1681 4346 1710 4406 81
1724 4345 1862 4422 888188-

1069 4442 1124 4502 188
1160 4456 1220 4516 888
1253 4442 1442 4518 hujusmodi
1469 4443 1621 4520 copulam
1648 4443 1864 4504 seminarium

1070 4538 1244 4599 discordiae
1260 4539 1348 4600 inter
1359 4553 1427 4611 eos,
1446 4539 1507 4600 tibi
1523 4542 1556 4601 et
1570 4541 1745 4617 baptizatis
1761 4543 1865 4626 Prus-

1071 4636 1129 4696 siae
1144 4637 1351 4712 impensuros
1371 4650 1407 4696 88
1424 4636 1546 4698 188888
1565 4637 1728 4698 88811188
1743 4652 1864 4713 repro·

1070 4734 1212 4796 mittant.
1224 4735 1291 4794 Nos
1304 4734 1406 4810 181188
1414 4734 1453 4794 18
1462 4733 1661 4796 discretione
1669 4735 1725 4796 tua
1731 4735 1863 4811 plenam

1071 4831 1259 4892 1811888188
1276 4830 1622 4892 tiduciamobtinentes
1633 4832 1699 4893 tuis
1715 4831 1864 4894 8111810-

1071 4943 1144 4988 rum
1160 4927 1320 4988 nobilium
1337 4927 1490 5004 precibus
1504 4928 1668 5000 inclinati,
1682 4945 1742 5005 per
1753 4933 1863 5005 Apos-

1072 5025 1171 5086 tolica
1186 5024 1246 5085 tihi
1263 5024 1386 5100 scripta
1405 5024 1611 5095 mandamus,
1629 5027 1792 5102 88818888
1807 5043 1865 5086 su-

1073 5137 1132 5198 per
1166 5121 1218 5181 his
1254 5121 1451 5194 auctoritate
1480 5123 1591 5184 nostra
1614 5124 1752 5194 statuas,
1779 5123 1866 5198 8881

1073 5217 1253 5279 secundum
1264 5221 1367 5280 Deum
1378 5217 1503 5279 videris
1513 5219 1733 5282 statuendum.
1747 5219 1865 5280 Datum

1073 5319 1202 5387 Rornae,
1230 5315 1317 5391 apud
1354 5319 1512 5377 Sanctum
1547 5317 1696 5386 Petrum,
1726 5315 1865 5392 septimo

1072 5412 1233 5474 kalendas
1262 5413 1368 5490 junii,
1407 5413 1617 5490 pontificatus
1645 5412 1753 5474 nostri
1778 5427 1865 5473 anno

1073 5509 1182 5571 tertio.
1307 5539 1312 5552 ·
