4280 6404
305 317 366 378 347
927 302 1171 365 1101101111111
1192 299 1340 362 OPERA.
1893 299 1956 358 348

658 448 754 536 ΜΠ
1158 432 1225 494 tius
1252 430 1357 494 velint
1381 431 1415 492 et
1441 429 1578 492 valeant
1604 445 1743 492 3333333
1759 429 1796 490 13
1818 429 1959 492 odorem

306 581 360 642 Ad
380 577 652 651 archiepiscopos
671 573 706 634 31
727 573 903 645 3313331333
915 567 1105 630 elsatam
1158 529 1339 606 fragrantis
1352 527 1570 604 3131131333
1587 527 1725 598 Christi,
1738 527 1781 588 ad
1794 526 1960 588 haurien-

346 677 567 738 eoemmm
580 669 747 746 mm
758 682 826 743 W
838 668 1009 728 ΝΜ
1023 677 1106 724 con„
1158 625 1236 688 dum
1255 640 1360 733 aquas
1383 624 1478 686 rivas
1500 640 1576 684 cum
1600 624 1725 732 gaudio
1753 624 1796 686 13
1813 624 1962 734 fontibus

345 773 499 834 31113133.
1160 725 1355 784 Salvatorrs.
1372 721 1539 792 Quosdam
1557 720 1672 784 313333
1689 737 1848 783 amovere
1860 737 1960 830 cups-

564 845 600 904 33
614 842 749 902 novemb,
767 841 846 900 tato,
1159 837 1233 880 mus
1258 819 1336 880 huic
1363 818 1478 879 itineri
1496 817 1696 881 obsistentes
1720 822 1755 879 et
1769 834 1961 880 necessarie

307 955 454 1022 turim,
466 952 576 1006 3333
587 949 695 1014 upon.
704 949 726 1006 1,
738 948 793 1005 rso,
804 959 831 996 n,
842 945 897 996 uo.
907 943 1003 996 amn.
1012 943 1105 994 nome
1159 915 1311 993 quadam
1334 915 1513 975 annectere
1537 915 1590 974 nis
1610 931 1684 990 qua
1699 914 1742 974 ab
1764 917 1960 976 331333333-

327 1025 447 1084 eumad.
455 1023 542 1081 Tm»
553 1022 595 1079 ¹1¹·
606 1021 662 1070 ³⁶4·
671 1021 794 1078 moene,
802 1017 878 1068 ”³⁰¹-
888 1015 977 1066 Μ·
985 1015 1004 1071 ¹·
1012 1013 1081 1078 8751
1159 1012 1252 1073 ribus
1264 1011 1389 1074 nostris
1403 1010 1493 1072 edita
1508 1012 1586 1071 sunt
1599 1010 1641 1071 ab
1654 1011 1746 1082 olim,
1768 1010 1810 1071 ad
1834 1027 1962 1090 propa-

307 1121 387 1195 Quod
415 1121 510 1180 clerici
538 1119 650 1194 possint
675 1115 791 1176 3131333
816 1116 846 1172 iu
874 1113 1030 1184 theologia
1056 1126 1107 1184 per
1159 1109 1327 1183 gatiouem
1350 1107 1544 1185 propaginis
1569 1107 1649 1168 sitis
1674 1123 1764 1170 serae
1790 1105 1850 1186 (7).
1880 1109 1961 1169 Cum

341 1211 467 1286 quinque
479 1223 572 1268 annos
597 1214 626 1264 et
645 1206 739 1263 nullus
753 1205 782 1262 in
802 1203 914 1278 legibus
935 1209 964 1259 et
984 1199 1105 1258 ecclesia
1160 1206 1272 1282 itaquo
1281 1205 1322 1266 de
1331 1205 1473 1281 singulis
1484 1205 1664 1281 provinciis
1675 1205 1794 1282 puenae
1802 1206 1963 1282 speciosas,

343 1299 435 1372 maior
448 1297 532 1354 debet
546 1294 653 1354 babere
662 1293 808 1352 doctorem
824 1291 853 1348 iu
869 1289 1023 1362 theologia.
1160 1319 1200 1364 ac
1213 1302 1361 1380 virgines
1376 1318 1437 1379 pro
1451 1317 1531 1378 rege
1544 1305 1700 1374 assuero,
1716 1303 1774 1378 qui
1793 1301 1963 1362 beatitudo

347 1405 515 1470 Honorius
526 1405 841 1484 episcopusservus
852 1414 1023 1460 servorum
1034 1395 1104 1468 Dei,
1160 1399 1381 1482 1131133331·
1416 1399 1558 1462 ancillas
1599 1398 1705 1475 quan·
1746 1398 1900 1470 debeant,
1929 1401 1965 1459 et

307 1501 554 1568 venerabilibus
586 1499 745 1562 fratribus
781 1494 1042 1574 archiepiscopis
1074 1494 1108 1554 et
1161 1495 1352 1558 31133131
1380 1510 1493 1558 arcem
1520 1495 1554 1556 et
1580 1495 1702 1558 maeuia
1736 1494 1901 1563 civitatis,
1929 1497 1965 1556 et

307 1601 473 1680 episcopis
486 1591 1107 1662 etdilectistlliiscaeterisecclesiarum
1161 1607 1221 1668 per
1263 1608 1398 1654 manum
1434 1591 1539 1668 aggei
1570 1590 1731 1652 mundum
1764 1591 1960 1652 muliebrem

307 1691 908 1777 333131133133311311333383331331
919 1687 1107 1751 constitutis
1162 1689 1330 1766 accipere,
1365 1688 1634 1752 necessariorum
1667 1687 1824 1750 videlicet
1856 1688 1960 1753 fulci-

307 1795 448 1856 salutem
468 1793 502 1855 et
516 1789 733 1870 apostolicam
747 1785 1021 1849 benedictionem.
1162 1787 1283 1857 333313,
1305 1786 1458 1848 volumus
1476 1787 1509 1846 et
1527 1785 1723 1848 mandamus
1744 1787 1781 1848 ut
1800 1786 1959 1846 statutum

349 1893 456 1968 Super
478 1887 647 1968 speculam
679 1885 822 1958 Domini,
849 1881 927 1947 licet
949 1879 1107 1944 immeriti
1161 1883 1285 1945 3111333
1311 1883 1347 1946 13
1371 1883 1519 1945 Concilio
1545 1883 1696 1959 generali
1720 1882 1762 1943 de
1789 1883 1960 1958 magistris

308 1985 501 2060 constituti,
540 1983 618 2046 dum
649 1982 828 2058 diligenter
855 1979 958 2040 multo
984 1977 1107 2039 intuitu
1161 1980 1327 2056 theologis
1350 1996 1410 2057 per
1425 1979 1575 2056 singulas
1588 1979 1791 2056 metropoles
1806 1980 1960 2041 statuen-

308 2083 572 2159 coutemplamur
604 2081 726 2142 statum
764 2075 914 2138 ecclesiae
939 2073 1107 2152 generalis
1162 2077 1213 2139 dis
1236 2077 1477 2139 inviolabiliter
1506 2076 1712 2145 observetur,
1741 2075 1959 2138 decernentes

311 2179 460 2242 dolemus
489 2177 669 2256 plurimum
693 2171 731 2235 'et
750 2176 912 2236 testamur
930 2169 990 2250 (1),
1020 2169 1106 2248 quod
1161 2175 1300 2252 iusuper
1313 2173 1353 2238 de
1373 2174 1513 2237 consilio
1535 2175 1675 2236 fratrum
1699 2175 1900 2247 nostrorum,
1916 2191 1959 2238 ao

309 2293 384 2340 cum
404 2276 489 2338 albae
517 2275 584 2336 sint
602 2273 758 2349 regiones
776 2269 819 2330 ad
841 2285 982 2330 messem
1001 2267 1108 2346 pluri·
1162 2269 1311 2332 districte
1334 2269 1558 2348 praecipiendo
1579 2270 1786 2341 mandantes,
1808 2271 1855 2342 ut,
1877 2271 1957 2348 quia

309 2389 408 2446 marn,
431 2373 465 2436 31
491 2369 637 2450 33333311
663 2368 731 2430 3131
752 2366 929 2446 perpauci,
956 2365 1107 2443 plerique
1162 2383 1263 2445 super
1283 2367 1347 2430 hoo
1369 2369 1505 2446 propter
1524 2368 1696 2428 raritatem
1721 2367 1959 2444 magistrorum

310 2469 430 2546 vigiles
453 2467 510 2545 qui
529 2465 686 2528 tenentur
706 2463 872 2524 custodire
893 2461 1024 2523 Domini
1050 2461 1105 2521 vi·
1161 2481 1198 2525 se
1225 2467 1361 2542 possent
1393 2465 1498 2542 aliqui
1531 2464 1672 2527 forsitan
1705 2480 1887 2538 excusare,
1914 2465 1957 2526 ab

309 2581 418 2638 neam,
433 2562 601 2625 dormiunt
613 2575 765 2623 somnum
781 2575 887 2631 suum,
905 2573 965 2619 nec
979 2557 1107 2618 zizania
1161 2561 1380 2624 ecclesiarum
1404 2561 1551 2640 praelatis
1571 2561 1604 2622 et
1623 2560 1777 2639 capitulis
1799 2561 1841 2624 ad
1861 2563 1961 2624 theo·

311 2663 450 2726 nimium
469 2657 696 2722 excrescentia
711 2657 745 2718 in
756 2655 942 2734 manipulos
959 2654 1107 2716 313333-
1161 2659 1258 2736 logias
1272 2660 1490 2739 professionis
1505 2659 1651 2722 studium
1670 2659 1776 2738 aliqui
1797 2659 1959 2723 docibiles

308 2757 493 2822 burendum
531 2755 702 2833 colligunt,
733 2753 883 2832 quamvis
916 2767 956 2814 ea
980 2753 1107 2830 jngiter
1161 2756 1377 2830 destinentur,
1394 2757 1452 2836 qui
1467 2775 1567 2835 quum
1582 2757 1670 2820 docti
1691 2757 1824 2830 fuerint,
1851 2757 1959 2818 inbei

309 2855 551 2934 superseminet
578 2854 744 2924 inimicus,
766 2865 905 2928 cumque
922 2850 1048 2914 lacteus
1058 2847 1105 2928 (2)
1161 2855 1304 2917 ecclesia
1319 2855 1410 2918 33131
1421 2855 1578 2933 33133133
1588 2853 1737 2930 fulgeant
1747 2853 1957 2928 firmamenti,

309 2955 343 3016 et
367 2951 524 3030 parvulus
545 2950 678 3012 deficiat
699 2949 733 3010 ln
756 2947 885 3026 plateis,
900 2947 959 3008 vix
975 2948 1027 3008 331
1050 2945 1106 3024 331
1161 2967 1203 3013 on
1226 2951 1343 3029 quibus
1367 2951 1575 3030 postmodum
1595 2951 1691 3028 copia
1712 2951 1818 3028 possit
1840 2949 1958 3012 baberi

309 3043 1106 3126 11333313333333333113,33133331331311133·
1161 3050 1331 3110 doctorum
1357 3049 1413 3126 qui
1442 3049 1532 3110 velut
1568 3048 1675 3110 stellae
1710 3048 1744 3108 in
1781 3048 1958 3126 perpetuas

308 3147 399 3210 tibus
423 3161 542 3226 aquam
569 3142 741 3222 sapientiae
763 3141 931 3214 salutaris,
954 3156 993 3204 eo
1019 3139 1105 3218 quod
1161 3145 1361 3208 aeternitates
1390 3145 1552 3218 mansuri,
1575 3145 1615 3207 ad
1641 3145 1806 3222 Justitiam
1825 3143 1960 3208 valeant

309 3242 438 3306 modica
454 3241 550 3304 estin
568 3243 658 3303 13333
674 3239 813 3302 scientia
828 3237 970 3300 Domini.
1160 3242 1320 3321 plurimos
1335 3241 1479 3314 erudire,
1491 3242 1610 3320 quibus
1628 3243 1658 3304 si
1672 3242 1799 3320 proprii
1813 3258 1959 3319 proseu-

352 3341 435 3413 Quia
455 3337 589 3420 plurimi
611 3337 702 3399 velut
723 3335 878 3398 illusores
895 3335 956 3396 11111
971 3337 1105 3412 3333313
1159 3341 1277 3402 333133
1292 3338 1510 3401 ecclesiastici
1524 3355 1589 3400 non
1610 3339 1789 3406 sufficiunt,
1806 3339 1957 3418 praedicti

308 3455 374 3502 non
384 3439 513 3500 modica
527 3433 1103 3516 333113333313133113133311131311,
1160 3437 1349 3499 3333333313
1362 3437 1633 3510 3313131313331;
1650 3436 1806 3497 13333133
1827 3437 1955 3498 veroin

307 3535 534 3614 comparatum
548 3532 595 3613 (3)
612 3531 675 3595 3111
688 3531 728 3592 13
743 3532 815 3610 1333
830 3531 969 3608 31113333
982 3547 1105 3592 333333
1159 3533 1346 3610 theologica
1362 3533 1530 3602 facultate,
1545 3533 1622 3594 dum
1635 3533 1671 3594 in
1690 3533 1813 3594 scholis
1827 3532 1955 3594 docue-

307 3635 340 3696 et
354 3647 492 3694 sonoras
508 3645 581 3710 quas
597 3645 662 3694 333
679 3629 812 3701 satiant,
831 3631 863 3691 31
880 3643 1000 3707 aquam
1015 3627 1104 3690 hau·
1158 3630 1236 3704 3131,
1254 3633 1286 3693 31
1301 3632 1471 3694 studentes
1484 3630 1519 3694 in
1535 3629 1617 3708 1333,
1632 3631 1762 3707 integre
1778 3646 1836 3707 per
1850 3646 1958 3692 anuos

308 3729 400 3792 riunt
414 3745 488 3790 cum
512 3727 612 3789 situla
634 3726 852 3790 Samaritanae
873 3724 913 3786 de
934 3726 1032 3802 puteo
1052 3725 1104 3786 vel
1159 3729 1304 3808 quinque
1318 3728 1505 3808 percipiant
1518 3727 1559 3789 13
1584 3727 1719 3791 licentia
1736 3725 1831 3789 Sedis
1851 3731 1960 3804 Apos-

307 3828 454 3890 torrente
496 3838 656 3901 aquarum
695 3821 877 3884 infidelium
909 3838 982 3900 quae
1015 3823 1104 3884 sitim
1160 3824 1267 3886 tolicae
1289 3827 1467 3900 proventus
1483 3823 1751 3902 praebendarum,
1771 3823 1956 3886 etsnorum

306 3921 479 4001 hydropici
493 3937 558 3984 non
582 3921 743 3992 relevant,
765 3917 823 3982 sed
841 3919 986 3982 13311331.
1006 3921 1104 3982 Τ3133
1158 3917 1405 3993 beneficiorum,
1420 3937 1486 3982 non
1502 3921 1653 3983 obstante
1660 3921 1773 3998 aliqua
1785 3919 1957 3983 contraria

306 4019 458 4100 equidem
473 4018 605 4082 hortum
618 4018 821 4090 conclusum,
841 4017 895 4078 cui
919 4033 985 4080 non
1008 4033 1103 4080 oom—
1159 4018 1399 4080 consuetudine
1410 4019 1461 4080 331
1473 4019 1607 4092 3131313,
1624 4035 1724 4096 quum
1739 4017 1878 4080 denario
1893 4016 1956 4078 de-

305 4117 452 4180 municat
486 4115 628 4188 alienus,
660 4115 714 4176 ubi
744 4112 817 4176 1333
844 4115 894 4178 331
925 4115 958 4178 31
986 4117 1103 4195 puteus
1158 4115 1307 4179 fraudari
1323 4131 1389 4178 non
1406 4114 1548 4179 debeant
1564 4114 1711 4179 1331333
1724 4116 1856 4178 Domini
1872 4131 1952 4192 ope-

307 4229 468 4294 aquarum
488 4214 687 4282 viventium,
702 4213 893 4275 deserentes
908 4227 949 4275 33
971 4212 1103 4275 fodien·
1157 4213 1279 4276 333133.
1296 4215 1375 4276 Haeo
1390 4215 1500 4276 autem
1513 4214 1664 4280 volumus
1680 4213 1879 4276 inconcusse
1890 4211 1952 4274 ob-

305 4316 355 4376 tes
380 4311 445 4374 sibi
473 4311 649 4380 cisternas,
674 4325 748 4388 quae
768 4326 888 4388 aquam
917 4325 983 4370 non
1011 4326 1102 4388 prae-
1158 4310 1288 4372 servari
1319 4309 1459 4374 tirmiter
1485 4311 1708 4390 disponentes,
1731 4309 1818 4388 quod
1840 4309 1948 4372 feria·

306 4411 421 4472 valent
446 4409 627 4479 continere,
667 4406 763 4482 quasi
799 4421 865 4467 non
896 4407 1103 4469 invenientes
1158 4424 1230 4469 mus
1252 4423 1350 4488 poena
1369 4403 1479 4469 debita
1501 4406 1765 4484 transgressores
1786 4404 1846 4486 (8).
1867 4409 1957 4468 Sane

307 4521 442 4585 pascua.
460 4504 621 4566 Fastidito
633 4517 767 4573 manna,
782 4501 860 4563 dom
875 4501 1043 4580 suspirant
1062 4505 1102 4565 ad
1157 4505 1236 4567 licet
1261 4505 1365 4570 fallax
1384 4506 1428 4566 sit
1450 4505 1559 4580 gratia
1576 4507 1771 4567 caeterarum
1791 4503 1955 4565 33133113-

307 4602 443 4681 AEgypti
454 4601 533 4664 allia
543 4601 575 4662 31
583 4615 740 4678 3333333,
751 4602 889 4661 currunt
897 4599 937 4660 ad
946 4600 1103 4663 scientias
1158 4618 1231 4662 rum
1246 4604 1279 4664 et
1297 4617 1385 4664 vana
1399 4601 1500 4664 etiam
1515 4601 1737 4679 pulchritudo,
1756 4617 1856 4679 quum
1877 4600 1953 4662 fru-

306 4697 488 4760 lucrativas
502 4694 562 4776 (4),
580 4694 763 4757 statuentes
778 4691 813 4753 13
825 4691 872 4772 (5)
888 4694 1012 4756 terram
1025 4710 1103 4757 suos
1158 4701 1305 4761 mentum
1320 4699 1501 4761 electorum
1514 4701 1546 4761 et
1561 4699 1674 4760 vinum
1683 4698 1873 4776 germinans
1883 4698 1957 4759 vir-

307 4795 422 4857 oculos
451 4792 632 4856 declinare.
661 4792 705 4853 Ut
732 4791 836 4867 igitur
854 4807 913 4868 per
935 4793 1102 4871 interpre-
1157 4796 1251 4872 gines
1278 4798 1375 4874 juxta
1404 4797 1605 4873 Prophetam
1630 4796 1673 4858 sit
1699 4795 1823 4858 bonum
1853 4809 1957 4872 super

306 4892 449 4955 tationes
480 4889 527 4970 (6)
562 4887 693 4952 validas
728 4889 886 4966 tauquam
914 4907 974 4967 per
999 4891 1103 4968 patris
1158 4893 1269 4955 omnia
1291 4895 1324 4956 31
1341 4893 1384 4955 311
1403 4893 1589 4971 pulchrum,
1615 4894 1694 4971 qnia
1718 4894 1830 4955 131333
1849 4909 1955 4968 regu-

305 4985 456 5059 verbera,
481 4985 543 5047 tilii
568 4985 760 5048 aberrantes
788 4984 829 5046 ad
854 4987 970 5048 matris
1001 4986 1103 5049 ubera
1158 4991 1245 5052 lares
1261 4989 1405 5068 quidam,
1419 4989 1598 5053 claustrale
1613 4990 1783 5052 silentium
1799 4991 1832 5050 et
1846 4990 1953 5064 legem

305 5085 463 5156 revocati,
480 5082 571 5145 velut
591 5081 673 5160 pulli
688 5082 880 5160 aquilarum
896 5085 1020 5160 queant
1043 5100 1104 5146 ex·
1157 5087 1289 5149 Domini
1311 5087 1440 5148 animas
1469 5088 1727 5158 convertentem,
1761 5087 1794 5148 31
1820 5085 1957 5163 sapien-

305 5182 448 5264 pedittus
462 5179 630 5253 advolare,
648 5195 687 5241 ac
700 5179 863 5242 inoffense
880 5182 978 5258 atque
994 5181 1104 5243 liben-
1158 5185 1238 5247 tiam
1262 5185 1395 5247 dantem
1419 5185 1568 5263 parvulis
1590 5201 1689 5263 quam
1712 5199 1813 5262 super
1837 5198 1956 5244 aurum

341 5321 382 5398 (1)
402 5323 530 5382 Murteae
543 5336 551 5378 :
566 5320 719 5378 tristamur.
759 5321 800 5396 (2)
817 5321 944 5380 11331333
958 5338 967 5377 .·
982 5320 1101 5380 lactens.
1205 5323 1232 5396 s)
1245 5325 1372 5384 Mostene
1387 5341 1396 5381 .·
1412 5325 1459 5384 ad.
1498 5326 1536 5398 (6)
1551 5323 1813 5384 1133133333113.

342 5397 382 5482 13)
410 5393 537 5452 Mostene
559 5407 568 5446 :
592 5392 658 5464 qula
688 5392 783 5476 plures
810 5391 941 5450 videntur
974 5391 1104 5452 illusores
1207 5397 1235 5466 7)
1251 5395 1402 5454 Murteae:
1416 5399 1440 5468 f.
1458 5397 1524 5454 vitis
1539 5403 1650 5454 vestrae.

306 5469 364 5526 llllr.
389 5465 512 5536 Accepta
539 5475 598 5519 nou
618 5461 728 5520 1331133
756 5463 885 5534 portione
908 5464 975 5520 lesu
1002 5463 1103 5522 Christi
1194 5467 1234 5538 (8)
1249 5464 1289 5524 Cf.
1305 5467 1409 5535 031313
1424 5467 1603 5538 conpilatis,
1617 5465 1665 5522 lib.
1679 5467 1715 5530 V,
1733 5464 1774 5524 tit.
1789 5465 1827 5533 ll,
1842 5463 1876 5520 dc
1893 5463 1956 5522 lfo-

305 5542 482 5610 comparent,
499 5540 553 5592 ete.
742 5603 747 5614 ¹
1157 5539 1343 5611 3131313333.
1363 5539 1377 5594 l
1403 5545 1432 5596 ct
1456 5539 1497 5596 tit.
1519 5538 1583 5607 ltll,
1600 5538 1634 5594 de
1648 5535 1824 5607 rrtrstteqns,
1844 5547 1908 5611 cap.
1927 5535 1953 5603 3,

343 5607 383 5682 (1)
400 5607 526 5664 Mortem
544 5621 552 5662 :
569 5604 715 5662 adsueras
730 5603 911 5660 litteraturas.
1158 5608 1211 5668 001,
1227 5609 1289 5677 361,
1304 5620 1371 5667 som,
1387 5611 1408 5664 1.
