<?xml version="1.0" encoding="UTF-8"?>
<!DOCTYPE html PUBLIC "-//W3C//DTD XHTML 1.0 Transitional//EN"
    "http://www.w3.org/TR/xhtml1/DTD/xhtml1-transitional.dtd">
<html xmlns="http://www.w3.org/1999/xhtml" xml:lang="en" lang="en">
 <head>
  <title>
</title>
<meta http-equiv="Content-Type" content="text/html;charset=utf-8" />
  <meta name='ocr-system' content='tesseract 3.04.00' />
  <meta name='ocr-capabilities' content='ocr_page ocr_carea ocr_par ocr_line ocrx_word'/>
</head>
<body>
  <div class='ocr_page' id='page_1' title='image "./mediiaevibiblio03bottgoog_0144.png"; bbox 0 0 4280 6404; ppageno 0'>
   <div class='ocr_carea' id='block_1_1' title="bbox 164 259 1805 334">
    <p class='ocr_par' dir='ltr' id='par_1_1' title="bbox 164 259 1805 334">
     <span class='ocr_line' id='line_1_1' title="bbox 164 259 1805 334; baseline 0.004 -7"><span class='ocrx_word' id='word_1_1' title='bbox 164 265 225 328; x_wconf 79' lang='lat' dir='ltr'>aaa</span> <span class='ocrx_word' id='word_1_2' title='bbox 781 259 1011 332; x_wconf 64' lang='lat' dir='ltr'>amaneum?</span> <span class='ocrx_word' id='word_1_3' title='bbox 1034 274 1112 333; x_wconf 81' lang='lat' dir='ltr'>ms.</span> <span class='ocrx_word' id='word_1_4' title='bbox 1136 275 1191 333; x_wconf 85' lang='lat'><em>111.</em></span> <span class='ocrx_word' id='word_1_5' title='bbox 1745 275 1805 334; x_wconf 79' lang='lat' dir='ltr'>aco</span> 
     </span>
    </p>
   </div>
   <div class='ocr_carea' id='block_1_2' title="bbox 165 423 1807 511">
    <p class='ocr_par' dir='ltr' id='par_1_2' title="bbox 165 423 1807 511">
     <span class='ocr_line' id='line_1_2' title="bbox 165 423 1807 511; baseline 0.005 -25"><span class='ocrx_word' id='word_1_6' title='bbox 165 423 323 487; x_wconf 79' lang='lat' dir='ltr'>curandis</span> <span class='ocrx_word' id='word_1_7' title='bbox 349 427 491 502; x_wconf 83' lang='lat' dir='ltr'>negotiis</span> <span class='ocrx_word' id='word_1_8' title='bbox 517 427 684 490; x_wconf 86' lang='lat' dir='ltr'>destinare</span> <span class='ocrx_word' id='word_1_9' title='bbox 700 429 779 504; x_wconf 88' lang='lat' dir='ltr'>quot</span> <span class='ocrx_word' id='word_1_10' title='bbox 797 429 830 491; x_wconf 88' lang='lat' dir='ltr'>et</span> <span class='ocrx_word' id='word_1_11' title='bbox 844 430 958 506; x_wconf 89' lang='lat' dir='ltr'>quales</span> <span class='ocrx_word' id='word_1_12' title='bbox 1013 431 1240 508; x_wconf 80' lang='lat' dir='ltr'>interjectam,</span> <span class='ocrx_word' id='word_1_13' title='bbox 1271 433 1307 493; x_wconf 92' lang='lat' dir='ltr'>in</span> <span class='ocrx_word' id='word_1_14' title='bbox 1342 433 1590 495; x_wconf 82' lang='lat' dir='ltr'>excusationem</span> <span class='ocrx_word' id='word_1_15' title='bbox 1624 449 1807 511; x_wconf 90' lang='lat' dir='ltr'>praesump-</span> 
     </span>
    </p>
   </div>
   <div class='ocr_carea' id='block_1_3' title="bbox 165 522 1932 607">
    <p class='ocr_par' dir='ltr' id='par_1_3' title="bbox 165 522 1932 607">
     <span class='ocr_line' id='line_1_3' title="bbox 165 522 1932 607; baseline 0.006 -24"><span class='ocrx_word' id='word_1_16' title='bbox 165 522 308 594; x_wconf 91' lang='lat' dir='ltr'>volebat,</span> <span class='ocrx_word' id='word_1_17' title='bbox 326 524 382 600; x_wconf 90' lang='lat' dir='ltr'>qui</span> <span class='ocrx_word' id='word_1_18' title='bbox 392 525 612 602; x_wconf 81' lang='lat' dir='ltr'>praeterquam</span> <span class='ocrx_word' id='word_1_19' title='bbox 623 525 658 586; x_wconf 89' lang='lat' dir='ltr'>in</span> <span class='ocrx_word' id='word_1_20' title='bbox 671 525 872 602; x_wconf 73' lang='lat' dir='ltr'>quotidianis</span> <span class='ocrx_word' id='word_1_21' title='bbox 885 526 957 587; x_wconf 89' lang='lat' dir='ltr'>dis·</span> <span class='ocrx_word' id='word_1_22' title='bbox 1011 528 1113 590; x_wconf 89' lang='lat' dir='ltr'>tionis</span> <span class='ocrx_word' id='word_1_23' title='bbox 1124 529 1312 606; x_wconf 90' lang='lat' dir='ltr'>hujusmodi</span> <span class='ocrx_word' id='word_1_24' title='bbox 1321 529 1572 606; x_wconf 88' lang='lat' dir='ltr'>praetendentes,</span> <span class='ocrx_word' id='word_1_25' title='bbox 1587 529 1673 607; x_wconf 92' lang='lat' dir='ltr'>quod</span> <span class='ocrx_word' id='word_1_26' title='bbox 1688 531 1805 593; x_wconf 90' lang='lat' dir='ltr'>electio</span> <span class='ocrx_word' id='word_1_27' title='bbox 1927 534 1932 542; x_wconf 91' lang='lat'>&#39;</span> 
     </span>
    </p>
   </div>
   <div class='ocr_carea' id='block_1_4' title="bbox 158 617 1809 1578">
    <p class='ocr_par' dir='ltr' id='par_1_4' title="bbox 158 617 1809 1578">
     <span class='ocr_line' id='line_1_4' title="bbox 164 617 1805 704; baseline 0.005 -25"><span class='ocrx_word' id='word_1_28' title='bbox 164 617 411 689; x_wconf 90' lang='lat' dir='ltr'>tributionibus,</span> <span class='ocrx_word' id='word_1_29' title='bbox 418 621 685 683; x_wconf 85' lang='lat' dir='ltr'>suarumthuctus</span> <span class='ocrx_word' id='word_1_30' title='bbox 694 623 903 699; x_wconf 88' lang='lat' dir='ltr'>perciperent</span> <span class='ocrx_word' id='word_1_31' title='bbox 912 622 959 683; x_wconf 91' lang='lat' dir='ltr'>in·</span> <span class='ocrx_word' id='word_1_32' title='bbox 1013 625 1052 686; x_wconf 93' lang='lat' dir='ltr'>de</span> <span class='ocrx_word' id='word_1_33' title='bbox 1066 626 1152 687; x_wconf 88' lang='lat' dir='ltr'>dioto</span> <span class='ocrx_word' id='word_1_34' title='bbox 1172 627 1326 688; x_wconf 81' lang='lat' dir='ltr'>iohanne</span> <span class='ocrx_word' id='word_1_35' title='bbox 1339 628 1537 704; x_wconf 88' lang='lat' dir='ltr'>praesumpta</span> <span class='ocrx_word' id='word_1_36' title='bbox 1554 643 1613 704; x_wconf 90' lang='lat' dir='ltr'>per</span> <span class='ocrx_word' id='word_1_37' title='bbox 1631 628 1805 704; x_wconf 87' lang='lat' dir='ltr'>quemdam</span> 
     </span>
     <span class='ocr_line' id='line_1_5' title="bbox 164 715 1808 800; baseline 0.006 -24"><span class='ocrx_word' id='word_1_38' title='bbox 164 716 277 790; x_wconf 80' lang='lat' dir='ltr'>tegros</span> <span class='ocrx_word' id='word_1_39' title='bbox 290 715 553 793; x_wconf 90' lang='lat' dir='ltr'>praebendarum,</span> <span class='ocrx_word' id='word_1_40' title='bbox 574 719 799 781; x_wconf 71' lang='lat' dir='ltr'>consentiente</span> <span class='ocrx_word' id='word_1_41' title='bbox 812 723 850 780; x_wconf 82' lang='lat' dir='ltr'>A.</span> <span class='ocrx_word' id='word_1_42' title='bbox 867 736 957 795; x_wconf 88' lang='lat' dir='ltr'>prae-</span> <span class='ocrx_word' id='word_1_43' title='bbox 1013 719 1203 793; x_wconf 85' lang='lat' dir='ltr'>diaconnm,</span> <span class='ocrx_word' id='word_1_44' title='bbox 1223 739 1320 800; x_wconf 89' lang='lat' dir='ltr'>quem</span> <span class='ocrx_word' id='word_1_45' title='bbox 1343 722 1544 785; x_wconf 88' lang='lat' dir='ltr'>venerabilis</span> <span class='ocrx_word' id='word_1_46' title='bbox 1566 723 1667 785; x_wconf 87' lang='lat' dir='ltr'>irater</span> <span class='ocrx_word' id='word_1_47' title='bbox 1695 727 1808 795; x_wconf 85' lang='lat' dir='ltr'>noster</span> 
     </span>
     <span class='ocr_line' id='line_1_6' title="bbox 163 812 1807 897; baseline 0.006 -26"><span class='ocrx_word' id='word_1_48' title='bbox 163 812 340 875; x_wconf 88' lang='lat' dir='ltr'>decessore</span> <span class='ocrx_word' id='word_1_49' title='bbox 353 815 422 886; x_wconf 90' lang='lat' dir='ltr'>tuo,</span> <span class='ocrx_word' id='word_1_50' title='bbox 438 816 688 876; x_wconf 81' lang='lat' dir='ltr'>scenomanen.</span> <span class='ocrx_word' id='word_1_51' title='bbox 698 815 842 892; x_wconf 89' lang='lat' dir='ltr'>capitulo</span> <span class='ocrx_word' id='word_1_52' title='bbox 857 815 959 877; x_wconf 84' lang='lat' dir='ltr'>tuisse</span> <span class='ocrx_word' id='word_1_53' title='bbox 1013 819 1228 880; x_wconf 72' lang='lat' dir='ltr'>cassellensis</span> <span class='ocrx_word' id='word_1_54' title='bbox 1243 819 1513 897; x_wconf 80' lang='lat' dir='ltr'>archiepiscopus</span> <span class='ocrx_word' id='word_1_55' title='bbox 1533 820 1807 897; x_wconf 88' lang='lat' dir='ltr'>metropolitanus</span> 
     </span>
     <span class='ocr_line' id='line_1_7' title="bbox 164 909 1807 993; baseline 0.006 -25"><span class='ocrx_word' id='word_1_56' title='bbox 164 909 314 970; x_wconf 90' lang='lat' dir='ltr'>noscitur</span> <span class='ocrx_word' id='word_1_57' title='bbox 340 909 541 982; x_wconf 87' lang='lat' dir='ltr'>institutum,</span> <span class='ocrx_word' id='word_1_58' title='bbox 576 913 609 972; x_wconf 92' lang='lat' dir='ltr'>et</span> <span class='ocrx_word' id='word_1_59' title='bbox 643 912 743 972; x_wconf 90' lang='lat' dir='ltr'>etiam</span> <span class='ocrx_word' id='word_1_60' title='bbox 768 913 959 988; x_wconf 88' lang='lat' dir='ltr'>juramento</span> <span class='ocrx_word' id='word_1_61' title='bbox 1013 913 1089 986; x_wconf 90' lang='lat' dir='ltr'>loci,</span> <span class='ocrx_word' id='word_1_62' title='bbox 1106 915 1185 977; x_wconf 90' lang='lat' dir='ltr'>tunc</span> <span class='ocrx_word' id='word_1_63' title='bbox 1200 915 1476 993; x_wconf 88' lang='lat' dir='ltr'>adApostolicam</span> <span class='ocrx_word' id='word_1_64' title='bbox 1493 915 1609 977; x_wconf 82' lang='lat' dir='ltr'>sedem</span> <span class='ocrx_word' id='word_1_65' title='bbox 1636 918 1807 990; x_wconf 87' lang='lat' dir='ltr'>venturus,</span> 
     </span>
     <span class='ocr_line' id='line_1_8' title="bbox 163 1005 1808 1090; baseline 0.007 -25"><span class='ocrx_word' id='word_1_66' title='bbox 163 1005 340 1078; x_wconf 80' lang='lat' dir='ltr'>firmatum,</span> <span class='ocrx_word' id='word_1_67' title='bbox 357 1007 394 1067; x_wconf 91' lang='lat' dir='ltr'>ut</span> <span class='ocrx_word' id='word_1_68' title='bbox 420 1007 596 1084; x_wconf 88' lang='lat' dir='ltr'>episcopus</span> <span class='ocrx_word' id='word_1_69' title='bbox 612 1007 699 1068; x_wconf 88' lang='lat' dir='ltr'>ultra</span> <span class='ocrx_word' id='word_1_70' title='bbox 713 1006 796 1069; x_wconf 89' lang='lat' dir='ltr'>duos</span> <span class='ocrx_word' id='word_1_71' title='bbox 814 1023 856 1068; x_wconf 83' lang='lat' dir='ltr'>ex</span> <span class='ocrx_word' id='word_1_72' title='bbox 876 1009 958 1085; x_wconf 89' lang='lat' dir='ltr'>ipsis</span> <span class='ocrx_word' id='word_1_73' title='bbox 1013 1015 1259 1087; x_wconf 88' lang='lat' dir='ltr'>procuratorem</span> <span class='ocrx_word' id='word_1_74' title='bbox 1280 1029 1374 1072; x_wconf 78' lang='lat' dir='ltr'>strum</span> <span class='ocrx_word' id='word_1_75' title='bbox 1390 1013 1580 1090; x_wconf 90' lang='lat' dir='ltr'>reliquerat,</span> <span class='ocrx_word' id='word_1_76' title='bbox 1604 1013 1711 1076; x_wconf 86' lang='lat' dir='ltr'>iuerat</span> <span class='ocrx_word' id='word_1_77' title='bbox 1728 1031 1808 1076; x_wconf 88' lang='lat' dir='ltr'>con-</span> 
     </span>
     <span class='ocr_line' id='line_1_9' title="bbox 163 1103 1808 1189; baseline 0.007 -27"><span class='ocrx_word' id='word_1_78' title='bbox 163 1103 334 1164; x_wconf 82' lang='lat' dir='ltr'>canonicis</span> <span class='ocrx_word' id='word_1_79' title='bbox 354 1118 467 1165; x_wconf 89' lang='lat' dir='ltr'>secum</span> <span class='ocrx_word' id='word_1_80' title='bbox 490 1103 614 1164; x_wconf 89' lang='lat' dir='ltr'>habere</span> <span class='ocrx_word' id='word_1_81' title='bbox 638 1119 704 1166; x_wconf 89' lang='lat' dir='ltr'>ncn</span> <span class='ocrx_word' id='word_1_82' title='bbox 733 1105 853 1177; x_wconf 88' lang='lat' dir='ltr'>valeat,</span> <span class='ocrx_word' id='word_1_83' title='bbox 877 1121 959 1181; x_wconf 91' lang='lat' dir='ltr'>quos</span> <span class='ocrx_word' id='word_1_84' title='bbox 1014 1107 1142 1168; x_wconf 80' lang='lat' dir='ltr'>firmata</span> <span class='ocrx_word' id='word_1_85' title='bbox 1158 1131 1165 1167; x_wconf 75' lang='grc' dir='ltr'><strong><em>ε</em></strong></span> <span class='ocrx_word' id='word_1_86' title='bbox 1180 1109 1267 1169; x_wconf 91' lang='lat' dir='ltr'>unde</span> <span class='ocrx_word' id='word_1_87' title='bbox 1280 1109 1467 1186; x_wconf 88' lang='lat' dir='ltr'>postulabat</span> <span class='ocrx_word' id='word_1_88' title='bbox 1479 1111 1653 1179; x_wconf 88' lang='lat' dir='ltr'>instanter,</span> <span class='ocrx_word' id='word_1_89' title='bbox 1670 1111 1706 1173; x_wconf 87' lang='lat' dir='ltr'>ut</span> <span class='ocrx_word' id='word_1_90' title='bbox 1719 1127 1808 1189; x_wconf 86' lang='lat' dir='ltr'>prae-</span> 
     </span>
     <span class='ocr_line' id='line_1_10' title="bbox 162 1199 1808 1277; baseline 0.006 -17"><span class='ocrx_word' id='word_1_91' title='bbox 162 1199 959 1277; x_wconf 83' lang='lat' dir='ltr'>etiamduospraebendarumsuarumproventus</span> <span class='ocrx_word' id='word_1_92' title='bbox 1013 1205 1115 1266; x_wconf 88' lang='lat' dir='ltr'>tatum</span> <span class='ocrx_word' id='word_1_93' title='bbox 1148 1206 1311 1268; x_wconf 90' lang='lat' dir='ltr'>intrusum</span> <span class='ocrx_word' id='word_1_94' title='bbox 1345 1209 1553 1270; x_wconf 85' lang='lat' dir='ltr'>removentes</span> <span class='ocrx_word' id='word_1_95' title='bbox 1588 1209 1629 1269; x_wconf 88' lang='lat' dir='ltr'>ab</span> <span class='ocrx_word' id='word_1_96' title='bbox 1666 1209 1808 1271; x_wconf 89' lang='lat' dir='ltr'>ecclesia</span> 
     </span>
     <span class='ocr_line' id='line_1_11' title="bbox 160 1295 1808 1383; baseline 0.007 -27"><span class='ocrx_word' id='word_1_97' title='bbox 160 1295 332 1372; x_wconf 78' lang='lat' dir='ltr'>percipere</span> <span class='ocrx_word' id='word_1_98' title='bbox 353 1297 500 1372; x_wconf 82' lang='lat' dir='ltr'>integros</span> <span class='ocrx_word' id='word_1_99' title='bbox 517 1313 583 1358; x_wconf 91' lang='lat' dir='ltr'>non</span> <span class='ocrx_word' id='word_1_100' title='bbox 605 1297 810 1374; x_wconf 86' lang='lat' dir='ltr'>permittunt,</span> <span class='ocrx_word' id='word_1_101' title='bbox 825 1313 886 1360; x_wconf 90' lang='lat' dir='ltr'>nec</span> <span class='ocrx_word' id='word_1_102' title='bbox 899 1314 960 1374; x_wconf 92' lang='lat' dir='ltr'>po-</span> <span class='ocrx_word' id='word_1_103' title='bbox 1013 1302 1227 1378; x_wconf 89' lang='lat' dir='ltr'>supradicta,</span> <span class='ocrx_word' id='word_1_104' title='bbox 1269 1305 1301 1364; x_wconf 91' lang='lat' dir='ltr'>et</span> <span class='ocrx_word' id='word_1_105' title='bbox 1338 1320 1397 1381; x_wconf 93' lang='lat' dir='ltr'>pro</span> <span class='ocrx_word' id='word_1_106' title='bbox 1432 1320 1502 1365; x_wconf 87' lang='lat' dir='ltr'>suae</span> <span class='ocrx_word' id='word_1_107' title='bbox 1542 1306 1808 1383; x_wconf 84' lang='lat' dir='ltr'>praesumptionis</span> 
     </span>
     <span class='ocr_line' id='line_1_12' title="bbox 158 1389 1809 1480; baseline 0.006 -26"><span class='ocrx_word' id='word_1_108' title='bbox 158 1393 222 1454; x_wconf 85' lang='lat' dir='ltr'>test</span> <span class='ocrx_word' id='word_1_109' title='bbox 236 1392 322 1454; x_wconf 91' lang='lat' dir='ltr'>idem</span> <span class='ocrx_word' id='word_1_110' title='bbox 338 1393 512 1469; x_wconf 88' lang='lat' dir='ltr'>episcopus</span> <span class='ocrx_word' id='word_1_111' title='bbox 542 1409 585 1455; x_wconf 82' lang='lat' dir='ltr'>ex</span> <span class='ocrx_word' id='word_1_112' title='bbox 600 1393 767 1470; x_wconf 77' lang='lat' dir='ltr'>praedictis</span> <span class='ocrx_word' id='word_1_113' title='bbox 789 1395 959 1456; x_wconf 88' lang='lat' dir='ltr'>canonicis</span> <span class='ocrx_word' id='word_1_114' title='bbox 1014 1415 1153 1460; x_wconf 79' lang='lat' dir='ltr'>excessu</span> <span class='ocrx_word' id='word_1_115' title='bbox 1172 1401 1332 1462; x_wconf 89' lang='lat' dir='ltr'>canonice</span> <span class='ocrx_word' id='word_1_116' title='bbox 1356 1389 1530 1477; x_wconf 87' lang='lat' dir='ltr'>punientes</span> <span class='ocrx_word' id='word_1_117' title='bbox 1552 1403 1724 1480; x_wconf 90' lang='lat' dir='ltr'>episcopos</span> <span class='ocrx_word' id='word_1_118' title='bbox 1746 1419 1809 1464; x_wconf 70' lang='lat' dir='ltr'>an»-</span> 
     </span>
     <span class='ocr_line' id='line_1_13' title="bbox 160 1489 1808 1578; baseline 0.007 -29"><span class='ocrx_word' id='word_1_119' title='bbox 160 1489 290 1551; x_wconf 89' lang='lat' dir='ltr'>mittere</span> <span class='ocrx_word' id='word_1_120' title='bbox 308 1489 437 1566; x_wconf 90' lang='lat' dir='ltr'>aliquos</span> <span class='ocrx_word' id='word_1_121' title='bbox 464 1490 505 1550; x_wconf 92' lang='lat' dir='ltr'>ad</span> <span class='ocrx_word' id='word_1_122' title='bbox 527 1489 633 1566; x_wconf 89' lang='lat' dir='ltr'>ipsius</span> <span class='ocrx_word' id='word_1_123' title='bbox 658 1491 809 1552; x_wconf 88' lang='lat' dir='ltr'>ecclesiae</span> <span class='ocrx_word' id='word_1_124' title='bbox 825 1492 958 1566; x_wconf 82' lang='lat' dir='ltr'>negotia</span> <span class='ocrx_word' id='word_1_125' title='bbox 1012 1497 1163 1568; x_wconf 87' lang='lat' dir='ltr'>tedictcs,</span> <span class='ocrx_word' id='word_1_126' title='bbox 1180 1497 1451 1558; x_wconf 82' lang='lat' dir='ltr'>confirmaremus</span> <span class='ocrx_word' id='word_1_127' title='bbox 1473 1498 1667 1560; x_wconf 88' lang='lat' dir='ltr'>electionem</span> <span class='ocrx_word' id='word_1_128' title='bbox 1681 1499 1721 1560; x_wconf 94' lang='lat' dir='ltr'>de</span> <span class='ocrx_word' id='word_1_129' title='bbox 1735 1501 1808 1578; x_wconf 90' lang='lat' dir='ltr'>ipso</span> 
     </span>
    </p>
   </div>
   <div class='ocr_carea' id='block_1_5' title="bbox 160 1587 1923 1665">
    <p class='ocr_par' dir='ltr' id='par_1_5' title="bbox 160 1587 1923 1665">
     <span class='ocr_line' id='line_1_14' title="bbox 160 1587 1923 1665; baseline 0.007 -19"><span class='ocrx_word' id='word_1_130' title='bbox 160 1587 393 1662; x_wconf 91' lang='lat' dir='ltr'>procuranda,</span> <span class='ocrx_word' id='word_1_131' title='bbox 423 1587 561 1662; x_wconf 89' lang='lat' dir='ltr'>capituli</span> <span class='ocrx_word' id='word_1_132' title='bbox 588 1587 723 1648; x_wconf 89' lang='lat' dir='ltr'>licentia</span> <span class='ocrx_word' id='word_1_133' title='bbox 746 1603 813 1648; x_wconf 92' lang='lat' dir='ltr'>non</span> <span class='ocrx_word' id='word_1_134' title='bbox 843 1590 956 1665; x_wconf 88' lang='lat' dir='ltr'>petita.</span> <span class='ocrx_word' id='word_1_135' title='bbox 1013 1595 1172 1655; x_wconf 88' lang='lat' dir='ltr'>canonice</span> <span class='ocrx_word' id='word_1_136' title='bbox 1187 1593 1398 1656; x_wconf 86' lang='lat' dir='ltr'>celebratam.</span> <span class='ocrx_word' id='word_1_137' title='bbox 1412 1595 1503 1656; x_wconf 90' lang='lat' dir='ltr'>Licet</span> <span class='ocrx_word' id='word_1_138' title='bbox 1515 1597 1625 1658; x_wconf 89' lang='lat' dir='ltr'>autem</span> <span class='ocrx_word' id='word_1_139' title='bbox 1648 1596 1733 1658; x_wconf 91' lang='lat' dir='ltr'>idem</span> <span class='ocrx_word' id='word_1_140' title='bbox 1747 1613 1807 1658; x_wconf 90' lang='lat' dir='ltr'>ca·</span> <span class='ocrx_word' id='word_1_141' title='bbox 1920 1603 1923 1612; x_wconf 86' lang='grc'><strong>“</strong></span> 
     </span>
    </p>
   </div>
   <div class='ocr_carea' id='block_1_6' title="bbox 157 1682 1812 4682">
    <p class='ocr_par' dir='ltr' id='par_1_6' title="bbox 158 1682 1812 3031">
     <span class='ocr_line' id='line_1_15' title="bbox 161 1682 1812 1764; baseline 0.007 -20"><span class='ocrx_word' id='word_1_142' title='bbox 161 1682 960 1761; x_wconf 88' lang='lat' dir='ltr'>Undenobishumilitersupplicastiuttihisuper</span> <span class='ocrx_word' id='word_1_143' title='bbox 1013 1691 1151 1752; x_wconf 91' lang='lat' dir='ltr'>nonicus</span> <span class='ocrx_word' id='word_1_144' title='bbox 1177 1691 1272 1752; x_wconf 90' lang='lat' dir='ltr'>nobis</span> <span class='ocrx_word' id='word_1_145' title='bbox 1299 1692 1419 1752; x_wconf 91' lang='lat' dir='ltr'>multas</span> <span class='ocrx_word' id='word_1_146' title='bbox 1438 1692 1567 1755; x_wconf 86' lang='lat' dir='ltr'>litteras</span> <span class='ocrx_word' id='word_1_147' title='bbox 1595 1693 1784 1756; x_wconf 83' lang='lat' dir='ltr'>exhibuerit</span> <span class='ocrx_word' id='word_1_148' title='bbox 1798 1695 1812 1764; x_wconf 90' lang='lat'>‚&#39;</span> 
     </span>
     <span class='ocr_line' id='line_1_16' title="bbox 160 1779 1808 1864; baseline 0.005 -20"><span class='ocrx_word' id='word_1_149' title='bbox 160 1779 224 1844; x_wconf 84' lang='lat' dir='ltr'>hoc</span> <span class='ocrx_word' id='word_1_150' title='bbox 236 1780 411 1856; x_wconf 88' lang='lat' dir='ltr'>providere</span> <span class='ocrx_word' id='word_1_151' title='bbox 430 1780 471 1841; x_wconf 90' lang='lat' dir='ltr'>de</span> <span class='ocrx_word' id='word_1_152' title='bbox 484 1780 800 1855; x_wconf 78' lang='lat' dir='ltr'>benignitatesedis</span> <span class='ocrx_word' id='word_1_153' title='bbox 818 1783 960 1858; x_wconf 83' lang='lat' dir='ltr'>Aposto-</span> <span class='ocrx_word' id='word_1_154' title='bbox 1013 1803 1073 1864; x_wconf 89' lang='lat' dir='ltr'>per</span> <span class='ocrx_word' id='word_1_155' title='bbox 1101 1803 1182 1864; x_wconf 90' lang='lat' dir='ltr'>quas</span> <span class='ocrx_word' id='word_1_156' title='bbox 1207 1789 1238 1848; x_wconf 94' lang='lat' dir='ltr'>ei</span> <span class='ocrx_word' id='word_1_157' title='bbox 1263 1788 1499 1864; x_wconf 86' lang='lat' dir='ltr'>perhibebatur</span> <span class='ocrx_word' id='word_1_158' title='bbox 1517 1790 1742 1852; x_wconf 88' lang='lat' dir='ltr'>testimonium</span> <span class='ocrx_word' id='word_1_159' title='bbox 1767 1791 1808 1853; x_wconf 93' lang='lat' dir='ltr'>de</span> 
     </span>
     <span class='ocr_line' id='line_1_17' title="bbox 159 1876 1806 1961; baseline 0.008 -25"><span class='ocrx_word' id='word_1_160' title='bbox 159 1877 233 1940; x_wconf 84' lang='lat' dir='ltr'>licae</span> <span class='ocrx_word' id='word_1_161' title='bbox 261 1876 484 1952; x_wconf 81' lang='lat' dir='ltr'>dignaremur.</span> <span class='ocrx_word' id='word_1_162' title='bbox 514 1876 672 1939; x_wconf 89' lang='lat' dir='ltr'>Volentes</span> <span class='ocrx_word' id='word_1_163' title='bbox 695 1877 798 1954; x_wconf 82' lang='lat' dir='ltr'>igitur</span> <span class='ocrx_word' id='word_1_164' title='bbox 819 1879 904 1940; x_wconf 92' lang='lat' dir='ltr'>utin</span> <span class='ocrx_word' id='word_1_165' title='bbox 926 1880 958 1940; x_wconf 92' lang='lat' dir='ltr'>te</span> <span class='ocrx_word' id='word_1_166' title='bbox 1013 1884 1237 1960; x_wconf 69' lang='lat' dir='ltr'>praedictiset</span> <span class='ocrx_word' id='word_1_167' title='bbox 1251 1900 1326 1961; x_wconf 86' lang='lat' dir='ltr'>quae</span> <span class='ocrx_word' id='word_1_168' title='bbox 1339 1884 1448 1961; x_wconf 90' lang='lat' dir='ltr'>ipsum</span> <span class='ocrx_word' id='word_1_169' title='bbox 1461 1885 1584 1947; x_wconf 89' lang='lat' dir='ltr'>devita</span> <span class='ocrx_word' id='word_1_170' title='bbox 1611 1887 1643 1948; x_wconf 88' lang='lat' dir='ltr'>et</span> <span class='ocrx_word' id='word_1_171' title='bbox 1666 1887 1806 1949; x_wconf 87' lang='lat' dir='ltr'>scientia</span> 
     </span>
     <span class='ocr_line' id='line_1_18' title="bbox 160 1973 1807 2062; baseline 0.007 -28"><span class='ocrx_word' id='word_1_172' title='bbox 160 1973 359 2050; x_wconf 71' lang='lat' dir='ltr'>apostolicas</span> <span class='ocrx_word' id='word_1_173' title='bbox 375 1973 469 2034; x_wconf 86' lang='lat' dir='ltr'>Sedis</span> <span class='ocrx_word' id='word_1_174' title='bbox 484 1973 730 2049; x_wconf 84' lang='lat' dir='ltr'>superabundet</span> <span class='ocrx_word' id='word_1_175' title='bbox 747 1975 856 2050; x_wconf 84' lang='lat' dir='ltr'>gratia</span> <span class='ocrx_word' id='word_1_176' title='bbox 882 1991 959 2052; x_wconf 90' lang='lat' dir='ltr'>spe-</span> <span class='ocrx_word' id='word_1_177' title='bbox 1013 1981 1287 2044; x_wconf 89' lang='lat' dir='ltr'>commendabant</span> <span class='ocrx_word' id='word_1_178' title='bbox 1312 2002 1320 2041; x_wconf 92' lang='lat'><strong>:</strong></span> <span class='ocrx_word' id='word_1_179' title='bbox 1348 1981 1425 2058; x_wconf 90' lang='lat' dir='ltr'>quia</span> <span class='ocrx_word' id='word_1_180' title='bbox 1462 1984 1573 2043; x_wconf 87' lang='lat' dir='ltr'>tamen</span> <span class='ocrx_word' id='word_1_181' title='bbox 1619 2000 1678 2062; x_wconf 90' lang='lat' dir='ltr'>pro</span> <span class='ocrx_word' id='word_1_182' title='bbox 1713 1987 1807 2062; x_wconf 90' lang='lat' dir='ltr'>parte</span> 
     </span>
     <span class='ocr_line' id='line_1_19' title="bbox 160 2069 1809 2153; baseline 0.009 -25"><span class='ocrx_word' id='word_1_183' title='bbox 160 2069 505 2145; x_wconf 86' lang='lat' dir='ltr'>cialis‚praesentium</span> <span class='ocrx_word' id='word_1_184' title='bbox 517 2069 715 2132; x_wconf 87' lang='lat' dir='ltr'>auctoritate</span> <span class='ocrx_word' id='word_1_185' title='bbox 733 2069 887 2131; x_wconf 82' lang='lat' dir='ltr'>duximus</span> <span class='ocrx_word' id='word_1_186' title='bbox 899 2071 956 2131; x_wconf 90' lang='lat' dir='ltr'>in·</span> <span class='ocrx_word' id='word_1_187' title='bbox 993 2080 1119 2140; x_wconf 56' lang='lat' dir='ltr'>*altera</span> <span class='ocrx_word' id='word_1_188' title='bbox 1141 2079 1251 2140; x_wconf 87' lang='lat' dir='ltr'>nullus</span> <span class='ocrx_word' id='word_1_189' title='bbox 1277 2079 1463 2153; x_wconf 90' lang='lat' dir='ltr'>comparuit</span> <span class='ocrx_word' id='word_1_190' title='bbox 1490 2095 1602 2140; x_wconf 89' lang='lat' dir='ltr'>coram</span> <span class='ocrx_word' id='word_1_191' title='bbox 1637 2080 1744 2153; x_wconf 92' lang='lat' dir='ltr'>nobis,</span> <span class='ocrx_word' id='word_1_192' title='bbox 1776 2083 1809 2144; x_wconf 89' lang='lat' dir='ltr'>et</span> 
     </span>
     <span class='ocr_line' id='line_1_20' title="bbox 159 2163 1808 2243; baseline 0.004 -9"><span class='ocrx_word' id='word_1_193' title='bbox 159 2165 371 2242; x_wconf 75' lang='lat' dir='ltr'>dulgendum‚</span> <span class='ocrx_word' id='word_1_194' title='bbox 398 2167 434 2228; x_wconf 68' lang='lat'>¹11</span> <span class='ocrx_word' id='word_1_195' title='bbox 460 2181 502 2227; x_wconf 76' lang='lat' dir='ltr'>ex</span> <span class='ocrx_word' id='word_1_196' title='bbox 525 2167 639 2228; x_wconf 67' lang='lat' dir='ltr'>nostra</span> <span class='ocrx_word' id='word_1_197' title='bbox 657 2166 719 2228; x_wconf 70' lang='lat' dir='ltr'>tihi</span> <span class='ocrx_word' id='word_1_198' title='bbox 734 2167 833 2228; x_wconf 68' lang='lat' dir='ltr'>liceat</span> <span class='ocrx_word' id='word_1_199' title='bbox 849 2168 957 2243; x_wconf 63' lang='lat' dir='ltr'>&amp;latin</span> <span class='ocrx_word' id='word_1_200' title='bbox 1001 2163 1126 2238; x_wconf 60' lang='lat' dir='ltr'>‘contra</span> <span class='ocrx_word' id='word_1_201' title='bbox 1153 2175 1245 2235; x_wconf 86' lang='lat' dir='ltr'>illam</span> <span class='ocrx_word' id='word_1_202' title='bbox 1259 2175 1438 2236; x_wconf 84' lang='lat' dir='ltr'>absentem</span> <span class='ocrx_word' id='word_1_203' title='bbox 1467 2177 1501 2237; x_wconf 91' lang='lat' dir='ltr'>et</span> <span class='ocrx_word' id='word_1_204' title='bbox 1518 2167 1726 2238; x_wconf 81' lang='lat' dir='ltr'>indefensam</span> <span class='ocrx_word' id='word_1_205' title='bbox 1741 2195 1808 2240; x_wconf 93' lang='lat' dir='ltr'>non</span> 
     </span>
     <span class='ocr_line' id='line_1_21' title="bbox 158 2262 1809 2350; baseline 0.004 -19"><span class='ocrx_word' id='word_1_206' title='bbox 158 2267 228 2324; x_wconf 75' lang='lat' dir='ltr'>ires</span> <span class='ocrx_word' id='word_1_207' title='bbox 241 2263 357 2324; x_wconf 63' lang='lat' dir='ltr'>axillis</span> <span class='ocrx_word' id='word_1_208' title='bbox 373 2263 554 2334; x_wconf 90' lang='lat' dir='ltr'>canonicis,</span> <span class='ocrx_word' id='word_1_209' title='bbox 563 2279 638 2325; x_wconf 90' lang='lat' dir='ltr'>cum</span> <span class='ocrx_word' id='word_1_210' title='bbox 647 2262 708 2326; x_wconf 69' lang='lat' dir='ltr'>tibi</span> <span class='ocrx_word' id='word_1_211' title='bbox 721 2264 958 2336; x_wconf 46' lang='lat' dir='ltr'>Visum-filori&amp;</span> <span class='ocrx_word' id='word_1_212' title='bbox 1012 2274 1084 2334; x_wconf 87' lang='lat' dir='ltr'>erat</span> <span class='ocrx_word' id='word_1_213' title='bbox 1109 2273 1223 2334; x_wconf 89' lang='lat' dir='ltr'>taliter</span> <span class='ocrx_word' id='word_1_214' title='bbox 1250 2272 1505 2349; x_wconf 88' lang='lat' dir='ltr'>procedendum,</span> <span class='ocrx_word' id='word_1_215' title='bbox 1531 2273 1809 2350; x_wconf 89' lang='lat' dir='ltr'>ipsiuscanonici</span> 
     </span>
     <span class='ocr_line' id='line_1_22' title="bbox 159 2360 1807 2450; baseline 0.002 -19"><span class='ocrx_word' id='word_1_216' title='bbox 159 2360 970 2437; x_wconf 51' lang='lat' dir='ltr'>leliliel‘btlui111801‘Viti0(⁵0111111015antts,..fitio-¹</span> <span class='ocrx_word' id='word_1_217' title='bbox 1012 2385 1126 2444; x_wconf 90' lang='lat' dir='ltr'>preces</span> <span class='ocrx_word' id='word_1_218' title='bbox 1148 2370 1308 2432; x_wconf 81' lang='lat' dir='ltr'>exaudire</span> <span class='ocrx_word' id='word_1_219' title='bbox 1330 2371 1540 2446; x_wconf 85' lang='lat' dir='ltr'>nequivimus</span> <span class='ocrx_word' id='word_1_220' title='bbox 1551 2371 1600 2434; x_wconf 77' lang='lat' dir='ltr'>dn·</span> <span class='ocrx_word' id='word_1_221' title='bbox 1616 2372 1679 2433; x_wconf 90' lang='lat' dir='ltr'>hac</span> <span class='ocrx_word' id='word_1_222' title='bbox 1702 2375 1807 2450; x_wconf 88' lang='lat' dir='ltr'>parte.</span> 
     </span>
     <span class='ocr_line' id='line_1_23' title="bbox 158 2455 1810 2544; baseline 0.008 -25"><span class='ocrx_word' id='word_1_223' title='bbox 158 2459 214 2518; x_wconf 86' lang='lat' dir='ltr'>tus</span> <span class='ocrx_word' id='word_1_224' title='bbox 238 2455 386 2531; x_wconf 76' lang='lat' dir='ltr'>integros</span> <span class='ocrx_word' id='word_1_225' title='bbox 412 2472 548 2518; x_wconf 82' lang='lat' dir='ltr'>suarum</span> <span class='ocrx_word' id='word_1_226' title='bbox 560 2456 747 2534; x_wconf 77' lang='lat' dir='ltr'>percipiant</span> <span class='ocrx_word' id='word_1_227' title='bbox 760 2457 958 2534; x_wconf 78' lang='lat' dir='ltr'>praebenda-</span> <span class='ocrx_word' id='word_1_228' title='bbox 1012 2466 1169 2527; x_wconf 85' lang='lat' dir='ltr'>volentes</span> <span class='ocrx_word' id='word_1_229' title='bbox 1196 2469 1305 2528; x_wconf 90' lang='lat' dir='ltr'>eutem</span> <span class='ocrx_word' id='word_1_230' title='bbox 1330 2466 1439 2528; x_wconf 88' lang='lat' dir='ltr'>eidem</span> <span class='ocrx_word' id='word_1_231' title='bbox 1462 2468 1594 2544; x_wconf 86' lang='lat' dir='ltr'>injure</span> <span class='ocrx_word' id='word_1_232' title='bbox 1618 2485 1698 2542; x_wconf 91' lang='lat' dir='ltr'>suo,</span> <span class='ocrx_word' id='word_1_233' title='bbox 1723 2471 1810 2533; x_wconf 89' lang='lat' dir='ltr'>sicut</span> 
     </span>
     <span class='ocr_line' id='line_1_24' title="bbox 159 2553 1810 2642; baseline 0.006 -29"><span class='ocrx_word' id='word_1_234' title='bbox 159 2568 246 2624; x_wconf 87' lang='lat' dir='ltr'>rum,</span> <span class='ocrx_word' id='word_1_235' title='bbox 263 2553 473 2615; x_wconf 86' lang='lat' dir='ltr'>institutione</span> <span class='ocrx_word' id='word_1_236' title='bbox 485 2553 754 2631; x_wconf 75' lang='lat' dir='ltr'>praedicta.ctiam</span> <span class='ocrx_word' id='word_1_237' title='bbox 766 2556 956 2631; x_wconf 85' lang='lat' dir='ltr'>juramento</span> <span class='ocrx_word' id='word_1_238' title='bbox 1011 2563 1216 2635; x_wconf 69' lang='lat' dir='ltr'>tenebamur,</span> <span class='ocrx_word' id='word_1_239' title='bbox 1226 2563 1342 2624; x_wconf 82' lang='lat' dir='ltr'>adesse</span> <span class='ocrx_word' id='word_1_240' title='bbox 1358 2565 1697 2642; x_wconf 85' lang='lat' dir='ltr'>causamhnjusmodi</span> <span class='ocrx_word' id='word_1_241' title='bbox 1711 2583 1810 2628; x_wconf 60' lang='lat' dir='ltr'>venes</span> 
     </span>
     <span class='ocr_line' id='line_1_25' title="bbox 162 2649 1805 2737; baseline 0.01 -29"><span class='ocrx_word' id='word_1_242' title='bbox 162 2649 294 2711; x_wconf 82' lang='lat' dir='ltr'>firmata</span> <span class='ocrx_word' id='word_1_243' title='bbox 320 2665 420 2727; x_wconf 90' lang='lat' dir='ltr'>super</span> <span class='ocrx_word' id='word_1_244' title='bbox 439 2651 504 2714; x_wconf 90' lang='lat' dir='ltr'>boc</span> <span class='ocrx_word' id='word_1_245' title='bbox 527 2650 664 2712; x_wconf 89' lang='lat' dir='ltr'>minime</span> <span class='ocrx_word' id='word_1_246' title='bbox 686 2649 847 2713; x_wconf 88' lang='lat' dir='ltr'>obstante.</span> <span class='ocrx_word' id='word_1_247' title='bbox 865 2652 954 2712; x_wconf 89' lang='lat' dir='ltr'>Nulli</span> <span class='ocrx_word' id='word_1_248' title='bbox 1012 2660 1172 2722; x_wconf 89' lang='lat' dir='ltr'>rabilibus</span> <span class='ocrx_word' id='word_1_249' title='bbox 1205 2660 1381 2721; x_wconf 63' lang='lat' dir='ltr'>iratribus⁴</span> <span class='ocrx_word' id='word_1_250' title='bbox 1401 2661 1523 2722; x_wconf 89' lang='lat' dir='ltr'>nostris</span> <span class='ocrx_word' id='word_1_251' title='bbox 1557 2662 1805 2737; x_wconf 84' lang='lat' dir='ltr'>Gluariertensi,</span> 
     </span>
     <span class='ocr_line' id='line_1_26' title="bbox 159 2747 1807 2838; baseline 0.003 -20"><span class='ocrx_word' id='word_1_252' title='bbox 159 2761 251 2820; x_wconf 70' lang='grc' dir='ltr'><strong>θΐὲθ,</strong></span> <span class='ocrx_word' id='word_1_253' title='bbox 278 2748 339 2808; x_wconf 71' lang='lat' dir='ltr'>etc·</span> <span class='ocrx_word' id='word_1_254' title='bbox 369 2747 492 2824; x_wconf 74' lang='lat' dir='ltr'>Si&#39;quIS</span> <span class='ocrx_word' id='word_1_255' title='bbox 505 2747 627 2819; x_wconf 81' lang='lat' dir='ltr'>autem,</span> <span class='ocrx_word' id='word_1_256' title='bbox 641 2748 703 2809; x_wconf 83' lang='lat' dir='ltr'>etc.</span> <span class='ocrx_word' id='word_1_257' title='bbox 723 2750 841 2809; x_wconf 88' lang='lat' dir='ltr'>Datum</span> <span class='ocrx_word' id='word_1_258' title='bbox 855 2748 958 2810; x_wconf 87' lang='lat' dir='ltr'>Reate</span> <span class='ocrx_word' id='word_1_259' title='bbox 1011 2757 1311 2819; x_wconf 84' lang='lat' dir='ltr'>Enechdunensiet</span> <span class='ocrx_word' id='word_1_260' title='bbox 1328 2757 1536 2819; x_wconf 83' lang='lat' dir='ltr'>Finwarensi</span> <span class='ocrx_word' id='word_1_261' title='bbox 1563 2759 1727 2838; x_wconf 92' lang='lat' dir='ltr'>episcopis</span> <span class='ocrx_word' id='word_1_262' title='bbox 1741 2761 1807 2822; x_wconf 92' lang='lat' dir='ltr'>du-</span> 
     </span>
     <span class='ocr_line' id='line_1_27' title="bbox 159 2842 1808 2933; baseline 0.009 -28"><span class='ocrx_word' id='word_1_263' title='bbox 159 2842 261 2905; x_wconf 91' lang='lat' dir='ltr'>tertio</span> <span class='ocrx_word' id='word_1_264' title='bbox 276 2843 351 2910; x_wconf 85' lang='lat' dir='ltr'>idus</span> <span class='ocrx_word' id='word_1_265' title='bbox 362 2843 451 2925; x_wconf 84' lang='lat' dir='ltr'>julii,</span> <span class='ocrx_word' id='word_1_266' title='bbox 467 2843 677 2921; x_wconf 84' lang='lat' dir='ltr'>pontificatus</span> <span class='ocrx_word' id='word_1_267' title='bbox 690 2845 894 2913; x_wconf 83' lang='lat' dir='ltr'>annotertio·</span> <span class='ocrx_word' id='word_1_268' title='bbox 1011 2855 1120 2915; x_wconf 87' lang='lat' dir='ltr'>ximus</span> <span class='ocrx_word' id='word_1_269' title='bbox 1135 2854 1412 2926; x_wconf 85' lang='lat' dir='ltr'>committendam,</span> <span class='ocrx_word' id='word_1_270' title='bbox 1431 2855 1512 2931; x_wconf 91' lang='lat' dir='ltr'>ipsis</span> <span class='ocrx_word' id='word_1_271' title='bbox 1537 2873 1596 2933; x_wconf 92' lang='lat' dir='ltr'>per</span> <span class='ocrx_word' id='word_1_272' title='bbox 1618 2858 1808 2933; x_wconf 82' lang='lat' dir='ltr'>Apostolica</span> 
     </span>
     <span class='ocr_line' id='line_1_28' title="bbox 568 2952 1809 3031; baseline 0.006 -21"><span class='ocrx_word' id='word_1_273' title='bbox 568 3015 571 3020; x_wconf 66' lang='grc'>,</span> <span class='ocrx_word' id='word_1_274' title='bbox 1012 2953 1136 3028; x_wconf 87' lang='lat' dir='ltr'>scripta</span> <span class='ocrx_word' id='word_1_275' title='bbox 1149 2952 1355 3023; x_wconf 89' lang='lat' dir='ltr'>mandantes,</span> <span class='ocrx_word' id='word_1_276' title='bbox 1383 2952 1419 3014; x_wconf 92' lang='lat' dir='ltr'>ut</span> <span class='ocrx_word' id='word_1_277' title='bbox 1431 2953 1569 3024; x_wconf 90' lang='lat' dir='ltr'>vocatis,</span> <span class='ocrx_word' id='word_1_278' title='bbox 1587 2969 1668 3031; x_wconf 92' lang='lat' dir='ltr'>quos</span> <span class='ocrx_word' id='word_1_279' title='bbox 1683 2971 1809 3017; x_wconf 87' lang='lat' dir='ltr'>vocan-</span> 
     </span>
    </p>

    <p class='ocr_par' dir='ltr' id='par_1_7' title="bbox 475 3012 1810 3128">
     <span class='ocr_line' id='line_1_29' title="bbox 475 3012 1810 3128; baseline 0.006 -22"><span class='ocrx_word' id='word_1_280' title='bbox 475 3012 644 3106; x_wconf 72' lang='lat' dir='ltr'>CCLVH</span> <span class='ocrx_word' id='word_1_281' title='bbox 1004 3050 1071 3128; x_wconf 83' lang='lat' dir='ltr'>¹dos</span> <span class='ocrx_word' id='word_1_282' title='bbox 1082 3049 1245 3122; x_wconf 89' lang='lat' dir='ltr'>viderent,</span> <span class='ocrx_word' id='word_1_283' title='bbox 1260 3049 1293 3110; x_wconf 87' lang='lat' dir='ltr'>et</span> <span class='ocrx_word' id='word_1_284' title='bbox 1312 3047 1447 3121; x_wconf 90' lang='lat' dir='ltr'>auditis,</span> <span class='ocrx_word' id='word_1_285' title='bbox 1473 3066 1547 3127; x_wconf 88' lang='lat' dir='ltr'>quae</span> <span class='ocrx_word' id='word_1_286' title='bbox 1562 3051 1640 3113; x_wconf 89' lang='lat' dir='ltr'>hino</span> <span class='ocrx_word' id='word_1_287' title='bbox 1655 3051 1732 3114; x_wconf 93' lang='lat' dir='ltr'>inde</span> <span class='ocrx_word' id='word_1_288' title='bbox 1746 3053 1810 3114; x_wconf 91' lang='lat' dir='ltr'>du-</span> 
     </span>
    </p>

    <p class='ocr_par' dir='ltr' id='par_1_8' title="bbox 159 3127 1809 3312">
     <span class='ocr_line' id='line_1_30' title="bbox 159 3127 1807 3224; baseline 0.004 -20"><span class='ocrx_word' id='word_1_289' title='bbox 159 3137 212 3196; x_wconf 66' lang='grc' dir='ltr'>Λᾶ</span> <span class='ocrx_word' id='word_1_290' title='bbox 222 3135 365 3196; x_wconf 80' lang='lat' dir='ltr'>electum</span> <span class='ocrx_word' id='word_1_291' title='bbox 375 3139 646 3209; x_wconf 74' lang='lat' dir='ltr'>Norwicensenc,</span> <span class='ocrx_word' id='word_1_292' title='bbox 654 3137 957 3211; x_wconf 71' lang='lat' dir='ltr'>apostolicaesedis</span> <span class='ocrx_word' id='word_1_293' title='bbox 996 3127 1125 3208; x_wconf 36' lang='lat' dir='ltr'>&#39;voerent</span> <span class='ocrx_word' id='word_1_294' title='bbox 1139 3145 1363 3224; x_wconf 90' lang='lat' dir='ltr'>proponenda,</span> <span class='ocrx_word' id='word_1_295' title='bbox 1388 3147 1417 3206; x_wconf 87' lang='lat' dir='ltr'>si</span> <span class='ocrx_word' id='word_1_296' title='bbox 1430 3146 1470 3208; x_wconf 90' lang='lat' dir='ltr'>de</span> <span class='ocrx_word' id='word_1_297' title='bbox 1491 3147 1673 3224; x_wconf 88' lang='lat' dir='ltr'>praemissis</span> <span class='ocrx_word' id='word_1_298' title='bbox 1705 3167 1807 3212; x_wconf 89' lang='lat' dir='ltr'>cons-</span> 
     </span>
     <span class='ocr_line' id='line_1_31' title="bbox 476 3234 1809 3312; baseline 0.005 -10"><span class='ocrx_word' id='word_1_299' title='bbox 476 3234 637 3309; x_wconf 67' lang='lat' dir='ltr'>ledatttm·</span> <span class='ocrx_word' id='word_1_300' title='bbox 1012 3245 1097 3306; x_wconf 88' lang='lat' dir='ltr'>taret</span> <span class='ocrx_word' id='word_1_301' title='bbox 1118 3243 1255 3312; x_wconf 90' lang='lat' dir='ltr'>eisdem,</span> <span class='ocrx_word' id='word_1_302' title='bbox 1269 3244 1414 3306; x_wconf 89' lang='lat' dir='ltr'>humano</span> <span class='ocrx_word' id='word_1_303' title='bbox 1434 3259 1547 3306; x_wconf 89' lang='lat' dir='ltr'>amore</span> <span class='ocrx_word' id='word_1_304' title='bbox 1574 3261 1612 3308; x_wconf 91' lang='lat' dir='ltr'>ac</span> <span class='ocrx_word' id='word_1_305' title='bbox 1641 3247 1809 3309; x_wconf 87' lang='lat' dir='ltr'>mundano</span> 
     </span>
    </p>

    <p class='ocr_par' dir='ltr' id='par_1_9' title="bbox 452 3340 1808 3418">
     <span class='ocr_line' id='line_1_32' title="bbox 452 3340 1808 3418; baseline 0.003 -16"><span class='ocrx_word' id='word_1_306' title='bbox 452 3347 560 3418; x_wconf 77' lang='lat' dir='ltr'>idiulii</span> <span class='ocrx_word' id='word_1_307' title='bbox 578 3347 656 3404; x_wconf 71' lang='lat' dir='ltr'>lilii.</span> <span class='ocrx_word' id='word_1_308' title='bbox 1011 3342 1129 3403; x_wconf 91' lang='lat' dir='ltr'>timore</span> <span class='ocrx_word' id='word_1_309' title='bbox 1149 3340 1351 3418; x_wconf 89' lang='lat' dir='ltr'>postpositis,</span> <span class='ocrx_word' id='word_1_310' title='bbox 1379 3341 1552 3418; x_wconf 84' lang='lat' dir='ltr'>praetatum</span> <span class='ocrx_word' id='word_1_311' title='bbox 1573 3344 1740 3406; x_wconf 89' lang='lat' dir='ltr'>intrusum</span> <span class='ocrx_word' id='word_1_312' title='bbox 1765 3345 1808 3406; x_wconf 88' lang='lat' dir='ltr'>ab</span> 
     </span>
    </p>

    <p class='ocr_par' dir='ltr' id='par_1_10' title="bbox 157 3438 1809 4682">
     <span class='ocr_line' id='line_1_33' title="bbox 284 3438 1809 3517; baseline 0.003 -18"><span class='ocrx_word' id='word_1_313' title='bbox 284 3451 410 3512; x_wconf 69' lang='lat' dir='ltr'>pleian,</span> <span class='ocrx_word' id='word_1_314' title='bbox 424 3451 535 3501; x_wconf 81' lang='lat' dir='ltr'>honum.</span> <span class='ocrx_word' id='word_1_315' title='bbox 545 3451 679 3510; x_wconf 69' lang='lat' dir='ltr'>trinomias,</span> <span class='ocrx_word' id='word_1_316' title='bbox 689 3452 727 3511; x_wconf 81' lang='lat' dir='ltr'>ro,</span> <span class='ocrx_word' id='word_1_317' title='bbox 739 3467 764 3502; x_wconf 86' lang='lat' dir='ltr'>n.</span> <span class='ocrx_word' id='word_1_318' title='bbox 777 3452 829 3515; x_wconf 78' lang='lat' dir='ltr'>aa]</span> <span class='ocrx_word' id='word_1_319' title='bbox 1011 3439 1082 3517; x_wconf 87' lang='lat' dir='ltr'>ipsa</span> <span class='ocrx_word' id='word_1_320' title='bbox 1107 3438 1248 3500; x_wconf 89' lang='lat' dir='ltr'>ecclesia</span> <span class='ocrx_word' id='word_1_321' title='bbox 1266 3439 1396 3515; x_wconf 88' lang='lat' dir='ltr'>penitus</span> <span class='ocrx_word' id='word_1_322' title='bbox 1410 3440 1613 3513; x_wconf 87' lang='lat' dir='ltr'>amoventes,</span> <span class='ocrx_word' id='word_1_323' title='bbox 1633 3442 1809 3504; x_wconf 47' lang='lat' dir='ltr'>examina*</span> 
     </span>
     <span class='ocr_line' id='line_1_34' title="bbox 160 3535 1807 3624; baseline 0.004 -18"><span class='ocrx_word' id='word_1_324' title='bbox 160 3549 454 3618; x_wconf 71' lang='lat' dir='ltr'>nlectonorwnenst</span> <span class='ocrx_word' id='word_1_325' title='bbox 469 3549 840 3624; x_wconf 70' lang='lat' dir='ltr'>spostorveaesennegno,</span> <span class='ocrx_word' id='word_1_326' title='bbox 855 3557 956 3608; x_wconf 75' lang='lat' dir='ltr'>uteu-</span> <span class='ocrx_word' id='word_1_327' title='bbox 1010 3538 1084 3598; x_wconf 80' lang='lat' dir='ltr'>rent</span> <span class='ocrx_word' id='word_1_328' title='bbox 1098 3536 1293 3597; x_wconf 80' lang='lat' dir='ltr'>electionem</span> <span class='ocrx_word' id='word_1_329' title='bbox 1309 3535 1427 3597; x_wconf 78' lang='lat' dir='ltr'>factam</span> <span class='ocrx_word' id='word_1_330' title='bbox 1443 3535 1483 3597; x_wconf 82' lang='lat' dir='ltr'>de</span> <span class='ocrx_word' id='word_1_331' title='bbox 1503 3539 1663 3599; x_wconf 80' lang='lat' dir='ltr'>canonico</span> <span class='ocrx_word' id='word_1_332' title='bbox 1680 3555 1807 3602; x_wconf 78' lang='lat' dir='ltr'>memo-</span> 
     </span>
     <span class='ocr_line' id='line_1_35' title="bbox 195 3633 1808 3711; baseline 0.002 -16"><span class='ocrx_word' id='word_1_333' title='bbox 195 3652 257 3695; x_wconf 86' lang='lat' dir='ltr'>sam</span> <span class='ocrx_word' id='word_1_334' title='bbox 272 3637 399 3696; x_wconf 83' lang='lat' dir='ltr'>Giliberti</span> <span class='ocrx_word' id='word_1_335' title='bbox 417 3638 500 3694; x_wconf 84' lang='lat' dir='ltr'>electi</span> <span class='ocrx_word' id='word_1_336' title='bbox 514 3637 704 3696; x_wconf 74' lang='lat' dir='ltr'>hittenensh</span> <span class='ocrx_word' id='word_1_337' title='bbox 718 3640 873 3708; x_wconf 86' lang='lat' dir='ltr'>examinet,</span> <span class='ocrx_word' id='word_1_338' title='bbox 888 3645 918 3696; x_wconf 86' lang='lat' dir='ltr'>et</span> <span class='ocrx_word' id='word_1_339' title='bbox 931 3639 955 3696; x_wconf 88' lang='lat' dir='ltr'>si</span> <span class='ocrx_word' id='word_1_340' title='bbox 1010 3633 1134 3705; x_wconf 86' lang='lat' dir='ltr'>rato,et</span> <span class='ocrx_word' id='word_1_341' title='bbox 1148 3633 1175 3693; x_wconf 91' lang='lat' dir='ltr'>si</span> <span class='ocrx_word' id='word_1_342' title='bbox 1184 3649 1257 3695; x_wconf 90' lang='lat' dir='ltr'>eam</span> <span class='ocrx_word' id='word_1_343' title='bbox 1270 3634 1459 3696; x_wconf 86' lang='lat' dir='ltr'>invenirent</span> <span class='ocrx_word' id='word_1_344' title='bbox 1473 3635 1513 3696; x_wconf 92' lang='lat' dir='ltr'>de</span> <span class='ocrx_word' id='word_1_345' title='bbox 1530 3651 1672 3711; x_wconf 89' lang='lat' dir='ltr'>persona</span> <span class='ocrx_word' id='word_1_346' title='bbox 1688 3637 1808 3700; x_wconf 89' lang='lat' dir='ltr'>idonea</span> 
     </span>
     <span class='ocr_line' id='line_1_36' title="bbox 193 3725 1808 3802; baseline 0.01 -20"><span class='ocrx_word' id='word_1_347' title='bbox 193 3727 362 3783; x_wconf 86' lang='lat' dir='ltr'>electionem</span> <span class='ocrx_word' id='word_1_348' title='bbox 382 3727 522 3784; x_wconf 83' lang='lat' dir='ltr'>canoniae</span> <span class='ocrx_word' id='word_1_349' title='bbox 539 3725 643 3784; x_wconf 81' lang='lat' dir='ltr'>iactam</span> <span class='ocrx_word' id='word_1_350' title='bbox 655 3727 806 3798; x_wconf 86' lang='lat' dir='ltr'>invenerit,</span> <span class='ocrx_word' id='word_1_351' title='bbox 822 3727 954 3786; x_wconf 86' lang='lat' dir='ltr'>eamdem</span> <span class='ocrx_word' id='word_1_352' title='bbox 1010 3731 1170 3792; x_wconf 84' lang='lat' dir='ltr'>canonice</span> <span class='ocrx_word' id='word_1_353' title='bbox 1178 3731 1389 3802; x_wconf 90' lang='lat' dir='ltr'>celebratam,</span> <span class='ocrx_word' id='word_1_354' title='bbox 1401 3731 1493 3792; x_wconf 91' lang='lat' dir='ltr'>illam</span> <span class='ocrx_word' id='word_1_355' title='bbox 1509 3734 1710 3796; x_wconf 86' lang='lat' dir='ltr'>auctoritate</span> <span class='ocrx_word' id='word_1_356' title='bbox 1724 3751 1808 3798; x_wconf 90' lang='lat' dir='ltr'>nos-</span> 
     </span>
     <span class='ocr_line' id='line_1_37' title="bbox 195 3815 1809 3908; baseline 0.006 -25"><span class='ocrx_word' id='word_1_357' title='bbox 195 3815 354 3883; x_wconf 70' lang='lat' dir='ltr'>0011firffl0b</span> <span class='ocrx_word' id='word_1_358' title='bbox 370 3815 477 3887; x_wconf 83' lang='lat' dir='ltr'>rejecto</span> <span class='ocrx_word' id='word_1_359' title='bbox 491 3815 582 3876; x_wconf 70' lang='grc' dir='ltr'>θῐθθῑῡ</span> <span class='ocrx_word' id='word_1_360' title='bbox 596 3817 716 3874; x_wconf 85' lang='lat' dir='ltr'>intruso.</span> <span class='ocrx_word' id='word_1_361' title='bbox 1009 3831 1073 3900; x_wconf 87' lang='lat' dir='ltr'>tra,</span> <span class='ocrx_word' id='word_1_362' title='bbox 1082 3827 1211 3890; x_wconf 89' lang='lat' dir='ltr'>sublato</span> <span class='ocrx_word' id='word_1_363' title='bbox 1220 3827 1398 3905; x_wconf 89' lang='lat' dir='ltr'>cujuslibet</span> <span class='ocrx_word' id='word_1_364' title='bbox 1411 3830 1600 3891; x_wconf 89' lang='lat' dir='ltr'>contractus</span> <span class='ocrx_word' id='word_1_365' title='bbox 1617 3831 1650 3891; x_wconf 91' lang='lat' dir='ltr'>et</span> <span class='ocrx_word' id='word_1_366' title='bbox 1663 3832 1809 3908; x_wconf 89' lang='lat' dir='ltr'>appella·</span> 
     </span>
     <span class='ocr_line' id='line_1_38' title="bbox 200 3923 1806 3999; baseline 0.004 -15"><span class='ocrx_word' id='word_1_367' title='bbox 200 3923 956 3999; x_wconf 75' lang='lat' dir='ltr'>HonoviusepiscopuS,dilectotilioP.Norwi-</span> <span class='ocrx_word' id='word_1_368' title='bbox 1008 3926 1109 3988; x_wconf 90' lang='lat' dir='ltr'>tionis</span> <span class='ocrx_word' id='word_1_369' title='bbox 1125 3925 1307 3993; x_wconf 90' lang='lat' dir='ltr'>obstaculo,</span> <span class='ocrx_word' id='word_1_370' title='bbox 1321 3925 1566 3997; x_wconf 87' lang='lat' dir='ltr'>confirmarent,</span> <span class='ocrx_word' id='word_1_371' title='bbox 1588 3927 1625 3988; x_wconf 86' lang='lat' dir='ltr'>et</span> <span class='ocrx_word' id='word_1_372' title='bbox 1646 3927 1806 3990; x_wconf 82' lang='lat' dir='ltr'>iacientes</span> 
     </span>
     <span class='ocr_line' id='line_1_39' title="bbox 159 4021 1807 4100; baseline 0.004 -20"><span class='ocrx_word' id='word_1_373' title='bbox 159 4021 250 4081; x_wconf 88' lang='lat' dir='ltr'>censi</span> <span class='ocrx_word' id='word_1_374' title='bbox 265 4021 381 4092; x_wconf 88' lang='lat' dir='ltr'>elect0‚</span> <span class='ocrx_word' id='word_1_375' title='bbox 394 4021 592 4098; x_wconf 85' lang='lat' dir='ltr'>ltpostolicae</span> <span class='ocrx_word' id='word_1_376' title='bbox 608 4022 703 4082; x_wconf 88' lang='lat' dir='ltr'>Sedis</span> <span class='ocrx_word' id='word_1_377' title='bbox 717 4021 839 4098; x_wconf 80' lang='lat' dir='ltr'>legato,</span> <span class='ocrx_word' id='word_1_378' title='bbox 858 4023 954 4083; x_wconf 89' lang='lat' dir='ltr'>salu·</span> <span class='ocrx_word' id='word_1_379' title='bbox 1009 4023 1118 4100; x_wconf 90' lang='lat' dir='ltr'>ipsum</span> <span class='ocrx_word' id='word_1_380' title='bbox 1133 4022 1425 4099; x_wconf 83' lang='lat' dir='ltr'>paciucaojusdem</span> <span class='ocrx_word' id='word_1_381' title='bbox 1436 4022 1586 4084; x_wconf 88' lang='lat' dir='ltr'>ecclesiae</span> <span class='ocrx_word' id='word_1_382' title='bbox 1596 4026 1807 4099; x_wconf 88' lang='lat' dir='ltr'>possessione</span> 
     </span>
     <span class='ocr_line' id='line_1_40' title="bbox 157 4117 1809 4194; baseline 0.002 -16"><span class='ocrx_word' id='word_1_383' title='bbox 157 4119 238 4178; x_wconf 90' lang='lat' dir='ltr'>tem.</span> <span class='ocrx_word' id='word_1_384' title='bbox 1009 4117 1501 4194; x_wconf 85' lang='lat' dir='ltr'>gaudere,contradictoresper</span> <span class='ocrx_word' id='word_1_385' title='bbox 1511 4134 1687 4180; x_wconf 90' lang='lat' dir='ltr'>censuram</span> <span class='ocrx_word' id='word_1_386' title='bbox 1699 4122 1809 4182; x_wconf 89' lang='lat' dir='ltr'>eccle-</span> 
     </span>
     <span class='ocr_line' id='line_1_41' title="bbox 198 4214 1804 4295; baseline 0.003 -20"><span class='ocrx_word' id='word_1_387' title='bbox 198 4214 366 4276; x_wconf 79' lang='lat' dir='ltr'>hccedens</span> <span class='ocrx_word' id='word_1_388' title='bbox 388 4214 466 4276; x_wconf 91' lang='lat' dir='ltr'>olim</span> <span class='ocrx_word' id='word_1_389' title='bbox 500 4215 540 4276; x_wconf 89' lang='lat' dir='ltr'>ad</span> <span class='ocrx_word' id='word_1_390' title='bbox 573 4215 784 4292; x_wconf 70' lang='lat' dir='ltr'>presentiam</span> <span class='ocrx_word' id='word_1_391' title='bbox 807 4215 954 4277; x_wconf 87' lang='lat' dir='ltr'>nostram</span> <span class='ocrx_word' id='word_1_392' title='bbox 1010 4215 1428 4290; x_wconf 84' lang='lat' dir='ltr'>siasticam,appellatione</span> <span class='ocrx_word' id='word_1_393' title='bbox 1441 4215 1633 4291; x_wconf 89' lang='lat' dir='ltr'>postposita,</span> <span class='ocrx_word' id='word_1_394' title='bbox 1650 4233 1804 4295; x_wconf 86' lang='lat' dir='ltr'>compes-</span> 
     </span>
     <span class='ocr_line' id='line_1_42' title="bbox 160 4310 1805 4388; baseline 0.004 -17"><span class='ocrx_word' id='word_1_395' title='bbox 160 4310 301 4373; x_wconf 90' lang='lat' dir='ltr'>dilectus</span> <span class='ocrx_word' id='word_1_396' title='bbox 336 4312 425 4372; x_wconf 87' lang='lat' dir='ltr'>tilius</span> <span class='ocrx_word' id='word_1_397' title='bbox 451 4315 502 4384; x_wconf 69' lang='lat' dir='ltr'>G„</span> <span class='ocrx_word' id='word_1_398' title='bbox 534 4313 714 4374; x_wconf 90' lang='lat' dir='ltr'>canonicus</span> <span class='ocrx_word' id='word_1_399' title='bbox 740 4311 955 4375; x_wconf 83' lang='lat' dir='ltr'>Artiertensis</span> <span class='ocrx_word' id='word_1_400' title='bbox 1009 4311 1125 4383; x_wconf 91' lang='lat' dir='ltr'>cendo,</span> <span class='ocrx_word' id='word_1_401' title='bbox 1156 4311 1406 4388; x_wconf 88' lang='lat' dir='ltr'>archiepiscopo</span> <span class='ocrx_word' id='word_1_402' title='bbox 1437 4311 1652 4388; x_wconf 76' lang='lat' dir='ltr'>injungerent</span> <span class='ocrx_word' id='word_1_403' title='bbox 1676 4331 1805 4378; x_wconf 89' lang='lat' dir='ltr'>memo-</span> 
     </span>
     <span class='ocr_line' id='line_1_43' title="bbox 157 4407 1808 4492; baseline 0.003 -22"><span class='ocrx_word' id='word_1_404' title='bbox 157 4409 320 4482; x_wconf 83' lang='lat' dir='ltr'>ecclesiae,</span> <span class='ocrx_word' id='word_1_405' title='bbox 346 4409 442 4470; x_wconf 90' lang='lat' dir='ltr'>nobis</span> <span class='ocrx_word' id='word_1_406' title='bbox 466 4407 637 4471; x_wconf 91' lang='lat' dir='ltr'>humiliter</span> <span class='ocrx_word' id='word_1_407' title='bbox 658 4409 841 4480; x_wconf 89' lang='lat' dir='ltr'>intimavit,</span> <span class='ocrx_word' id='word_1_408' title='bbox 868 4409 956 4487; x_wconf 93' lang='lat' dir='ltr'>quod</span> <span class='ocrx_word' id='word_1_409' title='bbox 997 4410 1141 4492; x_wconf 85' lang='lat' dir='ltr'>rato‚ut</span> <span class='ocrx_word' id='word_1_410' title='bbox 1156 4409 1261 4470; x_wconf 89' lang='lat' dir='ltr'>eidem</span> <span class='ocrx_word' id='word_1_411' title='bbox 1277 4425 1396 4469; x_wconf 85' lang='lat' dir='ltr'>munus</span> <span class='ocrx_word' id='word_1_412' title='bbox 1408 4411 1667 4478; x_wconf 88' lang='lat' dir='ltr'>consecrationis</span> <span class='ocrx_word' id='word_1_413' title='bbox 1678 4413 1808 4490; x_wconf 89' lang='lat' dir='ltr'>impen-</span> 
     </span>
     <span class='ocr_line' id='line_1_44' title="bbox 159 4506 1805 4587; baseline 0.005 -21"><span class='ocrx_word' id='word_1_414' title='bbox 159 4507 301 4568; x_wconf 89' lang='lat' dir='ltr'>ecclesia</span> <span class='ocrx_word' id='word_1_415' title='bbox 325 4507 439 4568; x_wconf 88' lang='lat' dir='ltr'>eadem</span> <span class='ocrx_word' id='word_1_416' title='bbox 464 4508 596 4584; x_wconf 90' lang='lat' dir='ltr'>pastore</span> <span class='ocrx_word' id='word_1_417' title='bbox 610 4509 760 4574; x_wconf 87' lang='lat' dir='ltr'>vacante,</span> <span class='ocrx_word' id='word_1_418' title='bbox 777 4507 882 4584; x_wconf 88' lang='lat' dir='ltr'>ipsius</span> <span class='ocrx_word' id='word_1_419' title='bbox 895 4522 957 4568; x_wconf 87' lang='lat' dir='ltr'>ca-</span> <span class='ocrx_word' id='word_1_420' title='bbox 1010 4507 1113 4579; x_wconf 89' lang='lat' dir='ltr'>deret,</span> <span class='ocrx_word' id='word_1_421' title='bbox 1132 4506 1218 4567; x_wconf 88' lang='lat' dir='ltr'>sicut</span> <span class='ocrx_word' id='word_1_422' title='bbox 1229 4507 1397 4583; x_wconf 89' lang='lat' dir='ltr'>pertinere</span> <span class='ocrx_word' id='word_1_423' title='bbox 1412 4507 1612 4570; x_wconf 88' lang='lat' dir='ltr'>noscebatur</span> <span class='ocrx_word' id='word_1_424' title='bbox 1628 4510 1668 4571; x_wconf 89' lang='lat' dir='ltr'>ad</span> <span class='ocrx_word' id='word_1_425' title='bbox 1686 4511 1805 4587; x_wconf 88' lang='lat' dir='ltr'>ipsum.</span> 
     </span>
     <span class='ocr_line' id='line_1_45' title="bbox 158 4603 1808 4682; baseline 0.004 -19"><span class='ocrx_word' id='word_1_426' title='bbox 158 4603 298 4679; x_wconf 90' lang='lat' dir='ltr'>pitulum</span> <span class='ocrx_word' id='word_1_427' title='bbox 314 4619 389 4664; x_wconf 91' lang='lat' dir='ltr'>eum</span> <span class='ocrx_word' id='word_1_428' title='bbox 405 4603 439 4664; x_wconf 90' lang='lat' dir='ltr'>in</span> <span class='ocrx_word' id='word_1_429' title='bbox 454 4605 646 4680; x_wconf 92' lang='lat' dir='ltr'>episcopum</span> <span class='ocrx_word' id='word_1_430' title='bbox 670 4620 766 4666; x_wconf 91' lang='lat' dir='ltr'>suum</span> <span class='ocrx_word' id='word_1_431' title='bbox 796 4605 955 4671; x_wconf 89' lang='lat' dir='ltr'>canonice</span> <span class='ocrx_word' id='word_1_432' title='bbox 1011 4603 1172 4666; x_wconf 85' lang='lat' dir='ltr'>Praetatos</span> <span class='ocrx_word' id='word_1_433' title='bbox 1187 4605 1299 4664; x_wconf 89' lang='lat' dir='ltr'>autem</span> <span class='ocrx_word' id='word_1_434' title='bbox 1312 4605 1496 4682; x_wconf 85' lang='lat' dir='ltr'>episcopos,</span> <span class='ocrx_word' id='word_1_435' title='bbox 1513 4605 1542 4666; x_wconf 91' lang='lat' dir='ltr'>si</span> <span class='ocrx_word' id='word_1_436' title='bbox 1557 4609 1725 4670; x_wconf 87' lang='lat' dir='ltr'>constaret</span> <span class='ocrx_word' id='word_1_437' title='bbox 1738 4609 1808 4670; x_wconf 91' lang='lat' dir='ltr'>eis-</span> 
     </span>
    </p>
   </div>
   <div class='ocr_carea' id='block_1_7' title="bbox 157 4701 1921 4780">
    <p class='ocr_par' dir='ltr' id='par_1_11' title="bbox 157 4701 1921 4780">
     <span class='ocr_line' id='line_1_46' title="bbox 157 4701 1921 4780; baseline 0.005 -20"><span class='ocrx_word' id='word_1_438' title='bbox 157 4716 198 4761; x_wconf 90' lang='lat' dir='ltr'>ac</span> <span class='ocrx_word' id='word_1_439' title='bbox 213 4701 421 4762; x_wconf 88' lang='lat' dir='ltr'>concorditer</span> <span class='ocrx_word' id='word_1_440' title='bbox 439 4701 621 4776; x_wconf 79' lang='lat' dir='ltr'>elegerunt,</span> <span class='ocrx_word' id='word_1_441' title='bbox 648 4716 748 4778; x_wconf 90' lang='lat' dir='ltr'>super</span> <span class='ocrx_word' id='word_1_442' title='bbox 775 4701 955 4780; x_wconf 85' lang='lat' dir='ltr'>quostiam</span> <span class='ocrx_word' id='word_1_443' title='bbox 1010 4702 1096 4773; x_wconf 88' lang='lat' dir='ltr'>dem,</span> <span class='ocrx_word' id='word_1_444' title='bbox 1121 4701 1213 4777; x_wconf 91' lang='lat' dir='ltr'>ipsos</span> <span class='ocrx_word' id='word_1_445' title='bbox 1238 4703 1314 4777; x_wconf 89' lang='lat' dir='ltr'>post</span> <span class='ocrx_word' id='word_1_446' title='bbox 1341 4702 1597 4778; x_wconf 89' lang='lat' dir='ltr'>appellationem</span> <span class='ocrx_word' id='word_1_447' title='bbox 1623 4703 1806 4779; x_wconf 76' lang='lat' dir='ltr'>legitimam</span> <span class='ocrx_word' id='word_1_448' title='bbox 1919 4777 1921 4780; x_wconf 13' lang='lat' dir='ltr'>v</span> 
     </span>
    </p>
   </div>
   <div class='ocr_carea' id='block_1_8' title="bbox 155 4797 1866 5654">
    <p class='ocr_par' dir='ltr' id='par_1_12' title="bbox 155 4797 1866 5654">
     <span class='ocr_line' id='line_1_47' title="bbox 157 4797 1806 4877; baseline 0.004 -18"><span class='ocrx_word' id='word_1_449' title='bbox 157 4797 309 4859; x_wconf 80' lang='lat' dir='ltr'>exhibuit</span> <span class='ocrx_word' id='word_1_450' title='bbox 335 4799 502 4860; x_wconf 89' lang='lat' dir='ltr'>decretum</span> <span class='ocrx_word' id='word_1_451' title='bbox 520 4799 670 4875; x_wconf 89' lang='lat' dir='ltr'>ejusdem</span> <span class='ocrx_word' id='word_1_452' title='bbox 678 4799 818 4876; x_wconf 90' lang='lat' dir='ltr'>capituli</span> <span class='ocrx_word' id='word_1_453' title='bbox 840 4800 957 4876; x_wconf 82' lang='lat' dir='ltr'>singu·</span> <span class='ocrx_word' id='word_1_454' title='bbox 1010 4800 1174 4860; x_wconf 90' lang='lat' dir='ltr'>intrusum</span> <span class='ocrx_word' id='word_1_455' title='bbox 1187 4813 1401 4859; x_wconf 88' lang='lat' dir='ltr'>consecrasse</span> <span class='ocrx_word' id='word_1_456' title='bbox 1415 4799 1619 4874; x_wconf 86' lang='lat' dir='ltr'>praedictum,</span> <span class='ocrx_word' id='word_1_457' title='bbox 1635 4803 1806 4877; x_wconf 82' lang='lat' dir='ltr'>protentae</span> 
     </span>
     <span class='ocr_line' id='line_1_48' title="bbox 157 4895 1805 4972; baseline 0.005 -17"><span class='ocrx_word' id='word_1_458' title='bbox 157 4895 265 4955; x_wconf 93' lang='lat' dir='ltr'>lorum</span> <span class='ocrx_word' id='word_1_459' title='bbox 296 4895 575 4972; x_wconf 88' lang='lat' dir='ltr'>suscriptionibus</span> <span class='ocrx_word' id='word_1_460' title='bbox 602 4895 804 4957; x_wconf 86' lang='lat' dir='ltr'>roboratum.</span> <span class='ocrx_word' id='word_1_461' title='bbox 831 4899 955 4957; x_wconf 89' lang='lat' dir='ltr'>Verum</span> <span class='ocrx_word' id='word_1_462' title='bbox 1009 4896 1206 4958; x_wconf 87' lang='lat' dir='ltr'>temeritatis</span> <span class='ocrx_word' id='word_1_463' title='bbox 1225 4911 1365 4957; x_wconf 80' lang='lat' dir='ltr'>excessu</span> <span class='ocrx_word' id='word_1_464' title='bbox 1390 4911 1570 4972; x_wconf 83' lang='lat' dir='ltr'>suspensos</span> <span class='ocrx_word' id='word_1_465' title='bbox 1591 4898 1632 4960; x_wconf 90' lang='lat' dir='ltr'>ad</span> <span class='ocrx_word' id='word_1_466' title='bbox 1657 4904 1805 4963; x_wconf 88' lang='lat' dir='ltr'>nostram</span> 
     </span>
     <span class='ocr_line' id='line_1_49' title="bbox 156 4991 1805 5074; baseline 0.005 -22"><span class='ocrx_word' id='word_1_467' title='bbox 156 4992 447 5063; x_wconf 78' lang='lat' dir='ltr'>waterfordensis,</span> <span class='ocrx_word' id='word_1_468' title='bbox 472 4991 680 5061; x_wconf 89' lang='lat' dir='ltr'>Imilicensis,</span> <span class='ocrx_word' id='word_1_469' title='bbox 697 4993 730 5054; x_wconf 89' lang='lat' dir='ltr'>et</span> <span class='ocrx_word' id='word_1_470' title='bbox 752 4993 955 5055; x_wconf 87' lang='lat' dir='ltr'>Limiricen-</span> <span class='ocrx_word' id='word_1_471' title='bbox 1010 4992 1221 5069; x_wconf 75' lang='lat' dir='ltr'>presentiam</span> <span class='ocrx_word' id='word_1_472' title='bbox 1231 4992 1447 5065; x_wconf 87' lang='lat' dir='ltr'>destinarent,</span> <span class='ocrx_word' id='word_1_473' title='bbox 1460 4994 1496 5055; x_wconf 89' lang='lat' dir='ltr'>ut</span> <span class='ocrx_word' id='word_1_474' title='bbox 1505 4993 1538 5055; x_wconf 90' lang='lat' dir='ltr'>et</span> <span class='ocrx_word' id='word_1_475' title='bbox 1548 4993 1647 5056; x_wconf 90' lang='lat' dir='ltr'>iidem</span> <span class='ocrx_word' id='word_1_476' title='bbox 1663 4997 1698 5059; x_wconf 93' lang='lat' dir='ltr'>in</span> <span class='ocrx_word' id='word_1_477' title='bbox 1708 5015 1805 5074; x_wconf 86' lang='lat' dir='ltr'>poena</span> 
     </span>
     <span class='ocr_line' id='line_1_50' title="bbox 158 5088 1803 5172; baseline 0.004 -21"><span class='ocrx_word' id='word_1_478' title='bbox 158 5088 205 5152; x_wconf 86' lang='lat' dir='ltr'>sis</span> <span class='ocrx_word' id='word_1_479' title='bbox 217 5089 367 5166; x_wconf 88' lang='lat' dir='ltr'>episcopi</span> <span class='ocrx_word' id='word_1_480' title='bbox 377 5090 562 5151; x_wconf 79' lang='lat' dir='ltr'>iohannem</span> <span class='ocrx_word' id='word_1_481' title='bbox 575 5089 802 5167; x_wconf 89' lang='lat' dir='ltr'>presbyterum</span> <span class='ocrx_word' id='word_1_482' title='bbox 815 5089 953 5150; x_wconf 87' lang='lat' dir='ltr'>Limiri-</span> <span class='ocrx_word' id='word_1_483' title='bbox 1010 5089 1115 5166; x_wconf 84' lang='lat' dir='ltr'>oulpae</span> <span class='ocrx_word' id='word_1_484' title='bbox 1150 5089 1390 5164; x_wconf 76' lang='lat' dir='ltr'>cognoscerent</span> <span class='ocrx_word' id='word_1_485' title='bbox 1427 5092 1656 5167; x_wconf 85' lang='lat' dir='ltr'>quantitatem,</span> <span class='ocrx_word' id='word_1_486' title='bbox 1689 5097 1723 5157; x_wconf 93' lang='lat' dir='ltr'>et</span> <span class='ocrx_word' id='word_1_487' title='bbox 1749 5097 1803 5172; x_wconf 90' lang='lat' dir='ltr'>iis,</span> 
     </span>
     <span class='ocr_line' id='line_1_51' title="bbox 156 5185 1806 5264; baseline 0.005 -15"><span class='ocrx_word' id='word_1_488' title='bbox 156 5187 265 5250; x_wconf 91' lang='lat' dir='ltr'>censis</span> <span class='ocrx_word' id='word_1_489' title='bbox 285 5185 452 5258; x_wconf 81' lang='lat' dir='ltr'>dioecesis,</span> <span class='ocrx_word' id='word_1_490' title='bbox 476 5203 548 5263; x_wconf 91' lang='lat' dir='ltr'>per·</span> <span class='ocrx_word' id='word_1_491' title='bbox 564 5187 745 5264; x_wconf 88' lang='lat' dir='ltr'>potentiam</span> <span class='ocrx_word' id='word_1_492' title='bbox 774 5191 811 5248; x_wconf 80' lang='lat' dir='ltr'>G.</span> <span class='ocrx_word' id='word_1_493' title='bbox 826 5187 866 5248; x_wconf 92' lang='lat' dir='ltr'>de</span> <span class='ocrx_word' id='word_1_494' title='bbox 882 5190 956 5248; x_wconf 90' lang='lat' dir='ltr'>Ma·</span> <span class='ocrx_word' id='word_1_495' title='bbox 1010 5186 1128 5264; x_wconf 89' lang='lat' dir='ltr'>quibus</span> <span class='ocrx_word' id='word_1_496' title='bbox 1143 5187 1356 5262; x_wconf 91' lang='lat' dir='ltr'>praesumptio</span> <span class='ocrx_word' id='word_1_497' title='bbox 1372 5186 1434 5248; x_wconf 84' lang='lat' dir='ltr'>tuit</span> <span class='ocrx_word' id='word_1_498' title='bbox 1448 5187 1482 5249; x_wconf 92' lang='lat' dir='ltr'>in</span> <span class='ocrx_word' id='word_1_499' title='bbox 1498 5191 1701 5263; x_wconf 89' lang='lat' dir='ltr'>scandalum,</span> <span class='ocrx_word' id='word_1_500' title='bbox 1718 5199 1806 5258; x_wconf 89' lang='lat' dir='ltr'>asset</span> 
     </span>
     <span class='ocr_line' id='line_1_52' title="bbox 156 5283 1803 5361; baseline 0.005 -17"><span class='ocrx_word' id='word_1_501' title='bbox 156 5283 245 5344; x_wconf 89' lang='lat' dir='ltr'>risco</span> <span class='ocrx_word' id='word_1_502' title='bbox 255 5283 430 5360; x_wconf 79' lang='lat' dir='ltr'>Justitiarii</span> <span class='ocrx_word' id='word_1_503' title='bbox 444 5283 612 5345; x_wconf 89' lang='lat' dir='ltr'>Hiberniae</span> <span class='ocrx_word' id='word_1_504' title='bbox 624 5284 788 5346; x_wconf 90' lang='lat' dir='ltr'>violenter</span> <span class='ocrx_word' id='word_1_505' title='bbox 800 5285 834 5345; x_wconf 90' lang='lat' dir='ltr'>in</span> <span class='ocrx_word' id='word_1_506' title='bbox 846 5284 955 5346; x_wconf 90' lang='lat' dir='ltr'>eccle-</span> <span class='ocrx_word' id='word_1_507' title='bbox 1009 5284 1136 5361; x_wconf 89' lang='lat' dir='ltr'>punitio</span> <span class='ocrx_word' id='word_1_508' title='bbox 1153 5283 1397 5359; x_wconf 89' lang='lat' dir='ltr'>inexemplum,</span> <span class='ocrx_word' id='word_1_509' title='bbox 1414 5283 1515 5345; x_wconf 91' lang='lat' dir='ltr'>nullis</span> <span class='ocrx_word' id='word_1_510' title='bbox 1530 5286 1650 5349; x_wconf 89' lang='lat' dir='ltr'>litteris</span> <span class='ocrx_word' id='word_1_511' title='bbox 1665 5288 1803 5352; x_wconf 89' lang='lat' dir='ltr'>obstan-</span> 
     </span>
     <span class='ocr_line' id='line_1_53' title="bbox 156 5380 1866 5458; baseline 0.004 -16"><span class='ocrx_word' id='word_1_512' title='bbox 156 5381 240 5444; x_wconf 85' lang='lat' dir='ltr'>siam</span> <span class='ocrx_word' id='word_1_513' title='bbox 256 5380 362 5457; x_wconf 90' lang='lat' dir='ltr'>ipsam</span> <span class='ocrx_word' id='word_1_514' title='bbox 379 5381 458 5457; x_wconf 86' lang='lat' dir='ltr'>post.</span> <span class='ocrx_word' id='word_1_515' title='bbox 470 5384 542 5458; x_wconf 90' lang='lat' dir='ltr'>ejus</span> <span class='ocrx_word' id='word_1_516' title='bbox 557 5380 752 5442; x_wconf 91' lang='lat' dir='ltr'>electionem</span> <span class='ocrx_word' id='word_1_517' title='bbox 776 5382 952 5454; x_wconf 88' lang='lat' dir='ltr'>intrusum,</span> <span class='ocrx_word' id='word_1_518' title='bbox 1009 5380 1097 5442; x_wconf 88' lang='lat' dir='ltr'>tibus</span> <span class='ocrx_word' id='word_1_519' title='bbox 1122 5380 1356 5458; x_wconf 88' lang='lat' dir='ltr'>praedictarum</span> <span class='ocrx_word' id='word_1_520' title='bbox 1376 5380 1563 5443; x_wconf 89' lang='lat' dir='ltr'>litterarum</span> <span class='ocrx_word' id='word_1_521' title='bbox 1572 5384 1688 5446; x_wconf 89' lang='lat' dir='ltr'>tenore</span> <span class='ocrx_word' id='word_1_522' title='bbox 1701 5386 1803 5451; x_wconf 88' lang='lat' dir='ltr'>tacito</span> <span class='ocrx_word' id='word_1_523' title='bbox 1852 5425 1866 5442; x_wconf 71' lang='lat'><strong>·</strong></span> 
     </span>
     <span class='ocr_line' id='line_1_54' title="bbox 156 5477 1803 5556; baseline 0.005 -19"><span class='ocrx_word' id='word_1_524' title='bbox 156 5491 353 5538; x_wconf 83' lang='lat' dir='ltr'>consecrare</span> <span class='ocrx_word' id='word_1_525' title='bbox 368 5477 492 5554; x_wconf 78' lang='lat' dir='ltr'>inejns</span> <span class='ocrx_word' id='word_1_526' title='bbox 511 5477 701 5554; x_wconf 90' lang='lat' dir='ltr'>episcopum</span> <span class='ocrx_word' id='word_1_527' title='bbox 727 5493 952 5554; x_wconf 87' lang='lat' dir='ltr'>praesumpse-</span> <span class='ocrx_word' id='word_1_528' title='bbox 1008 5478 1128 5540; x_wconf 78' lang='lat' dir='ltr'>assde</span> <span class='ocrx_word' id='word_1_529' title='bbox 1142 5477 1333 5556; x_wconf 81' lang='lat' dir='ltr'>Apostolioa</span> <span class='ocrx_word' id='word_1_530' title='bbox 1352 5477 1549 5555; x_wconf 90' lang='lat' dir='ltr'>impetratis.</span> <span class='ocrx_word' id='word_1_531' title='bbox 1573 5480 1708 5544; x_wconf 82' lang='lat' dir='ltr'>Praeiati</span> <span class='ocrx_word' id='word_1_532' title='bbox 1722 5499 1803 5547; x_wconf 91' lang='lat' dir='ltr'>vero</span> 
     </span>
     <span class='ocr_line' id='line_1_55' title="bbox 155 5574 1804 5654; baseline 0.008 -18"><span class='ocrx_word' id='word_1_533' title='bbox 155 5578 245 5642; x_wconf 91' lang='lat' dir='ltr'>runt,</span> <span class='ocrx_word' id='word_1_534' title='bbox 276 5578 350 5652; x_wconf 90' lang='lat' dir='ltr'>post</span> <span class='ocrx_word' id='word_1_535' title='bbox 372 5575 630 5652; x_wconf 84' lang='lat' dir='ltr'>appellationem</span> <span class='ocrx_word' id='word_1_536' title='bbox 658 5575 698 5636; x_wconf 89' lang='lat' dir='ltr'>ed</span> <span class='ocrx_word' id='word_1_537' title='bbox 723 5591 783 5636; x_wconf 90' lang='lat' dir='ltr'>nos</span> <span class='ocrx_word' id='word_1_538' title='bbox 807 5574 955 5652; x_wconf 83' lang='lat' dir='ltr'>legitime</span> <span class='ocrx_word' id='word_1_539' title='bbox 1003 5575 1144 5654; x_wconf 87' lang='lat' dir='ltr'>judices,</span> <span class='ocrx_word' id='word_1_540' title='bbox 1162 5575 1249 5639; x_wconf 91' lang='lat' dir='ltr'>siout</span> <span class='ocrx_word' id='word_1_541' title='bbox 1262 5590 1322 5654; x_wconf 90' lang='lat' dir='ltr'>per</span> <span class='ocrx_word' id='word_1_542' title='bbox 1331 5591 1410 5637; x_wconf 91' lang='lat' dir='ltr'>suas</span> <span class='ocrx_word' id='word_1_543' title='bbox 1421 5575 1515 5638; x_wconf 91' lang='lat' dir='ltr'>nobis</span> <span class='ocrx_word' id='word_1_544' title='bbox 1524 5577 1653 5640; x_wconf 88' lang='lat' dir='ltr'>litteras</span> <span class='ocrx_word' id='word_1_545' title='bbox 1668 5579 1804 5648; x_wconf 85' lang='lat' dir='ltr'>intima·</span> 
     </span>
    </p>
   </div>
   <div class='ocr_carea' id='block_1_9' title="bbox 0 0 2144 6404">
    <p class='ocr_par' dir='ltr' id='par_1_13' title="bbox 0 0 2144 6404">
     <span class='ocr_line' id='line_1_56' title="bbox 0 0 2144 6404; baseline 0 1"><span class='ocrx_word' id='word_1_546' title='bbox 0 0 2144 6404; x_wconf 95' lang='lat' dir='ltr'> </span> 
     </span>
    </p>
   </div>
  </div>
 </body>
</html>
