4300 6392
306 241 362 300 491
924 241 1099 302 HONORH
1122 243 1166 300 111
1189 243 1336 303 OPERA.
1891 247 1950 305 492

309 401 548 470 rum‚eoclesia
569 404 679 463 vestra
702 401 835 462 viduata
859 402 1002 478 pastore,
1016 415 1100 461 con·
1155 399 1291 476 positos,
1302 402 1401 463 sedet
1414 402 1455 462 ad
1469 402 1566 479 longe
1577 404 1701 480 positos
1713 403 1947 466 extendamns²

308 497 453 560 tuleritis
475 500 687 570 voraveris,
704 500 737 560 et
760 498 940 560 electiones
960 497 1100 559 fratrum
1155 513 1276 574 qnare·
1295 513 1432 560 necesse
1455 501 1527 572 est,
1555 502 1591 562 ut
1615 501 1824 562 imminentia
1851 501 1949 564 nobis

308 593 498 672 huiusmodi
521 596 622 656 Sedes
641 596 828 672 apostolica
858 611 922 656 non
936 595 1098 667 admittat,
1155 610 1256 655 onera
1271 595 1458 656 dividamus
1472 597 1506 656 in
1522 597 1619 669 alios,
1630 613 1704 658 oum
1720 598 1866 660 humana
1882 615 1948 661 non

307 707 347 752 ac
361 693 479 754 electio
499 693 584 754 lacta
600 693 639 754 de
658 693 772 754 eodem
787 693 889 755 fratre
904 695 1019 754 contra
1031 691 1101 753 lor·
1156 693 1300 768 patiatur
1324 693 1511 760 infirmitas.
1533 695 1569 756 ut
1590 711 1629 756 ea
1650 698 1818 771 portemus
1833 697 1946 758 omnia

309 790 505 852 meminerit
515 791 654 851 concilii
667 791 833 866 generalis
842 793 1012 860 attentata,
1022 790 1099 867 quia
1155 804 1214 864 per
1223 805 1283 850 nos
1299 790 1399 866 ipsos.
1412 791 1494 862 Quia
1506 791 1607 867 igitur
1620 793 1654 854 in
1666 792 1815 868 partibus
1827 794 1947 854 vestris

309 889 421 948 tamen
443 904 503 948 sex
525 889 640 950 electis
650 889 690 948 ad
707 889 825 965 ipsam,
840 889 952 948 nullus
967 887 1100 949 illorum
1155 885 1256 947 multa
1269 887 1585 962 vitiorumgermina
1605 888 1770 966 pullulare
1792 889 1948 952 dicuntur

311 987 446 1062 propter
467 986 602 1047 nimiam
626 988 852 1063 paupertatem
867 985 1014 1064 eiusdem
1025 1001 1101 1045 sus-
1154 999 1228 1059 quae
1251 982 1335 1044 falce
1350 985 1525 1060 apostolici
1541 985 1777 1046 moderaminis
1792 989 1949 1049 convenit

309 1083 419 1159 cipere
437 1083 544 1144 noluit
562 1086 634 1162 ejus
649 1098 762 1144 curam
775 1106 783 1157 3
796 1082 963 1144 devotioni
980 1081 1099 1144 vestrae
1154 1080 1331 1156 amputari,
1340 1096 1402 1142 nos
1426 1081 1562 1156 dignum
1586 1083 1745 1145 ducentes
1772 1082 1853 1145 illuc
1880 1085 1947 1146 ali-

308 1179 463 1242 volnmus
472 1195 546 1242 esse
560 1183 685 1252 notum,
703 1181 789 1258 quod
804 1181 891 1242 hanc
904 1180 1099 1243 electionem
1155 1193 1252 1254 quem
1264 1177 1305 1238 de
1319 1177 1423 1240 latere
1433 1181 1547 1240 nostro
1560 1180 1701 1251 mittere,
1714 1181 1770 1256 qui
1779 1196 1898 1257 aspera
1912 1183 1948 1242 in

308 1277 647 1354 septimam-duximus
657 1277 874 1348 tolerandam,
897 1278 926 1338 si
936 1276 1100 1338 industria
1155 1273 1227 1332 vias
1243 1273 1371 1350 planas,
1386 1275 1419 1335 et
1433 1275 1549 1351 previa
1563 1274 1598 1335 in
1616 1274 1744 1337 directa
1755 1279 1951 1348 convertatz„

306 1373 406 1452 hujus
430 1375 527 1436 alecti
550 1376 700 1436 ecclesiae
715 1375 870 1436 rideatur
883 1373 1002 1444 eidem,
1015 1374 1101 1436 sicut
1155 1385 1235 1430 ecco
1251 1370 1404 1430 misimus
1424 1371 1543 1432 advos
1567 1372 1724 1434 dilectum
1744 1372 1849 1433 lilium
1871 1389 1947 1434 roa-

306 1471 543 1542 intelleximus‚
557 1473 725 1550 expedire.
744 1473 848 1544 unde,
865 1472 944 1549 quia
962 1487 1101 1532 venera·
1154 1465 1295 1541 gistrum
1315 1466 1486 1539 iacobum,
1504 1469 1711 1544 capellanum
1735 1470 1768 1531 et
1783 1471 1948 1546 perien-

304 1567 404 1629 bil'em
437 1568 572 1630 tratrem
598 1571 770 1636 nostrum,
800 1568 1097 1644 vesprimiensem,
1154 1562 1665 1642 tiariumnostrnm‚Apostolioae
1680 1567 1775 1628 Sedis
1788 1567 1944 1642 legatum,

305 1667 414 1725 virum
429 1657 581 1726 novimus
598 1665 887 1742 circumspectum,
906 1665 947 1726 de
961 1681 1026 1742 quo
1041 1664 1098 1725 in·
1154 1660 1261 1720 virum
1284 1662 1425 1722 scientia
1454 1665 1487 1724 et
1511 1663 1674 1739 religione
1698 1665 1885 1742 probatum,
1915 1665 1949 1728 et

291 1761 487 1824 dubitatam
514 1762 669 1824 fiduciam
695 1763 893 1834 obtinemus,
908 1763 941 1823 et
966 1762 1037 1839 ipse
1058 1761 1099 1822 de
1155 1756 1250 1818 nobis
1271 1773 1312 1818 ac
1332 1758 1490 1820 fratribus
1514 1763 1637 1822 nostris
1650 1762 1767 1822 merito
1783 1779 1852 1823 suae
1868 1779 1948 1840 pro·

278 1865 282 1884 ¹
305 1859 487 1922 idoneitate
499 1876 649 1941 personae
658 1859 770 1922 fratris
786 1859 933 1937 eiusdem
948 1859 1099 1920 notitiam
1154 1852 1267 1915 bitatis
1278 1858 1629 1933 acceptumconcessa-
1642 1857 1707 1919 sibi
1721 1859 1871 1936 plenaria
1887 1875 1948 1936 po-

307 1957 430 2019 habere
451 1957 572 2036 poterit
595 1957 792 2034 pleniorem;
813 1956 920 2018 eidem
945 1957 1100 2032 episcopo
1154 1953 1283 2024 testate,
1299 1955 1335 2014 ut
1356 1954 1477 2016 evellat
1497 1957 1531 2017 et
1550 1955 1710 2026 destruat,
1729 1954 1871 2019 aeditlcet
1890 1958 1946 2019 at·

308 2053 457 2115 dedimus
484 2055 519 2116 in
547 2054 778 2120 mandabant
801 2053 979 2131 injungens
993 2051 1098 2124 vobis,
1155 2063 1222 2124 que
1233 2048 1369 2125 plantet,
1382 2053 1479 2127 prout
1489 2067 1628 2129 quaeque
1645 2054 1828 2114 secundum·
1836 2054 1946 2116 datam

308 2151 399 2229 qnod·
414 2151 543 2230 aliquos
556 2153 702 2212 vestrum
718 2149 762 2211 ad·
779 2165 873 2211 suam
889 2150 1100 2227 praesentiam
1155 2145 1253 2206 eibia
1274 2149 1342 2208 Deo
1358 2147 1567 2224 prudentiam
1585 2150 1757 2212 evellenda
1771 2151 1893 2212 viderit
1914 2155 1946 2214 et

309 2248 472 2324 dirigatis,
484 2249 540 2326 qui
556 2247 702 2308 omnium
717 2247 805 2309 vices
819 2248 954 2322 gerant3
971 2247 998 2306 si
1012 2246 1101 2307 vidc-
1154 2241 1345 2318 plantanda.
1363 2245 1508 2323 ideoque
1529 2246 1738 2316 universitati
1752 2250 1871 2310 vestroe
1886 2263 1945 2325 per

311 2345 367 2418 rit,
382 2347 490 2406 solum
503 2347 607 2407 Deum
628 2344 778 2406 habendo
794 2359 862 2422 prae
879 2343 997 2415 oculis,
1014 2343 1099 2420 quod
1154 2341 1342 2415 Apostolica
1358 2343 1482 2419 scripta
1498 2343 1720 2421 precipiendo
1736 2345 1944 2416 mandamus,

307 2457 367 2519 per
376 2444 444 2520 jam
460 2443 583 2505 dictum
598 2441 733 2504 tratrem
746 2428 1018 2503 eidem'eoclesiae
1033 2441 1102 2502 uti·
1132 2515 1133 2518 Ἴ
1155 2438 1317 2513 quatenus
1330 2439 1437 2516 ipstnn
1454 2443 1623 2518 tamquam
1635 2443 1833 2520 Apostolioae
1849 2443 1945 2504 Sedis

312 2538 389 2600 liter
402 2539 606 2611 consulatur,
619 2537 814 2600 electionem
837 2537 1011 2598 lactamde
1026 2537 1099 2614 ipso
1155 2533 1298 2608 legatum
1331 2537 1538 2613 recipientes·
1567 2538 1722 2601 hilariter
1741 2541 1775 2602 et
1808 2539 1952 2602 honeste.

309 2637 498 2710 confirmem
515 2637 548 2698 et
569 2636 601 2697 ei
624 2635 841 2712 postmodnm,
859 2649 934 2695 cum
949 2634 1099 2696 ecclesiae
1153 2632 1344 2704 tractantes,
1357 2649 1397 2694 ac
1411 2637 1603 2698 reverenter
1611 2636 1819 2698 intendentes
1830 2637 1951 2712 etebe.

307 2735 427 2796 restrae
442 2733 582 2795 velimus
596 2747 734 2810 parcere
748 2730 917 2793 laboribus
932 2731 966 2792 et
980 2745 1100 2808 expen·
1154 2727 1282 2790 dientes
1298 2730 1416 2798 eidem,
1430 2735 1503 2808 ejus
1523 2732 1671 2794 salubria
1686 2735 1812 2795 monita
1831 2737 1864 2796 et
1876 2737 1946 2795 sta·-

307 2829 365 2901 sis,
386 2843 505 2889 munus
529 2828 789 2889 consecrationis
812 2826 993 2904 impendat.
1007 2827 1098 2898 Quod
1153 2825 1223 2886 tuta
1247 2827 1418 2904 recipiatis
1434 2829 1604 2891 humiliter
1622 2832 1656 2892 et
1671 2831 1952 2908 irretbagabiliter-

309 2927 338 2986 si
366 2941 541 3004 personam
576 2925 683 3001 ipsius
710 2925 819 2985 minus
845 2924 997 2990 idoneam
1023 2939 1098 2985 esse
1154 2921 1347 2985 observetis.
1360 2925 1516 3003 Alioquin
1540 2928 1751 3000 sententiam,
1768 2941 1865 3005 quiam
1888 2945 1946 2990 ra-

307 3023 503 3093 constiterlt‚
522 3023 610 3083 idem
631 3023 820 3099 episcopus,
842 3023 914 3098 ejus
938 3021 1099 3082 electione
1154 3020 1357 3083 tionabiliter
1381 3024 1496 3089 tulerit
1510 3025 1545 3090 in
1560 3025 1713 3094 rebelles,
1734 3027 1952 3105 precipimus,

308 3123 452 3192 cassata,
468 3121 713 3197 sampsorum,
728 3119 785 3196 qni
800 3118 841 3180 ad
856 3133 934 3188 oum
946 3119 1100 3181 venerint
1154 3133 1258 3194 usque
1283 3119 1325 3180 ad
1347 3120 1605 3184 satisfactionem
1621 3122 1819 3198 condignam
1841 3124 1949 3185 invio-⁴

308 3218 459 3290 consilio,
475 3217 578 3279 alium
599 3217 749 3278 ecclesiae
764 3214 911 3297 praelate
926 3216 1097 3292 praeliciat,
1153 3215 1300 3278 labiliter
1314 3216 1496 3279 observari.
1513 3221 1631 3280 Datum
1646 3221 1732 3296 apnd
1746 3220 1867 3282 Urbem
1877 3224 1945 3284 Ve-

306 3317 363 3393 qui
382 3317 475 3377 tanto
499 3315 659 3390 cong-ruat
685 3313 779 3375 oneri
794 3314 826 3374 et
840 3313 963 3375 honori·
982 3313 1097 3390 pasto·
1152 3313 1268 3386 terem,
1304 3316 1336 3381 ll
1368 3315 1530 3378 kalendas
1560 3317 1706 3393 augusti,
1733 3318 1946 3396 pontificatue

306 3429 388 3475 rem.
404 3411 527 3474 Datum·
545 3410 631 3488 apud
649 3410 769 3472 Urbem
793 3411 957 3482 Veterem,
972 3411 1016 3472 lv
1028 3411 1096 3474 kal.
1153 3411 1258 3471 nostri
1273 3412 1498 3489 annoquinto.

295 3508 616 3588 >e11g.,pontiticatus
628 3509 734 3570 nostri
747 3523 835 3570 anno
851 3507 976 3586 quinto.

1192 3583 1235 3640 ln
1259 3583 1416 3642 octoadem
1439 3585 1578 3644 mutim
1603 3583 1762 3659 scriptum
1792 3585 1844 3646 est
1871 3585 1946 3661 regi

663 3696 739 3781 VH
1154 3676 1273 3739 Scotiae
1288 3693 1395 3750 cuque
1410 3679 1531 3740 viderit
1553 3685 1587 3742 et
1597 3680 1789 3757 plantanda.
1812 3685 1943 3744 nomae

1151 3775 1568 3853 predecessorumque
1604 3779 1817 3840 serenitatem
1851 3779 1942 3840 tuam

1152 3873 1276 3934 attente
1302 3873 1483 3948 rogandam
1508 3873 1663 3938 duximus
1676 3877 1710 3936 et
1731 3875 1947 3948 hortandam,

647 4039 652 4049 ,
686 4039 702 4051 ..
1152 3967 1313 4045 quatenus
1329 3970 1436 4046 ipsum
1458 3971 1615 4047 tanquam
1629 3973 1828 4048 Apostolicae
1846 3973 1943 4034 Sedis

595 4041 628 4099 3¹
642 4039 705 4112 l¹¹¹¹¹
719 4039 802 4104 ¹²²¹
1151 4064 1296 4140 legatum
1307 4083 1365 4143 pro
1379 4069 1566 4130 reverentia
1578 4067 1666 4131 beati
1682 4071 1774 4135 Petri
1787 4073 1820 4132 et
1830 4073 1942 4132 nostra

458 4147 588 4212 [retiner.
599 4147 667 4196 ¹¹⁰⁰·
678 4146 791 4206 ¹¹¹¹²¹¹¹e
804 4145 876 4206 ¹¹2¹·
888 4145 941 4210 ³¹¹]
1150 4164 1315 4240 recipiens
1326 4164 1481 4228 hilariter
1491 4167 1523 4227 et
1530 4165 1712 4228 honorilice
1722 4170 1946 4244 pertractans,

304 4247 421 4306 liittitur
437 4247 550 4320 legatus
565 4245 646 4304 Sedis
656 4245 828 4318 Apostolicm
841 4244 871 4300 in
891 4243 1055 4301 Hiberniam
1068 4251 1096 4301 et
1149 4276 1220 4322 Μ
1233 4260 1373 4322 subditis
1385 4262 1452 4323 puis
1468 4262 1941 4328 eiobedienfiamepfflvw.

339 4335 473 4436 Seleu
487 4341 515 4391 a
529 4332 752 4434 'addendam
775 4332 908 4390 ffibefflr
931 4339 960 4390 ⁰¹
979 4331 1098 4405 rebe
1148 4335 1229 4419 aaa
1245 4357 1541 4432 exubernantes,
1552 4361 1638 4424 snut
1650 4361 1754 4434 aaa,
1771 4363 1805 4425 et
1819 4362 1947 4439 imma..

339 4425 483 4543 ΜΨ*
502 4420 653 4542 ΗΙΨΜ·
1071 4530 1078 4543 ¹
1149 4454 1230 4518 dens
1250 4456 1282 4518 ei
1295 4457 1517 4521 consiliumet
1530 4457 1694 4520 auxilium
1709 4461 1939 4538 opportunum,

344 4535 510 4596 Honorius
521 4533 1093 4607 091300131182i¹⁰l¹¹1280¹V0¹¹¹mD⁰b
1148 4553 1196 4614 sic
1205 4569 1280 4614 oum
1289 4553 1402 4616 lavore
1412 4556 1503 4630 regio
1517 4558 1740 4634 prosequaris,
1755 4557 1841 4634 quod
1855 4573 1942 4620 com·

303 4627 549 4690 venerabilibus
582 4626 740 4689 iratribus
769 4626 1029 4704 archiepiscopis
1062 4629 1095 4689 et
1147 4652 1707 4729 missumsjfflegationisofficjum
1723 4655 1940 4718 adponorem

304 4726 478 4804 episcopis,
493 4727 526 4787 Gt
538 4725 668 4786 dilectis
683 4724 762 4786 fllflfl
774 4723 959 4796 abbatibus,
977 4725 1095 4802 priori·
1148 4749 1182 4809 et
1208 4748 1390 4824 PPOsesstum
1416 4750 1521 4821 tuum,
1547 4752 1581 4812 et
1608 4753 1705 4828 regni
1728 4752 1940 4825 ¹11¹,ass0wr0

239 4893 247 4906 ¹
302 4823 363 4886 bns
378 4839 418 4885 ac
441 4823 518 4884 aliis
533 4823 751 4884 ecclesiarum
767 4822 927 4900 praelatis,
940 4823 973 4884 et
985 4824 1094 4884 omni·
1147 4846 1412 4918 Dominoffapeat
1422 4846 1635 4910 laudamine„
1645 4852 1940 4913 exeroepepatum

301 4921 365 4982 bns
379 4919 502 4982 Christi
517 4919 668 4983 tidelibns
680 4935 740 4997 per
753 4919 947 4984 Hiberniam
969 4923 1094 4984 consti·
1149 4945 1184 5005 ut
1198 4959 1318 5022 supra„

304 5018 563 5196 luggam&
574 5018 731 5189 officium,
747 5115 832 5194 quod
852 5131 913 5178 nos
927 5115 1092 5179 debitores
1187 5118 1230 5176 In
1242 5119 1400 5176 etimdem
1414 5119 1552 5178 modum
1566 5118 1630 5178 sori
1634 5120 1724 5195 ptum
1739 5120 1789 5181 est
1806 5119 1940 5195 regibus

334 3833 386 3892 Ad
406 3832 688 3903 archiepiscopos,
712 3831 897 3902 episcopos,
919 3829 1066 3896 abbates,

359 3927 656 4004 praemanentes
673 3927 837 4001 proetotos
847 3927 1035 3988 Hiberniae.

302 5215 473 5278 constituit
510 5213 687 5286 universis,
715 5213 876 5294 exposcit,
906 5213 942 5276 ut
969 5215 1091 5276 nostrae
1148 5210 1300 5286 Ultoniae,
1313 5213 1470 5286 corcaiae,
1487 5214 1834 5290 Limri·tlt‚,Gonnatiae,
1852 5217 1941 5282 insu·

302 5307 538 5374 sollicitudinis
569 5307 675 5372 aciem
697 5321 766 5372 non
793 5308 901 5368 solum
924 5307 965 5368 ad
990 5323 1092 5390 prope
1146 5310 1254 5370 larum
1270 5310 1406 5378 cuilibet
1420 5327 1538 5388 perse.
