4248 6410
124 364 182 423 649
747 367 974 428 EPISTOLAE.
999 369 1076 427 LIB.
1101 361 1138 426 V.

164 522 341 596 Praeterea,
359 524 556 601 quicumque
570 523 611 584 de
626 520 837 586 facultatibus
851 524 914 584 sibi
1320 553 1413 639 CXC
1502 502 1508 514 ’

5 581 11 592 ¹
124 619 254 681 collatis
280 635 299 680 a
328 622 395 681 Deo
423 619 581 681 fratribus
611 619 802 684 subvenerit
829 637 916 696 saepe

5 711 10 718 ’
124 715 278 788 ᾱίοῐίε,θῒ
293 716 328 776 in
348 731 461 777 eorum
484 718 597 778 sancta
621 715 827 778 fraternitate
848 719 918 778 sta-

1049 687 1100 748 aa
1118 688 1400 760 crctteptscopos,
1418 689 1602 760 episcopos,
1619 684 1682 746 etc.

5 813 8 815 ’
124 813 226 874 tuerit
253 829 288 872 se
317 812 488 888 collegam,
506 813 620 889 eisque
645 812 806 874 beneficia
834 828 915 889 per·
1266 805 1372 879 ldjan.
1387 806 1466 863 ltll.

5 973 6 976 ,
126 909 264 970 solverit
277 909 459 980 annuatim,
483 911 513 970 ei
529 909 568 970 de
580 908 751 971 beatorum
778 911 914 986 aposto·
1153 917 1288 980 [statue.
1300 919 1395 983 t.e.,p.
1407 919 1462 978 aaa,
1474 933 1501 969 n.
1514 917 1582 984 eta]

124 1004 232 1065 ¹01'11ffl
267 1005 356 1066 ΡθῖΓῘ
391 1007 424 1066 θῐ
458 1004 554 1066 Pauli
575 1005 771 1067 ³¹1⁰l01‘ilat0
800 1006 916 1067 CORflSi
967 1025 1053 1084 Vetat
1067 1021 1168 1081 fratres
1180 1023 1287 1081 ordinis
1302 1024 1469 1082 'theutonici
1484 1023 1628 1080 molestari
1637 1023 1674 1080 de
1685 1037 1763 1094 sepe·

125 1102 297 1178 septimam
322 1104 447 1179 partam
469 1101 627 1178 injunctae
647 1103 850 1178 poeniteutiae
867 1119 917 1164 re·
1003 1111 1106 1196 itandis
1131 1111 1331 1181 confratribus,
1360 1111 1395 1169 de
1419 1111 1648 1170 malefactoribus
1665 1127 1760 1183 perse·

125 1198 287 1259 laxamus.
1006 1199 1137 1272 quendis,
1157 1199 1192 1256 de
1207 1201 1398 1273 eleemosynis
1413 1200 1573 1276 quaerendis
1594 1202 1623 1257 in
1643 1201 1763 1257 aliorum

163 1296 354 1372 apostolica
376 1311 503 1373 quoquc
522 1296 731 1368 auctoritate,
753 1297 794 1358 ob
820 1311 917 1356 reve·
1004 1287 1144 1345 ecclesiis.

123 1393 265 1453 rentiam
290 1393 395 1468 ipsius
419 1393 620 1454 venerabilis
646 1393 772 1464 domne,
794 1394 915 1454 statui-
1010 1395 1176 1456 Honorius
1189 1396 1373 1473 episcopus,
1387 1410 1502 1458 servus
1511 1411 1681 1457 servorum
1690 1396 1761 1468 Dei,

124 1505 209 1560 mus,
231 1490 267 1550 ut
294 1490 352 1560 iis,
374 1489 430 1564 qui
449 1505 563 1549 eorum
588 1489 828 1552 fraternitatem
857 1505 916 1550 as·
970 1490 1127 1552 fratribus
1152 1493 1413 1571 archiepiscopis
1431 1494 1464 1554 et
1484 1493 1648 1570 episcopis
1667 1493 1699 1555 et
1714 1492 1766 1553 di-

124 1583 340 1660 sumpserint,
369 1585 397 1644 si
426 1584 539 1645 forsan
569 1587 735 1657 ecclesias,
763 1585 803 1646 ad
835 1601 917 1662 quas
970 1586 1065 1648 lectis
1079 1588 1157 1648 filiis
1171 1589 1355 1660 abbatibus,
1366 1589 1543 1666 prioribus,
1556 1589 1765 1650 archidiaco-

125 1681 458 1756 pertinentadivinis
472 1680 723 1744 fuerintoftlciis
734 1683 916 1743 interdictae
971 1683 1034 1755 nis,
1060 1684 1194 1746 decanis
1209 1686 1242 1747 et
1263 1685 1340 1744 aliis
1366 1686 1584 1746 ecclesiarum
1604 1685 1762 1762 praelatis,

124 1778 280 1855 ipsosque
295 1778 380 1838 mori
404 1778 589 1864 contigerit,
615 1779 787 1856 sepultura
806 1780 915 1840 eccle·
970 1780 1011 1840 ad
1027 1796 1110 1858 quos
1123 1781 1241 1843 litterae
1256 1782 1328 1843 istae
1343 1783 1568 1859 pervenerint,
1582 1782 1766 1844 salutemet

124 1875 260 1936 siastica
284 1889 350 1935 non
374 1877 522 1950 negetur,
546 1876 613 1936 nisi
639 1877 917 1937 excommunicati
971 1878 1187 1954 apostolicam
1202 1878 1475 1940 benedictionem.

124 1971 177 2032 vel
200 1970 395 2032 nominatim
414 1971 539 2034 fuerint
557 1972 734 2034 interdicti.
756 1973 916 2034 Volumus
1010 1973 1127 2035 Dilecti
1144 1975 1204 2034 lilii
1224 1973 1342 2036 fratres
1354 1976 1536 2052 Hospitalis
1552 1975 1682 2037 Sancta
1692 1976 1766 2035 Ma-

123 2067 245 2140 autem,
270 2069 306 2128 ut
325 2068 424 2129 liceat
444 2069 494 2128 eis
516 2067 699 2130 confratres
721 2085 808 2140 suos,
833 2085 915 2145 quos
969 2070 1029 2130 riae
1049 2071 1327 2132 Theutcnicorum
1343 2072 1649 2149 Hierosolymitani,
1670 2072 1765 2132 nobis

124 2165 342 2226 ecclesiarum
352 2165 481 2241 praelati
492 2165 577 2242 apud
589 2166 748 2226 ecclesias
762 2181 840 2226 suas
852 2181 917 2225 ma·
970 2167 1117 2242 graviter
1127 2171 1205 2229 sunt
1218 2169 1400 2246 conquesti,
1415 2169 1569 2246 quodvos
1583 2169 1765 2230 confratres
1820 2187 1822 2196 ’

125 2262 235 2322 litiose
249 2277 314 2322 non
328 2263 539 2338 permiserint
551 2262 695 2338 sepeliri,
711 2261 775 2322 nisi
789 2277 917 2322 excom·
971 2277 1049 2322 suos
1062 2266 1095 2323 et
1105 2263 1266 2340 eligentes
1276 2265 1310 2326 in
1322 2280 1436 2326 eorum
1449 2266 1647 2326 coemeteriis
1659 2265 1767 2340 sepul·

124 2358 283 2419 municati
302 2358 354 2418 vel
381 2359 576 2420 nominatim
603 2357 727 2420 fuerint
750 2359 917 2420 interdicti
970 2360 1078 2421 turam
1107 2360 1147 2421 ab
1176 2362 1258 2437 ipsis
1285 2378 1351 2422 non
1384 2362 1574 2438 permittitis
1607 2362 1765 2423 fratribus

124 2455 294 2516 autetiam
312 2454 435 2531 publici
459 2456 614 2527 usurarii,
632 2456 842 2518 tumulandos
858 2456 917 2516 de·
971 2455 1115 2532 sepeliri,
1127 2458 1159 2517 et
1169 2457 1292 2518 eisdem
1306 2457 1463 2519 exhibere
1470 2459 1634 2534 justitiam
1643 2459 1684 2518 de
1696 2459 1766 2519 suis

125 2551 212 2612 ferre
234 2550 274 2612 ad
298 2552 458 2614 ecclesias
482 2567 559 2613 suas
587 2552 619 2614 et
643 2551 825 2612 oblationes
848 2553 915 2614 tam
970 2553 1239 2614 malefactoribus
1263 2554 1480 2629 negligentes,
1495 2555 1529 2614 in
1554 2555 1674 2616 vestris
1699 2571 1764 2615 non

124 2664 184 2725 pro
199 2648 247 2709 eis
263 2663 361 2724 quam
377 2648 530 2724 proeliis,
546 2649 603 2725 qui
618 2648 652 2708 in
666 2664 780 2708 eorum
795 2663 917 2709 coeme-
970 2650 1122 2726 patimini
1135 2650 1284 2712 ecclesiis
1301 2650 1420 2712 fratres
1436 2651 1525 2728 ipsos
1538 2652 1765 2728 eleemosynas

123 2746 217 2806 tertis
227 2746 449 2821 requiescunt,
461 2745 630 2817 exhibitis,
639 2745 822 2806 sinealieni
829 2747 916 2822 juris
970 2761 1130 2824 quaerere,
1148 2763 1209 2809 nec
1224 2748 1265 2809 ad
1285 2748 1492 2824 largiendum
1513 2749 1562 2809 eis
1577 2749 1649 2825 pias
1675 2751 1766 2812 elee-

124 2843 317 2920 praeJudicio
331 2843 561 2917 retinere3hoc
576 2843 675 2903 etiam
685 2842 915 2912 addit0‚utre-
971 2857 1124 2919 mosynas
1137 2845 1294 2920 populum
1310 2843 1492 2906 exhortari.
1510 2847 1672 2916 Quocirca
1688 2847 1764 2906 uni-

124 2942 275 3015 ceptores
302 2938 523 3000 fraternitatis
550 2940 698 3016 ejusdem
727 2955 787 3000 seu
817 2941 915 3000 etiam
969 2940 1120 3004 versitati
1145 2943 1264 3002 vestrae
1286 2955 1346 3018 per
1370 2942 1558 3018 apostolica
1581 2943 1715 3020 scripta,
1730 2944 1765 3004 in

124 3035 914 3112 collectarum,salvojuredominorumsuorum,
970 3035 1092 3097 virtute
1126 3036 1332 3111 ohedientiae,
1356 3038 1506 3100 districte
1541 3040 1764 3117 praecipiendo

125 3132 185 3191 sub
198 3132 286 3193 beati
302 3133 392 3193 Petri
402 3133 435 3194 et
447 3134 561 3194 nostra
572 3133 776 3208 protectione
787 3133 917 3193 consis—
971 3133 1176 3206 mandamus,
1203 3137 1365 3211 quatenus
1379 3151 1448 3197 vos.
1463 3137 1527 3213 ipsi
1554 3135 1595 3196 ab
1623 3137 1765 3213 impedi-

124 3229 916 3307 tant.AdJ'icimusinsuper,ut,siquieorumdem
970 3229 1089 3291 mentis
1103 3230 1291 3304 hujusmodi
1308 3232 1439 3308 penitus
1451 3233 1619 3295 desistatis
1635 3236 1668 3295 et
1682 3250 1761 3294 ves·
1818 3249 1858 3306 Α

124 3325 274 3398 fratrum,
298 3327 353 3403 qui
367 3327 407 3386 ad
430 3327 561 3388 easdem
581 3326 806 3388 fraternitates
824 3327 915 3386 missi
970 3327 1038 3388 tros
1052 3326 1199 3388 subditos
1210 3328 1323 3389 taliter
1336 3344 1580 3405 percensuram
1593 3331 1765 3391 ecclesias-

124 3421 247 3484 fuerint
257 3424 483 3494 velcollectaS,
499 3424 532 3483 in
544 3422 724 3500 quamlibet
735 3425 913 3494 civitatem,
970 3423 1454 3501 ticam,appellationeremcta,
1468 3427 1592 3502 cogatis
1604 3428 1764 3489 desistere

124 3519 295 3580 castellum
310 3519 362 3578 vel
377 3519 485 3579 vicum
502 3520 709 3590 advenerint,
727 3519 755 3580 si
772 3519 856 3588 forte
871 3521 916 3580 lo·
971 3520 1010 3582 ab
1024 3521 1159 3593 eisdem,
1177 3524 1261 3599 quod
1282 3522 1361 3584 dicti
1382 3523 1501 3584 fratres
1515 3539 1615 3602 super
1629 3525 1681 3584 his
1697 3541 1763 3590 non

124 3632 183 3676 cus
199 3617 303 3692 ipsea
320 3615 441 3677 divinis
456 3615 556 3681 fuerit
574 3615 692 3678 officiis
707 3617 913 3688 interdictus,
970 3619 1143 3694 possintde
1154 3621 1272 3680 caetero
1279 3619 1456 3697 querelari.
1468 3623 1586 3682 Datum
1595 3622 1761 3696 Laterani,

124 3713 282 3774 incorum
295 3713 441 3789 jucundo
455 3712 597 3774 adventu
611 3713 711 3774 semel
724 3715 917 3790 aperiantur
970 3717 1059 3775 XVII
1073 3715 1141 3777 kal.
1154 3716 1323 3790 februarii,
1336 3717 1547 3795 pontificatus
1556 3720 1662 3782 nostri
1675 3737 1762 3782 anno

122 3811 273 3870 ecclesiae
288 3811 470 3882 annuatim,
481 3812 514 3870 et
526 3811 820 3872 excommunicatis
833 3814 917 3887 ejec·
969 3811 1094 3889 quinto.
1458 3883 1459 3886 Ἴ

121 3907 165 3968 tis
181 3895 293 3968 divina
312 3907 435 3967 ibidem
457 3906 566 3968 officia
582 3907 799 3979 celebrentur,
824 3909 915 3968 salva
1310 3939 1425 4025 CXCI
1459 3931 1463 3938 ·
1552 3963 1556 3968 .

123 4003 158 4063 in
167 4004 318 4064 omnihus
329 4004 528 4079 supradictis
541 4004 765 4067 declaratione
776 4005 914 4066 concilii

122 4100 299 4176 generalis.

163 4197 210 4257 Ad
245 4201 403 4274 majorem
440 4214 570 4274 quoque
600 4201 719 4260 vestrae
751 4199 914 4260 mercedis
1264 4183 1366 4256 ¹6t'lffl·
1385 4184 1463 4240 ¹²²¹·

122 4294 301 4365 cumulum,
311 4294 628 4356 nihilominusvobis
639 4296 825 4356 mandando
834 4312 915 4372 prae·
1149 4285 1285 4350 [Slfflffl'fflv
1301 4288 1586 4354 ¹·⁶··l³·²⁸⁷2¹¹·3¹⁶·]
1857 4375 1861 4383 Ι

120 4392 277 4467 cipimus,
308 4392 470 4468 quatenus
502 4391 588 4452 hanc
616 4395 763 4454 nostram
790 4394 915 4454 consti·
967 4395 1051 4452 Vetat
1072 4393 1203 4466 praelatos
1223 4401 1332 4466 partem
1348 4395 1460 4452 tertiam
1481 4394 1574 4453 ordini
1588 4395 1763 4457 theutonico

118 4489 281 4550 tutionem
313 4503 372 4564 per
403 4489 580 4564 parochias
610 4491 737 4550 vestras
765 4490 913 4552 nuntiari
1222 4471 1380 4555 legatorum
1397 4491 1504 4556 petere.

119 4585 262 4662 propriis
282 4585 401 4646 litteris
420 4584 563 4648 faciatis.
584 4587 781 4647 Mandemus
800 4588 911 4658 etiam,
1007 4589 1497 4668 Honoriusepiscopus,servus
1509 4609 1680 4655 servorum
1689 4597 1760 4668 Dei,

120 4683 166 4754 ut,
183 4683 211 4744 si
223 4683 278 4759 qui
294 4683 334 4744 de
347 4683 477 4744 clericis
496 4683 714 4744 ecclesiarum
726 4687 912 4746 vestrarum
967 4685 1211 4748 venerabilibus
1245 4686 1403 4750 fratribus
1436 4689 1697 4769 archiepiscopis
1730 4695 1763 4756 et

120 4779 248 4855 praefati
260 4779 440 4856 Hospitalis
450 4780 729 4842 theutonicorum
741 4780 911 4854 fratribus,
967 4781 1143 4860 episcopis,
1160 4785 1192 4845 et
1206 4784 1336 4846 dilectis
1351 4785 1429 4846 tiliis
1445 4785 1630 4860 abbatibus,
1647 4790 1763 4866 priori-

1046 4071 1098 4130 Λα
1111 4072 1393 4144 archiepiscopos,
1411 4075 1600 4145 eptrcopos,
1617 4074 1679 4133 etc.

120 4891 194 4937 cum
206 4875 338 4937 licentia
352 4877 480 4952 praelatl
492 4877 554 4948 sui,
566 4877 681 4955 sponte
691 4893 730 4939 ac
740 4879 844 4953 gratis
855 4893 914 4955 per
966 4877 1038 4950 hus,
1049 4879 1305 4953 archidiaconis,
1315 4881 1449 4942 decanis
1462 4885 1495 4945 et
1511 4883 1588 4945 aliis
1602 4885 1763 4948 ecclesia·
1850 4909 1855 4922 ¹

120 4987 243 5033 annum
258 4973 312 5033 vel
324 4972 495 5033 biennium
508 4973 716 5037 decreverint
731 4975 910 5047 deservire,
965 4991 1038 5037 rum
1054 4971 1213 5052 praelatis,
1232 4979 1271 5039 ad
1286 4994 1368 5055 quos
1383 4979 1504 5041 litterae
1519 4981 1592 5042 istae
1606 4999 1762 5059 pervene-
1869 5035 1874 5044 .

120 5083 327 5146 nequaquam
343 5069 576 5145 impediantur,
589 5074 622 5134 et
633 5073 767 5134 interim
784 5088 844 5133 sua
859 5072 914 5133 be·
966 5073 1043 5144 rint,
1061 5073 1200 5135 salutem
1212 5074 1244 5136 et
1254 5076 1469 5151 apostolicam
1484 5076 1758 5143 benedictionem.

120 5166 238 5227 netieia
257 5167 290 5228 et
308 5165 793 5230 ecclesiasticosredditusnon
809 5170 911 5230 amit·
1005 5170 1123 5232 Dilecti
1164 5171 1225 5231 tilii
1263 5172 1369 5233 nostri
1413 5172 1535 5236 fratres
1576 5178 1760 5254 Hospitalis

117 5265 199 5325 tant.
967 5267 1095 5328 Sanctae
1105 5268 1220 5328 Mariae
1231 5268 1511 5332 theutonicorum
1526 5273 1761 5350 Hierosolymi-
1885 5319 1893 5341 ,

160 5360 278 5421 Datum
300 5360 467 5432 Laterani,
484 5361 574 5423 XVII
591 5361 724 5422 kalend.
739 5361 909 5434 februarii,
965 5363 1046 5435 tani,
1063 5379 1198 5439 gravem
1211 5365 1326 5427 contra
1341 5383 1400 5427 vos
1414 5367 1449 5428 in
1465 5369 1631 5430 auditorio
1646 5373 1759 5434 nostro
1802 5361 1806 5373 '

121 5455 328 5533 pontificatus
345 5455 449 5518 nostri
463 5473 551 5518 anno
566 5457 692 5534 quinto.
966 5459 1148 5536 deposuere
1164 5463 1344 5540 querelam,
1358 5465 1444 5540 quod
1459 5481 1518 5526 vos
1533 5467 1665 5528 tertiam
1680 5484 1760 5544 par-

965 5558 1032 5618 tem
1042 5573 1168 5631 eorum,
1180 5576 1252 5637 quae
1263 5560 1331 5638 illis
1340 5561 1375 5622 in
1386 5563 1581 5624 testamento
1593 5563 1757 5640 legantur,

965 5655 1169 5734 extorquetis
1192 5671 1253 5732 pro
1277 5661 1396 5719 vestrae
1416 5658 1596 5722 voluntatis
1620 5661 1758 5728 arbitrio
1840 5713 1842 5719 ,
