4230 6388
328 154 391 215 835

327 311 485 374 habiliter
497 310 611 373 tulerit
625 309 659 371 in
672 309 814 371 rebelles
825 309 1049 386 praecipimus,
1065 323 1124 370 us-

328 425 393 487 que
413 409 454 469 ad
472 408 732 470 satisfactionem
756 406 967 482 condignam,
984 407 1123 469 firmiter

328 506 511 568 observari.
526 505 644 566 Datum
658 505 825 576 Laterani,
840 505 886 564 lll
902 518 1009 564 nonas
1022 503 1120 581 junii,

329 618 419 664 anno
435 603 561 679 quinto.

367 703 411 760 Ia
425 691 582 760 eumdem
602 699 742 758 modum
756 698 926 770 scriptum
941 697 993 758 ast
1008 698 1118 757 Sano-

326 797 423 858 neasi
437 795 687 870 archiepiscopo
709 795 742 856 et
757 793 978 868 suffraganeis
993 795 1067 869 ejus
1091 795 1125 854 et

327 894 453 954 aliis...
478 895 601 952 Toron.
627 891 877 966 archiepiscopo
898 891 931 950 et
951 889 1123 965 suffraga-

327 990 400 1051 neis
428 988 559 1066 ejnset
587 987 700 1048 aliie...
733 987 974 1063 Burdogalensi
1009 985 1124 1048 arohi-

326 1074 495 1164 episoopo,
510 1086 543 1147 et
557 1084 781 1159 suffraganeis
796 1088 869 1162 ejus
889 1085 922 1146 et
934 1083 1050 1146 aliis...

618 1297 833 1386 ccccxlv

358 1444 621 1506 maceranum
639 1443 866 1504 Portuenaem
885 1443 1092 1516 aphrorum,

475 1538 785 1610 apostolicaesedis
800 1537 962 1614 legatum.

620 1659 637 1717 3
653 1658 726 1732 iunii
747 1659 824 1717 liii.

317 1819 329 1840 ,
357 1776 479 1838 sauma,
491 1774 537 1826 ιιι.
550 1774 583 1835 ι,
594 1775 666 1839 epist.
676 1773 800 1825 asana.
811 1773 848 1824 ιι
862 1771 981 1826 urea
993 1773 1088 1836 meru]

327 1889 563 1964 burdigalensem
575 1890 751 1964 provinciam
764 1889 901 1963 legationi
911 1889 1120 1963 suaeadjungit.

366 2026 549 2098 Honorius,
577 2026 651 2096 etc,
672 2023 857 2085 venarabili
875 2023 972 2086 fratri
990 2025 1023 2084 G.
1040 2027 1125 2086 Por-

326 2123 418 2187 tuen.
453 2121 609 2200 episeopo
636 2121 836 2198 apostolicae
863 2121 958 2184 Sedis
1000 2119 1121 2196 legato,

328 2220 483 2288 salutem,
497 2219 560 2280 etc.

363 2316 500 2378 Divinas
512 2316 724 2378 recensentes
735 2314 1121 2391 historias....,utsupra,

325 2429 434 2490 nsque
448 2413 595 2490 graviter
610 2413 786 2475 corruisse.
802 2415 892 2473 Tuus
916 2414 1028 2474 tamen
1043 2413 1122 2473 aui-

329 2528 404 2573 mus
417 2511 451 2572 in
467 2509 656 2588 hujusmodi
675 2510 773 2570 ruina
788 2525 855 2571 non
867 2510 1035 2584 concidat3
1052 2509 1120 2582 sed,

326 2609 413 2687 quod
429 2609 479 2671 est
491 2608 623 2685 signnm
636 2607 781 2679 vintello,
799 2622 944 2682 exurgas
957 2607 1075 2669 fortior
1087 2606 1122 2668 in

327 2705 592 2777 adversis‚tuum
602 2703 927 2782 jactansinhorriino
942 2705 1123 2780 cogitatum

326 2803 383 2881 qui
398 2803 499 2864 elisos
514 2803 624 2879 erigit,
641 2801 673 2864 et
695 2817 772 2862 suos
786 2801 822 2861 in
837 2801 1052 2863 tribulatione
1067 2802 1122 2862 di-

327 2901 421 2963 latat.
446 2901 516 2962 Nos
541 2900 652 2960 autem
684 2898 725 2958 ad
754 2898 992 2960 relevationem
1017 2898 1122 2974 ipsius

325 2997 452 3074 negotii
481 2997 622 3058 sollicita
653 2994 872 3066 intendentes
895 2995 1125 3072 Burdegalen-

327 3109 398 3156 sem
411 3093 616 3172 provinciam
628 3093 695 3154 tuae
703 3091 931 3169 iurisdictioni
947 3093 1124 3170 adiicimus

328 3193 527 3253 auctoritate
566 3190 792 3268 presentium,
821 3189 1030 3250 concedendo
1064 3188 1124 3250 tibi

327 3289 435 3366 planae
450 3287 628 3364 legationis
640 3286 787 3348 officium
801 3287 839 3347 ιιι
853 3286 978 3348 eadem.
990 3287 1039 3349 Ad
1052 3286 1124 3348 haec

327 3386 439 3458 etiam,
463 3384 621 3446 fratribus
649 3384 774 3446 nostris
809 3383 1122 3460 archiepiscopis...

326 3483 483 3545 Remensi
506 3482 541 3542 in
566 3496 638 3554 sua,
656 3482 689 3542 et
715 3481 987 3557 Rothomagensi,
1014 3483 1123 3542 Seno-

270 3625 275 3636 .
324 3579 421 3640 nansi
448 3578 576 3639 veroin
605 3593 678 3645 sna,
703 3578 735 3638 et
750 3577 948 3639 Bituricensi
964 3579 997 3641 et
1011 3580 1123 3640 Turo-

327 3677 424 3738 nensi
439 3675 621 3752 provinciis
631 3673 808 3751 legationis
822 3673 967 3736 officium
979 3675 1127 3737 commit·

328 3773 447 3835 tentes.
463 3771 511 3832 Ad
530 3773 620 3831 tuum
643 3773 676 3832 et
694 3769 821 3845 negotii
840 3769 992 3846 jamdicti
1016 3768 1127 3830 subsi-

330 3869 432 3942 dium,
454 3868 687 3930 charissimum
711 3868 747 3928 in
767 3867 898 3929 Christo
918 3866 1023 3927 fllium
1047 3882 1126 3929 nos·

327 3970 415 4031 trum
439 3968 512 4040 Ph,
530 3981 642 4042 regem
668 3967 872 4026 Francorum
894 3964 1074 4038 illustrem,
1094 3964 1127 4026 et

329 4081 470 4142 regnum
494 4066 567 4141 ejns
594 4063 776 4138 satagimus
792 4062 950 4123 excitare.
979 4063 1028 4122 Ta
1046 4077 1125 4138 ergo

329 4162 517 4223 confortare
538 4161 574 4220 in
595 4159 746 4230 Domino,
765 4160 799 4220 et
814 4159 957 4220 aliorum
973 4160 1074 4220 corda
1089 4158 1125 4219 in

330 4273 455 4330 amore,
474 4273 513 4318 ac
533 4256 672 4318 tuitione
694 4255 864 4332 saepedicti
881 4256 1006 4332 negotii
1024 4255 1125 4318 uerbo

331 4357 365 4418 et
390 4353 541 4431 exemplo
559 4351 730 4424 confirma,
746 4353 838 4414 tanto
862 4355 1022 4428 majorem
1041 4369 1126 4414 con-

330 4448 1126 4521 secaturusabhominibuslaudem‚etaaomino

333 4549 507 4627 praemium
522 4547 644 4624 quanto
664 4546 833 4622 negotium
853 4547 962 4624 ipsum
982 4563 1055 4609 esse
1075 4549 1128 4610 vi-

332 4648 429 4710 detur
441 4661 520 4708 casn
535 4645 690 4721 graviore
714 4643 908 4720 collapsum.
932 4647 1051 4706 Datum
1067 4647 1128 4708 La-

333 4743 454 4815 terant,
469 4743 514 4802 III
529 4757 634 4802 nonas
642 4739 742 4818 junii,
759 4755 847 4802 anno
867 4741 993 4818 quinto.

635 4960 829 5048 GGGGXV

615 5105 667 5165 Aci
679 5105 847 5164 cumdem.

375 5233 494 5296 thegen„
506 5227 552 5280 lib.
563 5227 595 5286 V,
608 5224 681 5290 epist.
692 5224 748 5274 682.
761 5226 818 5276 llas.
829 5226 865 5277 La
876 5224 995 5277 Porinda
1004 5226 1097 5293 Thali]

541 5331 702 5392 Facutates
721 5330 783 5404 eins
796 5331 923 5408 ampliat.

373 5455 448 5516 Non
473 5452 545 5514 sine
560 5449 781 5513 amaritudine
800 5448 919 5512 mentis
942 5449 1128 5514 audiuimus

945 149 1122 212 HONORII
1142 149 1189 210 111
1210 149 1364 210 OPERA:

1944 147 1995 211 8³6

1177 309 1210 370 et
1223 309 1411 382 referimus,
1428 301 1672 386 quodquidam
1689 307 1866 385 episcopi,
1878 306 1994 386 aliique

1178 406 1307 482 praelati
1323 407 1355 468 at
1367 404 1585 467 ecclesiastici
1604 405 1692 477 viri,
1709 405 1908 467 aduersarii
1923 405 1992 467 fidei

1182 503 1326 578 negotio,
1342 517 1409 564 non
1422 504 1591 576 verentur,
1607 504 1798 564 haereticis
1819 518 1992 580 eorumque

1177 600 1593 678 fautoribusimpendondo
1607 601 1788 671 favorem,
1807 601 1989 672 eonsilium,

1178 698 1210 760 et
1229 699 1393 758 auxilium
1415 714 1504 759 nunc
1526 698 1664 775 publice
1684 696 1813 776 [dara],
1832 714 1922 758 nunc
1942 715 1993 759 oc-

1178 796 1276 868 culte,
1294 811 1377 873 quos
1396 795 1425 854 si
1440 796 1534 857 Sedis
1552 796 1770 872 apostolicae
1791 797 1986 866 reverentia,

1178 907 1251 969 quae
1271 894 1400 955 tantum
1420 909 1480 970 pro
1502 893 1575 970 ipso
1593 894 1741 968 negotio
1757 893 1937 964 laboravit,
1954 893 1988 953 ab

1178 988 1312 1050 illorum
1328 989 1443 1052 favore
1463 1005 1529 1052 non
1547 991 1702 1062 revocat,
1725 989 1867 1052 divinus
1881 990 1986 1051 saltem

1178 1086 1277 1147 timor
1290 1086 1324 1148 et
1341 1103 1436 1149 amor
1449 1087 1594 1166 propriae
1613 1088 1722 1149 famae
1738 1103 1781 1148 ac
1796 1088 1917 1150 salutis
1932 1087 1985 1148 de·

1177 1183 1295 1246 buarat
1308 1200 1477 1246 revocare.
1500 1188 1581 1246 Cum
1601 1185 1716 1262 igitar
1731 1185 1840 1247 tantae
1855 1201 1982 1262 perver-

1178 1280 1286 1343 sitatis
1300 1281 1438 1352 malitia‚
1456 1283 1489 1344 et
1501 1283 1570 1344 tam
1587 1282 1772 1343 malitiosa
1786 1281 1980 1358 perversitas

1178 1393 1351 1439 remanere
1366 1393 1433 1438 noa
1447 1378 1565 1440 debeat
1576 1379 1766 1456 impunita,
1787 1378 1980 1455 inquirendi,

1178 1476 1212 1536 et
1224 1474 1426 1550 corrigendi,
1443 1489 1484 1536 aa
1504 1475 1670 1552 puniendi
1692 1491 1862 1536 excessus
1876 1474 1979 1535 talium

1177 1571 1245 1632 tam
1260 1571 1464 1648 regularium
1477 1573 1510 1634 et
1527 1575 1782 1649 exemptarum,
1795 1587 1896 1649 quam
1911 1571 1978 1631 alia·

1178 1685 1252 1730 rum
1266 1668 1499 1746 quorumlibet,
1515 1670 1612 1746 prout
1626 1669 1701 1746 ipsi
1712 1669 1855 1745 negotio
1867 1668 1977 1729 videris

1178 1766 1347 1843 expedire,
1357 1766 1533 1842 privilegio
1542 1766 1845 1839 Cisterciensibus,
1856 1765 1976 1841 templa·

1178 1864 1249 1934 riis,
1260 1863 1475 1940 hospitalaris
1489 1864 1609 1926 etaliis
1625 1863 1900 1941 quibuscumque
1913 1877 1977 1923 con·

1178 1975 1282 2032 cesso,
1309 1974 1369 2021 seu
1388 1961 1624 2037 appellationis
1645 1961 1800 2037 diffugio
1822 1975 1888 2022 noa
1910 1959 1973 2020 obs-

1178 2058 1279 2129 tante,
1309 2057 1415 2121 libera
1443 2057 1504 2120 tibi
1535 2058 1759 2120 concedimus
1790 2055 1972 2118 anctoritate

1177 2155 1391 2231 presentium
1417 2153 1619 2228 facultatem,
1650 2171 1694 2218 eo
1726 2154 1891 2216 duntaxat
1915 2169 1968 2213 ex-

1177 2254 1284 2329 cepto,
1315 2255 1351 2314 nt
1384 2253 1426 2314 ad
1457 2252 1716 2328 dispositionem
1753 2253 1969 2329 episcoporum

1177 2363 1323 2422 manum,
1349 2349 1423 2410 sine
1443 2353 1559 2411 nostra
1583 2351 1729 2427 speciali
1753 2348 1899 2417 licentia,
1915 2361 1968 2406 noa
2034 2345 2035 2364 ¹

1177 2447 1519 2536 extendasaliaseos
1528 2449 1626 2523 prout
1637 2463 1698 2510 res
1709 2445 1874 2524 exegerit,
1883 2443 1976 2504 libera·

1178 2545 1365 2622 puniturus.
1380 2546 1499 2606 Datum
1515 2543 1685 2623 utsupra.

1457 2983 1510 3042 Ad
1530 2983 1703 3043 eremitam.

1483 3110 1585 3183 diunii
1601 3111 1682 3169 llll.

1211 3233 1333 3299 [Regest.,
1344 3232 1389 3284 lib.
1402 3231 1433 3292 V,
1446 3233 1520 3298 epist.
1530 3233 1588 3284 684.
1597 3235 1656 3284 llss.
1668 3235 1708 3286 La
1717 3234 1796 3284 Parta
1808 3231 1843 3281 da
1852 3225 1934 3290 ibuit]

1193 3349 1306 3410 inhibet
1320 3365 1356 3408 ne
1370 3351 1493 3424 capitula
1511 3351 1640 3409 ecclesiis
1656 3349 1820 3426 pastoribus
1831 3343 1946 3410 viduatis,

1289 3440 1377 3514 legati
1395 3440 1517 3513 iniussu,
1531 3440 1686 3514 episcopos
1701 3439 1863 3514 preficiunt.

1220 3567 1400 3638 Honorius,
1426 3567 1502 3639 eto,
1526 3565 1715 3628 venarabili
1743 3563 1837 3626 fratri
1860 3557 1954 3620 nostro

1180 3666 1215 3725 C.
1228 3664 1404 3725 Portuensi
1417 3666 1585 3740 episcopo,
1600 3663 1802 3740 Apostolicae
1819 3655 1902 3720 Sedis
1915 3652 1954 3711 le-

1180 3759 1269 3834 gato,
1287 3757 1439 3830 salutem,
1456 3759 1520 3820 etc.

1221 3857 1301 3916 Cum
1331 3869 1391 3932 per
1417 3855 1634 3931 quorumdam
1670 3853 1830 3916 defectum
1856 3846 1885 3908 et
1905 3853 1953 3918 per

1181 3953 1397 4029 quorumdam
1433 3951 1596 4013 malitiam
1623 3951 1836 4027 praelatorum
1866 3940 1950 4001 status

1180 4049 1306 4126 negotii
1320 4051 1400 4110 Jesu
1424 4047 1547 4109 Christi
1569 4048 1605 4108 in
1619 4045 1805 4111 Provinciae
1825 4033 1949 4118 partibus

1182 4147 1226 4208 sit
1253 4146 1401 4222 graviter
1425 4144 1648 4222 perturbatus,
1676 4135 1870 4206 fraternitati
1897 4133 1949 4191 tua

1181 4243 1440 4321 parapostolioa
1456 4243 1578 4319 scripta
1592 4231 1947 4312 assumpseramus

1181 4341 1309 4417 siquas
1333 4339 1493 4401 ecclesias
1513 4339 1734 4411 cathedrales,
1749 4337 1806 4399 ani
1823 4321 1947 4392 abbatias

1181 4437 1248 4498 tam
1271 4437 1441 4514 exemptas
1462 4451 1561 4512 quam
1583 4436 1700 4498 alias
1691 4434 1726 4497 ιιι
1748 4412 1945 4512 provinciisei

1182 4533 1380 4596 dioecesibus
1394 4533 1460 4594 tuae
1476 4533 1635 4608 legationi
1654 4527 1834 4594 commissis
1847 4523 1944 4582 vacari

1183 4631 1370 4708 eontigerit,
1396 4630 1589 4707 quamdiu
1580 4647 1614 4691 ιιι
1641 4629 1788 4708 partibus
1811 4620 1869 4682 illis
1886 4605 1943 4672 offl-

1184 4730 1271 4790 eium
1286 4728 1463 4805 legationis
1483 4743 1633 4800 exerces,
1650 4719 1840 4789 auctoritate
1853 4707 1943 4774 nostra
2037 4805 2038 4812 ἵ

1177 4827 1336 4888 inhibeas
1352 4825 1548 4904 capituliset
1558 4823 1772 4887 conventibus
1783 4804 1942 4879 eorumdem

1184 4939 1225 4985 ne
1241 4925 1283 4985 ad
1298 4923 1493 4985 electionem
1508 4921 1690 5000 procedant
1704 4921 1775 4982 sina
1790 4915 1843 4976 tuo
1854 4893 1943 4967 consi·

1184 5021 1241 5093 lio,
1255 5022 1288 5083 et
1299 5036 1475 5092 consensu
1491 5019 1698 5080 decernendo
1708 5013 1830 5080 ll't'ltuffl
1844 5019 1869 5064 sl
1862 4985 1941 5073 qud

1184 5116 1299 5179 contra
1316 5117 1507 5194 hujusmodi
1527 5115 1780 5193 prohibitionem
1800 5095 1887 5166 fuerit
1902 5085 1942 5149 ai·

1183 5214 1355 5275 tentatum.
1376 5215 1494 5276 Datum
1517 5211 1684 5284 Laterani,
1701 5210 1746 5272 Ill
1763 5193 1939 5268 nonaslunu

1184 5325 1272 5374 anno
1287 5309 1413 5388 quinto.
