4300 6392
334 309 390 370 391
943 309 1120 371 HONORII
1142 308 1187 370 111
1208 309 1357 374 OPERA.
1916 311 1976 372 392

301 464 305 472 “
335 469 516 546 praemissis
537 469 677 534 amilite
701 469 870 532 nominato
885 479 999 536 coram
1011 469 1126 532 codem
1182 469 1312 542 fixisse,
1345 487 1421 532 cum
1457 471 1498 532 ad
1532 469 1794 550 prosequendum
1825 470 1975 532 eamdem

334 567 497 628 cardinali
510 567 816 641 333133133133111,
832 568 995 645 3331333
1009 567 1127 628 313131
1181 565 1400 628 sufficientem
1430 569 1677 644 procuratorem
1706 583 1772 628 nou
1803 567 1974 640 miserint,

237 719 242 730 .
333 663 575 742 impetrandum
585 665 919 731 31333113113331313
932 665 1128 741 3133313131
1181 665 1364 726 33331313
1379 665 1484 726 311113
1497 665 1604 740 ipsam
1626 665 1845 740 personaliter
1859 679 1978 740 prose·

333 759 442 822 luerat
462 762 644 835 institutus,
656 762 742 824 sicut
763 778 805 824 ea
824 762 944 825 litteris
963 761 1126 822 dictorum
1181 762 1314 838 quante,
1342 761 1432 838 ipsos
1453 762 1493 823 ad
1518 761 1742 827 restituendas
1766 775 1930 838 expensas
1955 775 1976 822 a

333 858 464 920 abbatis
492 862 527 921 et
550 861 731 922 conventas
762 860 910 922 constitit
943 857 1125 929 evidenter,
1180 860 1329 936 tempore
1350 859 1584 936 appellationis
1612 859 1718 921 iactas
1743 859 1852 920 eidem
1876 858 1975 920 militi

333 957 533 1032 supplicavit
551 958 723 1019 humiliter
736 957 823 1020 idem
845 957 952 1028 miles,
965 955 1126 1019 utcontra
1180 956 1450 1026 condemnantes,
1468 957 1660 1034 eodemque,
1672 955 1892 1032 sicutjustum
1908 955 1977 1016 lue·

331 1053 423 1130 ipsos
436 1056 593 1130 tanquam
608 1057 820 1118 contumaces
835 1055 1014 1131 procedere
1027 1052 1127 1114 debe-
1180 1053 1236 1125 rit,
1253 1053 1406 1129 primitus
1427 1055 1592 1126 restituto,
1614 1053 1759 1116 audietis
1778 1069 1926 1126 causam,
1942 1051 1976 1114 31

333 1167 456 1222 remus,
480 1167 519 1214 ac
541 1151 624 1214 dure
646 1151 812 1230 aliquibus
826 1153 862 1212 in
877 1151 1055 1222 33313113,
1070 1149 1126 1225 qni
1181 1151 1403 1226 appellatione
1418 1156 1558 1223 remota,
1576 1151 1641 1212 flne
1655 1151 1763 1212 debito
1776 1149 1973 1221 terminetis,

333 1248 466 1310 eoadem
481 1263 541 1325 pro
562 1264 602 1310 3ο
616 1247 714 1326 quod,
730 1249 771 1310 ad
785 1248 1047 1326 prosequendam
1062 1262 1126 1322 ap·
1181 1247 1352 1321 iacientes,
1377 1250 1463 1325 quod
1485 1249 1712 1320 decreveritis,
1735 1246 1977 1310 inviolabiliter

333 1345 547 1422 pellationem
565 1347 733 1417 emissam,
753 1345 1000 1422 procuratorem
1017 1344 1126 1404 minus
1181 1345 1364 1406 obseruari.
1381 1347 1495 1407 ’133133
1506 1347 1632 1417 autem,
1651 1347 1712 1407 etc.
1730 1346 1840 1406 Nullis
1853 1343 1976 1405 litteris

333 1442 1128 1520 idoneumdestinaruntipsoeamdempersona·
1181 1441 1390 1504 obstantibus
1400 1445 1702 1518 praeterasseusum
1711 1441 1975 1520 partiumaSede

332 1540 412 1602 liter
423 1541 657 1617 prosequente,
667 1540 703 1600 in
716 1538 938 1602 resarciendis
952 1537 1017 1598 sibi
1028 1537 1125 1600 dam·
1182 1539 1371 1616 ltpostolica
1401 1540 1600 1616 impetratis.
1635 1539 1726 1612 Quod
1759 1541 1788 1600 si
1815 1553 1882 1600 non
1901 1553 1977 1600 om·-

333 1636 386 1697 nis
404 1637 604 1714 etexpensis
624 1637 782 1712 legitimis
797 1635 1069 1705 condemnantes,
1087 1649 1126 1694 eo
1181 1653 1253 1708 333,
1271 1639 1332 1698 313.
1354 1639 1473 1698 Datum
1484 1639 1635 1711 Viterbii,
1654 1639 1728 1698 Vlll
1748 1637 1823 1700 Kal
1846 1635 1972 1703 martit

333 1733 436 1810 prius,
451 1734 537 1795 sicut
547 1734 674 1811 justum
686 1731 796 1805 133111,
808 1733 973 1803 restituto,
991 1746 1127 1792 causam
1182 1735 1393 1813 pontificatus
1408 1737 1513 1798 nostri
1529 1751 1616 1797 auno
1631 1739 1760 1812 quarto.

1481 1915 1675 2000 LXXXVI

332 1830 470 1892 audiant
493 1844 593 1907 snper
621 1830 686 1896 bis,
710 1846 784 1907 quae
800 1830 915 1890 contra
931 1827 1126 1906 saepedictos

328 1927 483 1988 abbatem
506 1928 539 1989 et
560 1929 759 1989 conventum
781 1925 938 2004 praefatus
959 1925 1054 1986 miles
1070 1940 1127 1987 ra-

325 2023 923 2100 tionahiliterduxeritproponenda.
1103 2116 1109 2129 ι
1239 2059 1291 2116 Ad
1316 2057 1571 2132 mwesionatos
1591 2055 1753 2116 Omma
1773 2057 1910 2130 potitos·

363 2121 418 2186 ,ad
440 2121 512 2180 haec
534 2123 735 2180 memoratus
749 2119 931 2180 monachus
951 2117 1126 2195 proposuit

318 2219 539 2291 ²arraduerso,
557 2216 643 2294 quod
661 2233 735 2277 cum
752 2231 840 2294 saepe
862 2215 1052 2276 nominatus
1067 2214 1126 2274 mi·
1471 2179 1506 2236 ²¹*
1526 2177 1580 2235 seb·
1603 2179 1682 2236 ¹²²⁰·

326 2319 378 2380 les
393 2333 506 2379 coram
521 2313 689 2393 praedictis
701 2313 870 2390 judicibus
884 2311 1017 2373 eosdem
1029 2311 1125 2374 abba·
1223 2292 1371 2358 [Rayndet
1391 2293 1483 2344 lund.
1501 2292 1570 2352 socr..
1583 2292 1617 2342 aa
1637 2305 1700 2342 ann.
1715 2292 1784 2350 itia,
1801 2289 1933 2355 11313]

327 2417 396 2481 tem
423 2416 456 2478 et
480 2413 679 2478 conventum
704 2426 804 2487 super
828 2409 969 2487 quadam
998 2423 1126 2486 posses.
1197 2401 1238 2458 De
1253 2399 1385 2472 captione
1403 2395 1954 2470 1131313133131311113301333ῠεί113

325 2515 434 2585 sione,
456 2528 496 2573 ac
511 2511 609 2572 rebus
634 2509 711 2571 aliis
732 2507 893 2570 traxisset
917 2507 950 2566 in
976 2521 1122 2576 causam,
1417 2487 1563 2560 pollicetur
1579 2487 1730 2558 1101101118·

328 2613 428 2690 prout
442 2609 598 2687 superius
616 2608 668 2671 331
687 2621 893 2684 expressum,
911 2603 1011 2664 iidem
1029 2603 1125 2664 3331·
1219 2603 1757 2667 0333113111133.-1113111333331
1771 2600 1974 2662 conditionis
2043 2619 2045 2625 ·

331 2709 452 2787 313313
472 2723 585 2768 33133
607 2705 731 2766 eisdem
747 2701 916 2779 judicibus
940 2715 1125 2777 proponere
1179 2702 1357 2764 1311131133
1367 2717 1433 2763 333
1444 2701 1588 2762 sufficiat
1599 2701 1717 2776 dignas
1728 2702 1841 2775 grates
1853 2698 1974 2760 exsule

333 2806 546 2875 curaverunt,
562 2803 619 2864 sed
633 2803 675 2866 ad
686 2799 953 2877 161101111θῦ11ῐῦ
964 2798 1052 2860 dicio
1068 2797 1126 2858 mi·
1180 2816 1258 2863 1313
1268 2799 1407 2862 Domino
1423 2801 1490 2860 Deo
1503 2801 1628 2868 nostru,
1643 2813 1743 2874 super
1754 2792 1975 2858 inenarrabili

332 2903 382 2963 liti
395 2903 430 2962 in
445 2915 558 2962 eorum
573 2899 748 2975 praesentia
764 2913 830 2958 non
842 2895 1037 2960 teneri‚tum
1047 2894 1126 2970 quia
1180 2898 1266 2960 dono
1277 2901 1349 2975 ejus
1365 2900 1398 2959 et
1412 2896 1625 2957 multitudine
1638 2893 1876 2956 misericordie
1889 2905 1972 2966 suae,

331 3000 420 3061 ultra
440 2998 524 3058 duas
543 2996 659 3058 1133133
673 2995 713 3056 31
726 2993 889 3070 judicium
906 2991 1126 3054 trahebantur
1180 2995 1327 3072 qnamin
1342 2995 1495 3070 captione
1515 2993 1674 3054 1133113133
1696 2991 1775 3052 13311
1788 2989 1974 3060 nobiscum,

330 3098 449 3159 contra
463 3094 615 3155 instituta
630 3092 768 3154 concilii
781 3090 1036 3167 generalis‚tum
1047 3088 1126 3164 quia
1181 3095 1213 3154 31
1227 3109 1302 3155 333
1320 3093 1395 3154 31113
1407 3090 1644 3153 ‚invocantibus
1660 3103 1780 3150 nomen
1796 3091 1880 3164 ejus,
1895 3101 1974 3162 grau

333 3195 464 3264 litterae,
474 3207 533 3268 per
548 3207 630 3268 quas
642 3189 935 3259 conveniebantur,
945 3186 987 3247 ab
997 3201 1127 3247 excom·
1180 3207 1237 3252 133
1259 3190 1390 3251 labores
1411 3192 1551 3259 vestros,
1574 3201 1612 3246 ac
1632 3185 1748 3260 longas
1761 3183 1971 3255 afflictiones,

333 3291 501 3352 municato
522 3288 655 3350 1331331
676 3287 872 3363 impetratae,
889 3285 945 3346 sed
966 3300 1039 3344 cum
1062 3298 1127 3344 see-
1181 3289 1213 3348 31
1227 3287 1383 3349 continua
1399 3283 1546 3361 pericula
1561 3281 1748 3352 miseratus,
1763 3281 1906 3357 receptis
1922 3281 1976 3341 ta-

334 3389 455 3466 pedicti
476 3387 607 3463 judices
631 3385 694 3446 bas
718 3384 885 3459 legitimas
913 3381 1126 3457 exceptiones
1181 3401 1256 3446 men
1278 3384 1335 3444 diu
1358 3380 1555 3444 13311313113
1574 3379 1672 3457 bujus
1693 3377 1818 3439 laetitiae
1833 3377 1972 3448 nuntiis,

333 3501 449 3548 eorum
471 3483 646 3545 admittere
665 3481 858 3551 noluissent,
882 3478 962 3540 dicti
977 3477 1079 3539 abbas
1094 3478 1128 3538 et
1181 3483 1249 3544 toto
1272 3481 1391 3542 mentis
1417 3480 1538 3570 annisu
1553 3476 1755 3554 dignationis
1775 3473 1975 3535 1111333113-

333 3583 534 3652 conventus,
567 3579 747 3641 sentientes
776 3579 812 3638 in
841 3577 894 3638 lais
916 3575 1063 3638 indebite
1091 3590 1128 3636 se
1158 3577 1611 3644 inedcioassurrenimusmt
1626 3573 1738 3634 intoto
1754 3572 1975 3634 cordenostro

333 3678 481 3756 gravari,
503 3678 650 3738 nostram
674 3675 879 3736 audientiam
903 3673 1124 3750 appellarunt,
1158 3676 1377 3738 ;conutentes
1404 3673 1529 3744 eidem,
1560 3673 1593 3733 et
1620 3669 1787 3731 mirabilia
1816 3671 1888 3745 ejus
1915 3683 1975 3746 pro

333 3776 501 3852 iidemque
529 3771 720 3849 hujusmodi
752 3771 943 3834 eorumdem
976 3769 1129 3846 appella-

334 3873 425 3936 tione
436 3871 622 3947 contompta
637 3869 871 3946 processerunt
884 3868 920 3929 ln
931 3867 1128 3929 1131333333

335 3983 509 4048 perperam
526 3969 642 4034 333113
657 3981 725 4028 eos.
744 3966 951 4042 Quapropter
963 3975 1130 4026 memora·

147 4077 150 4084 ·
205 4125 211 4134 .
336 4071 389 4132 133
417 4066 601 4130 33333333
630 4064 822 4142 3331313111,
851 4061 1128 4125 311313331313

336 4167 466 4230 irritum
491 4163 661 4241 quidqud,
679 4161 754 4238 3331
766 4159 1022 4237 appellationem
1043 4173 1131 4234 pree·

335 4265 483 4334 missam,
513 4261 710 4324 attentatum
738 4258 847 4319 iuerat
877 4257 992 4318 contra
1026 4253 1132 4316 abba-

336 4363 402 4424 tem
416 4359 660 4423 31333133133
674 4355 860 4432 praedictos,
884 4369 1020 4416 causam
1033 4367 1129 4414 eam-

336 4459 410 4520 dem
432 4455 662 4530 delegeremus
684 4450 850 4528 aliquibus
873 4449 1128 4522 terminandam,

337 4556 394 4633 qui
409 4553 534 4616 eisdem
549 4567 567 4612 a
585 4549 672 4610 dicto
692 4548 797 4610 milite
816 4547 936 4608 damna
960 4545 1128 4617 resarciri,

338 4655 371 4714 et
393 4664 569 4728 expensae,
588 4661 671 4724 quas
696 4645 732 4706 in
755 4659 857 4706 causa
881 4643 996 4704 eadem
1025 4641 1131 4704 coacti

338 4751 418 4811 sunt
429 4748 550 4818 lacere,
574 4745 707 4821 propter
723 4742 830 4818 ipsam
849 4741 981 4802 restitui
1000 4739 1131 4800 133133-

338 4849 399 4918 tes,
415 4837 1131 4915 313333333311333313131313313133331

340 4959 444 5022 usque
468 4941 508 5002 ad
529 4938 790 5002 satisfactionem
815 4935 1015 5010 condignam
1036 4933 1130 4996 lace-

339 5041 415 5104 rent
427 5037 667 5100 inviolabiliter
678 5034 861 5097 observari.
878 5033 961 5104 Quia
976 5043 1055 5093 vero
1068 5047 1134 5092 no-

340 5139 392 5202 bis
410 5151 511 5212 super
528 5133 710 5211 praemissis
730 5148 797 5193 non
820 5129 926 5208 potuit
945 5129 1133 5206 1131131333

342 5236 433 5306 tides,
457 5234 497 5294 de
517 5247 657 5294 assensu
679 5229 797 5292 militis
816 5229 850 5290 et
868 5226 1022 5290 monachi
1045 5241 1135 5303 313-

340 5334 502 5398 11313133
517 5329 710 5391 discretioni
727 5329 847 5390 1331133
866 5338 926 5403 331
941 5323 1134 5401 apostolica

341 5430 466 5507 scripta
482 5425 688 5495 mandamus,
704 5421 1135 5500 33313333311311133333-

338 5523 563 5590 1113111113133
576 5521 731 5585 abbatem
751 5522 784 5582 et
802 5519 999 5580 conventum
1019 5515 1135 5594 appel-

339 5622 458 5694 lationi
485 5636 553 5682 suae
583 5616 808 5694 supradictum
842 5616 1021 5677 terminum
1048 5630 1136 5690 pree·

1182 3772 1304 3834 nostrae
1320 3769 1549 3848 possibilitatis
1571 3767 1703 3829 modulo
1719 3765 1926 3836 enarrantes,
1941 3764 1976 3826 31

1183 3867 1474 3946 processionaliter
1486 3863 1612 3941 gratias
1634 3867 1667 3924 et
1685 3863 1802 3923 laudes
1823 3861 1973 3923 exsolvi-

1183 3982 1267 4039 mus,
1280 3966 1312 4027 et
1325 3963 1453 4026 exsolvi
1464 3961 1694 4023 3331311333
1706 3975 1766 4036 331
1779 3957 1975 4021 333331313

1190 4063 1379 4142 3131133133
1409 4060 1628 4129 christianas,
1663 4057 1874 4118 insinuantes
1903 4055 1975 4115 eis-

1184 4161 1258 4224 dem
1276 4161 1434 4238 quantum
1449 4171 1539 4220 nunc
1550 4156 1676 4232 egeatis
1687 4153 1898 4216 :zrultitudine
1921 4167 1979 4212 so-

1184 4259 1322 4321 ciorum.
1909 4267 1912 4272 ·

1224 4357 1305 4430 Cum
1319 4367 1379 4418 133
1392 4351 1542 4430 oporteat
1554 4351 1587 4413 et
1601 4349 1767 4412 ciuitatem
1786 4345 1978 4423 praedictam

1185 4450 1347 4520 incolere,
1372 4447 1404 4508 et
1437 4445 1647 4514 convicinae,
1676 4443 1749 4504 sine
1773 4439 1892 4516 quibus
1917 4437 1979 4500 illa

1185 4547 1322 4609 retineri
1347 4545 1405 4606 via
1432 4544 1553 4620 posset,
1575 4539 1763 4600 Christiano
1787 4534 1924 4604 nomini,
1949 4534 1981 4594 si

1186 4643 1327 4718 desuper
1354 4641 1467 4700 datum
1494 4637 1606 4704 133111,
1638 4634 1832 4710 subjugare,
1864 4629 1981 4692 fideles

1186 4739 1227 4800 31
1256 4751 1449 4800 succursum
1481 4733 1627 4795 vestrum
1655 4745 1714 4806 per
1737 4729 1866 4792 litteras
1896 4743 1979 4790 nos-

1186 4838 1255 4898 tras
1274 4835 1424 4896 animare
1447 4831 1643 4902 studuimus,
1669 4825 1886 4903 3133111133
1906 4825 1982 4886 ido-

1186 4929 1520 4996 33333331311333
1548 4925 1709 4996 animari,
1740 4923 1844 4986 133133
1873 4937 1979 4999 prop-

1186 5035 1242 5093 131
1254 5030 1318 5091 boo
1337 5044 1357 5090 3
1377 5025 1539 5104 principio
1564 5022 1787 5098 indulgentias
1811 5021 1979 5092 innovan-

1186 5129 1247 5196 tes,
1277 5142 1317 5188 ac
1340 5124 1545 5194 mandantes,
1572 5121 1608 5182 31
1637 5119 1699 5191 illi,
1730 5119 1786 5196 qui
1805 5121 1877 5194 jam
1904 5117 1982 5177 sunt

1187 5225 1297 5287 crucis
1336 5221 1507 5284 caractere
1542 5217 1711 5295 insigniti,
1747 5216 1910 5290 cogantur
1939 5212 1981 5274 ad

1188 5317 1400 5396 exsequenda
1422 5315 1576 5378 celeriter
1590 5315 1667 5376 1313
1689 5325 1786 5372 333...
1802 5309 1852 5370 Ne
1871 5309 1982 5370 autam

1188 5416 1365 5482 occasione
1381 5417 1480 5476 terrae
1503 5412 1597 5474 uobis
1613 5414 1678 5486 jam
1695 5407 1982 5476 131331)οωί33,

1188 5517 1240 5578 131
1257 5515 1541 5590 31331333131333,
1557 5509 1591 5570 13
1606 5506 1773 5584 33313133
1786 5503 1903 5564 dandae
1915 5503 1982 5564 ali-

1190 5631 1265 5691 qua,
1286 5611 1370 5689 quod
1388 5609 1484 5679 absit,
1508 5607 1594 5668 inter
1615 5617 1673 5664 133
1696 5602 1800 5678 333311
1819 5600 1982 5662 dissensio
