4280 6404
1882 227 1943 286 301

294 219 354 278 666
916 222 1091 282 666666
1115 222 1158 282 111
1181 185 1347 294 ornans

295 377 383 440 rium
398 395 472 442 ven.
492 380 604 443 fratris
619 384 724 444 nostri
741 385 780 444 H.
799 382 986 444 Hostiensis
1000 381 1091 458 epis-
1144 381 1295 455 patenter
1310 383 1343 442 et
1357 381 1508 455 potenter
1523 381 1558 442 in
1571 383 1710 444 Domino
1721 382 1762 444 ad
1777 381 1942 445 auxilium

296 477 390 552 copi,
432 479 488 555 qui
519 480 560 540 ad
582 480 887 542 reconciliationem
911 494 1026 540 eorum
1049 477 1090 538 de
1144 478 1210 540 tuae
1248 477 1466 553 promotionis
1501 480 1659 540 extendit.
1705 483 1942 544 Verumtamen

295 573 452 635 mandato
469 578 581 637 nostro
596 578 796 654 interposuit
809 578 920 654 partes
942 592 1032 647 snas,
1048 575 1089 636 61
1145 573 1300 650 quiddam
1313 575 1364 635 est
1378 575 1464 651 quod
1479 577 1658 638 multorum
1680 577 1945 640 detractionibus

296 671 566 746 compositionem
580 673 789 735 amicabilem
810 673 1026 745 devenerunt,
1053 672 1089 732 in
1144 671 1275 732 videtur
1293 672 1481 748 expositum
1505 674 1539 733 61
1559 672 1645 749 quod
1668 673 1709 736 ad
1729 675 1860 751 aliquos
1874 690 1942 737 non

112 779 116 798 ¹
206 764 210 770 ’
295 782 360 842 qua
375 767 463 829 inter
476 769 543 829 alia
558 773 691 831 cautum
710 772 761 832 est
775 771 975 847 specialiter,
1003 769 1087 846 quod
1144 767 1184 828 de
1201 769 1291 829 facili
1311 785 1347 828 se
1369 769 1647 846 explicationibus
1667 772 1822 850 applicat,
1832 772 1941 833 -vide-

295 863 324 923 61
359 881 424 944 qua
458 867 601 942 partium
643 883 661 928 a
689 867 928 944 compositione
957 866 1089 928 resilire
1144 865 1232 936 licet,
1256 866 1342 942 quod
1376 867 1419 926 61
1448 870 1563 942 Terrae
1590 871 1721 930 Sanctae
1756 869 1942 936 subsidium

294 964 561 1038 praesumpserit,
591 980 651 1024 vos
688 965 775 1042 parti
815 964 1088 1040 compositionem
1144 964 1379 1039 promptiorem
1394 965 1427 1025 et
1440 967 1599 1040 majorem
1611 981 1677 1026 non
1689 965 1827 1028 exhibes
1837 982 1943 1044 appa-

294 1060 440 1121 servanti
456 1060 637 1123 efficaciter
651 1062 827 1133 assistetis,
844 1063 950 1122 eidem
965 1060 1090 1138 116166-
1142 1061 1262 1120 ratum.
1274 1063 1367 1127 Ecce,
1379 1059 1426 1120 dli
1441 1061 1626 1134 carissime,
1641 1063 1727 1138 quod
1743 1064 1860 1126 adhoc
1875 1064 1942 1124 duo

294 1127 390 1224 titiis,
416 1157 448 1218 et
467 1157 653 1219 rationibus
668 1159 772 1234 partis
785 1159 924 1220 alterius
951 1173 1089 1235 respon·
1143 1157 1202 1218 tibi
1218 1157 1347 1233 praefixi
1365 1159 1443 1220 sunt
1456 1159 1610 1232 termini;
1634 1161 1691 1221 sed
1715 1161 1832 1238 elapsi,
1853 1161 1941 1238 quod

294 1252 374 1312 suri.
401 1255 469 1314 Nos
488 1255 600 1331 itaque
615 1255 655 1316 de
671 1256 904 1331 praedictorum
928 1251 1088 1316 nobilium
1144 1254 1251 1314 adhuc
1266 1255 1473 1316 commodum
1491 1259 1722 1332 reportaruntf
1739 1261 1827 1328 Quas
1851 1259 1942 1320 enim

292 1351 567 1414 reconciliatione
580 1355 774 1429 gaudentes
789 1354 828 1414 de
853 1369 993 1430 quorum
1014 1351 1087 1412 dis·
1143 1366 1256 1422 naves,
1274 1367 1356 1428 quas
1369 1353 1483 1428 galeas
1495 1353 1588 1428 regia
1606 1353 1684 1414 fecit
1703 1355 1864 1417 celsitudo
1880 1371 1943 1432 pa-

197 1519 202 1524 ,
293 1447 379 1508 61116
390 1449 508 1510 merito
521 1449 724 1522 dolebamus,
741 1449 1089 1511 Universitativestrae
1145 1448 1226 1518 rari,
1245 1463 1318 1524 quac
1330 1448 1498 1510 vasausni
1509 1449 1793 1512 transfretationis
1808 1465 1942 1514 accom-

269 1605 273 1614 ,
292 1560 351 1621 per
373 1547 563 1622 Apostolica
591 1548 714 1623 scripta
738 1547 944 1618 mandamus,
965 1548 999 1607 et
1019 1545 1089 1606 dis-
1144 1545 1240 1605 moda
1261 1545 1303 1604 de
1324 1544 1508 1622 sumptibus
1530 1546 1617 1608 tuisf
1640 1549 1728 1619 Este,
1754 1549 1939 1620 carissime,

292 1639 388 1702 161616
401 1643 622 1721 praecipimus,
639 1645 802 1721 quatenus
813 1644 858 1716 id,
880 1644 972 1704 salvo
988 1657 1087 1702 man·
1144 1642 1228 1716 quod
1248 1643 1408 1702 transitus
1422 1643 1499 1704 tuus
1518 1643 1679 1705 hactenus
1693 1645 1942 1721 impedimentis

292 1737 368 1799 dato
383 1741 507 1808 nostro,
523 1741 683 1802 studeatis
702 1741 844 1802 fideliter
856 1740 1044 1801 observare.
1143 1737 1308 1814 aliquibus
1330 1738 1430 1801 fuerit
1450 1739 1637 1802 retardatus
1654 1763 1662 1800 ε
1678 1742 1807 1804 clarere
1827 1745 1940 1804 tamen

332 1836 451 1896 Datum
465 1839 577 1909 Reate,
593 1840 637 1898 VI
654 1838 815 1898 kalendas
826 1836 981 1908 octobris,
1001 1852 1088 1914 pon·
1143 1835 1238 1896 debet
1251 1835 1381 1910 magnis
1395 1837 1429 1896 in
1443 1836 1657 1912 apparatibus
1679 1840 1815 1914 grandis
1836 1841 1944 1902 affec·

291 1931 436 1994 titlcatus
450 1935 556 1997 nostri
567 1950 654 1996 anno
669 1936 795 2014 quarto.
1141 1935 1206 2002 166,
1223 1933 1252 1993 61
1263 1933 1397 2008 adepus
1407 1932 1489 1994 illud
1505 1937 1662 2010 quantum
1675 1937 1765 2011 geris
1778 1937 1813 1997 in
1827 1939 1940 1998 animo

1144 2029 1374 2105 possibilitatis
1409 2031 1608 2102 ostenderet,
1631 2033 1664 2094 et
1698 2034 1786 2094 esset
1820 2034 1942 2096 efficax

622 2111 756 2198 XXIII
1143 2128 1301 2202 promptae
1318 2127 1497 2188 uoluntatis
1512 2128 1688 2204 interpres.
1704 2131 1942 2207 acquiramur

292 2247 344 2304 Aa
365 2247 583 2305 maerim
598 2260 717 2320 ,eoem
731 2247 856 2306 &0535oe
868 2245 901 2306 ep
917 2246 1088 2306 Romano.
1142 2221 1264 2283 talibus
1282 2222 1442 2284 vellemus
1462 2225 1494 2286 16
1514 2225 1711 2300 praeducem,
1730 2227 1940 2304 potiusquam

432 2357 513 2408 ,um
527 2343 775 2415 imperatorem
792 2342 946 2404 electum.
1142 2335 1328 2396 sequacem,
1353 2323 1389 2383 ut
1413 2336 1479 2382 non
1502 2321 1609 2382 solum
1632 2325 1823 2400 repetitioni
1849 2325 1941 2386 dila-

1142 2417 1241 2478 tionis
1256 2417 1365 2478 minns
1379 2418 1565 2490 insisteres,
1581 2419 1639 2480 sed
1659 2421 1846 2496 petentibus
1867 2423 1942 2484 for-

1142 2514 1219 2574 titer
1234 2513 1397 2575 obviares.
1414 2517 1537 2576 Verum
1550 2518 1684 2592 propter
1703 2518 1941 2596 impedimenta

1142 2627 1215 2687 quae
1232 2610 1272 2672 ad
1296 2613 1546 2674 excusationem
1569 2615 1627 2677 166
1648 2603 1769 2690 pagina
1789 2618 1942 2679 contine-

1141 2706 1336 2779 bat,bonori
1350 2710 1418 2781 tuo,
1427 2710 1585 2785 quantum
1597 2727 1672 2772 oum
1683 2714 1750 2774 Deo
1761 2715 1940 2789 possimus,

600 2457 613 2512 l
630 2463 686 2514 oct.
702 2455 782 2512 1119.

401 2559 677 2626 [Η6111661-Β61161166,
688 2561 752 2612 11161.
764 2561 837 2624 1161,
848 2561 867 2619 l,
882 2575 899 2618 r,
910 2559 978 2624 det]

292 2659 433 2716 Honorius
451 2639 527 2732 Papa
543 2659 696 2727 Friderico,
714 2659 908 2716 Romanorum
927 2659 1000 2732 regi,
1015 2659 1084 2716 scri·

325 2747 397 2805 bens
411 2749 593 2820 conqueritur
605 2747 680 2819 quod
696 2749 724 2804 in
739 2748 855 2820 negotio
867 2749 960 2805 Terrae
976 2748 1087 2804 Sanoua

326 2852 359 2892 se
371 2838 457 2892 nimis
471 2834 596 2909 tepidum
613 2835 746 2908 praebeat,
762 2850 827 2893 curn
841 2835 900 2907 J'am
915 2833 959 2892 bis
973 2835 1083 2894 dilatio·

327 2939 392 2982 nem
413 2925 441 2980 16
462 2923 622 2996 6661616616
637 2925 737 2980 itinere
753 2924 953 2995 postulaverit;
973 2925 1086 2981 tertium

327 3028 396 3069 vero
416 3014 579 3080 terminum,
600 3013 708 3069 scillcet
722 3013 751 3068 in
768 3010 869 3069 festum
886 3012 982 3069 Sancti
994 3013 1086 3070 Bene-

326 3101 393 3159 dicti
421 3101 473 3158 sab
501 3115 585 3174 66666
616 3101 919 3159 excommunicationis
949 3099 1084 3173 proetlgil,

327 3190 512 3262 horteturque
532 3188 717 3247 vehementer
729 3189 774 3246 ’61
796 3189 931 3246 auxilium
950 3190 1085 3246 exercitui

326 3279 486 3338 Christiano
501 3277 660 3336 ferendum.

331 3390 497 3451 Honorius
508 3389 820 3466 episcopusservus
836 3403 1008 3450 servorum
1015 3386 1085 3458 Dei,

289 3485 460 3547 Frtderico
475 3487 611 3555 illustri,
627 3489 688 3547 etc.

329 3585 462 3644 Litteris
477 3584 682 3645 excellentiae
693 3585 795 3658 regiae
806 3587 962 3646 consueta
971 3583 1088 3658 benig-

1143 2805 1317 2880 providere
1330 2806 1489 2877 volentes,
1505 2805 1698 2868 dilationem
1710 2808 1770 2869 tibi
1783 2810 1940 2871 concedi-

1143 2917 1216 2962 mus
1245 2903 1462 2977 postulatam3
1497 2902 1616 2964 festum
1646 2904 1735 2967 beati
1768 2907 1939 2968 Benedicti

1142 2999 1293 3073 proximo
1305 2997 1451 3060 futurum
1458 3000 1633 3060 terminum
1642 3003 1862 3078 praeilgentes,
1874 3019 1939 3080 quo

1141 3094 1308 3156 adferret
1332 3097 1461 3156 Sanctae
1483 3111 1675 3158 succursum
1700 3099 1764 3160 iter
1782 3100 1938 3176 arripias,

1143 3193 1388 3268 prosecuturus,
1408 3194 1566 3271 quantum
1582 3195 1781 3258 sufficientia
1796 3197 1942 3274 possibi-

1142 3290 1246 3351 litatis
1271 3291 1415 3363 alfnerit,
1441 3293 1552 3353 volum
1577 3295 1680 3354 tuum.
1710 3294 1844 3354 Interim
1860 3307 1939 3354 uero

1143 3403 1208 3448 non
1223 3387 1380 3459 dormias,
1401 3404 1442 3448 nc
1462 3388 1497 3449 in
1517 3389 1659 3450 termino
1679 3393 1750 3467 jam
1763 3389 1860 3452 lertio
1884 3391 1940 3452 la-

1143 3501 1275 3562 queum,
1292 3485 1378 3561 quod
1399 3485 1496 3558 absit,
1513 3487 1866 3550 excommunicationis
1881 3489 1940 3548 in-

1143 3598 1278 3657 curras;
1304 3584 1452 3645 excitare
1466 3587 1498 3646 16
1514 3584 1621 3659 ipsum
1639 3587 1672 3646 61
1692 3585 1777 3646 61166
1798 3585 1940 3660 vigilare

290 3681 393 3741 nitate
418 3681 570 3757 receptis,
594 3681 755 3742 exultauit
772 3682 902 3740 animus
927 3683 1039 3742 noster
1053 3680 1086 3740 in
1143 3680 1313 3756 compelle,
1347 3682 1384 3741 ut
1419 3681 1528 3742 medio
1558 3685 1706 3756 ternpore
1734 3683 1860 3759 paratis
1887 3684 1943 3742 his

289 3779 427 3840 Domino
441 3779 527 3857 qnod
544 3778 685 3838 accessit
704 3777 744 3838 61
765 3779 869 3854 661616
885 3778 1086 3838 desiderium
1143 3795 1216 3856 quae
1232 3777 1474 3849 desiderantur,
1495 3780 1585 3840 terra
1601 3795 1675 3854 quae
1697 3778 1862 3840 funiculus
1878 3781 1939 3850 661,

290 3875 388 3947 illius,
407 3875 483 3936 dum
499 3877 532 3936 et
546 3877 677 3952 recepta
695 3873 857 3935 beneficia
875 3874 1086 3950 recognoscis
1143 3874 1477 3937 haereditatisdivinae
1491 3876 1694 3937 fructuosum
1702 3878 1824 3938 sentiat
1839 3893 1938 3953 quern

289 3975 323 4035 et
340 3973 568 4035 retributionis
587 3975 619 4034 te
639 3987 705 4033 non
725 3972 869 4046 denegas
891 3971 1083 4032 debitorem.
1142 3973 1199 4033 diu
1221 3973 1368 4048 speravit
1384 3973 1451 4034 tum
1472 3973 1710 4063 magnitudinis
1732 3975 1764 4035 et
1786 3975 1941 4050 expectat

289 4075 394 4134 Porro
407 4072 488 4132 satis
504 4071 683 4148 prudenter
699 4070 836 4131 deberes
856 4070 1030 4131 advertere
1045 4069 1086 4130 16
1141 4070 1329 4131 adventurn.
1347 4071 1493 4141 Festina,
1509 4070 1643 4150 festina,
1658 4071 1727 4132 noli
1740 4071 1865 4132 diutius
1880 4086 1942 4132 ex-

289 4185 353 4246 quo
369 4171 401 4231 et
416 4169 506 4247 quali
521 4169 642 4230 affectu
653 4168 862 4245 processerit,
871 4167 956 4243 quod
970 4182 1087 4242 66666-
1142 4167 1284 4244 6661666,
1302 4183 1414 4243 quum,
1427 4167 1504 4227 dum
1526 4171 1578 4227 est
1598 4167 1633 4227 in
1654 4167 1860 4243 promotione
1880 4183 1943 4228 66-

206 4271 211 4286 “
286 4269 395 4328 166666
410 4267 570 4327 hactenus
585 4267 618 4327 et
633 4264 889 4342 expectabamus
907 4261 967 4343 [ut]
989 4279 1087 4324 excu-
1141 4263 1280 4338 gotium,
1297 4263 1419 4327 minori
1432 4265 1682 4325 consummatur
1695 4264 1822 4324 auxilio
1838 4267 1871 4325 61
1885 4264 1940 4325 fa·

288 4365 435 4425 sationes
459 4363 657 4440 probabiles,
683 4377 823 4439 quarum
842 4360 993 4438 quaedam
1017 4360 1084 4421 ali·
1142 4360 1238 4420 cilius
1263 4359 1455 4435 perficietur
1475 4359 1510 4420 in
1532 4360 1693 4437 profectu.
1717 4360 1862 4432 Festina,
1879 4375 1941 4423 rex

289 4460 367 4538 quid
395 4463 482 4520 notae
511 4458 709 4519 videbantur
736 4457 859 4518 babere
890 4456 1085 4533 quibusdam
1141 4457 1285 4532 egregie,
1301 4456 1341 4516 ad
1357 4457 1476 4517 summi
1492 4457 1582 4532 regis
1596 4456 1801 4534 obsequium,
1823 4459 1939 4518 utnon

289 4557 505 4636 opinionibus
516 4570 552 4616 se
566 4554 763 4631 ingerebant
775 4555 945 4615 bominum
961 4553 993 4615 61
1005 4569 1087 4615 con·
1141 4554 1287 4614 61166616
1314 4554 1449 4614 omnino
1478 4554 1614 4614 relictus
1636 4555 1709 4630 post
1731 4556 1840 4631 terga,
1881 4554 1937 4614 661

285 4654 505 4734 1661666661
520 4669 579 4730 per
590 4651 794 4714 contrarium
807 4651 905 4712 caute
916 4651 1086 4712 refelleres
1140 4652 1232 4711 tanto
1253 4649 1445 4711 ferventiori
1473 4650 1660 4722 affectione,
1675 4666 1714 4712 ac
1739 4651 1940 4713 evidentiori

223 4794 225 4800 .
288 4755 347 4814 661
369 4767 427 4830 666
448 4754 542 4828 66166
562 4749 595 4811 61
614 4747 823 4810 authenticas
839 4748 968 4810 litteras
983 4747 1087 4808 dedu·
1142 4746 1467 4822 utilitateprocedas,
1482 4748 1605 4823 quanto
1620 4747 1660 4809 de
1672 4748 1894 4825 majorimora
1906 4751 1938 4810 et

289 4866 383 4913 ceres
401 4850 437 4910 in
453 4849 603 4910 notitiam
624 4846 853 4922 plurimorum.
870 4845 962 4906 Licet
976 4847 1085 4905 autem
1141 4843 1263 4903 minori
1278 4843 1501 4904 sollicitudine
1514 4843 1729 4918 quorumdam
1738 4845 1866 4921 judicio
1882 4861 1938 4905 no·

288 4949 374 5024 apud
392 4960 453 5006 nos
467 4961 526 5022 pro
541 4943 788 5020 magnificentia
808 4945 865 5003 166
881 4943 1010 5002 sincere
1025 4955 1085 5016 pe-
1141 4940 1205 5000 1661
1220 4939 1356 5001 videris.
1373 4941 1519 5012 Festina,
1538 4940 1566 5001 si
1582 4939 1666 5002 forte
1681 4941 1838 5002 Dominus
1852 4943 1935 5002 tanti

288 5048 379 5108 roret
391 5041 525 5104 dilectio
539 5043 571 5102 et
586 5040 745 5117 promptis
758 5037 930 5098 effectibus
943 5037 1087 5097 instruat
1141 5037 1456 5097 consummationem
1475 5038 1600 5112 negotii
1614 5040 1680 5099 tuae
1697 5038 1937 5113 6166666666-

289 5157 423 5206 oausam
441 5143 543 5209 tuam,
566 5136 700 5214 expedit
720 5137 830 5198 tame-n
848 5135 964 5196 61666
979 5132 1084 5193 solum
1141 5134 1241 5204 vavit,
1256 5133 1340 5194 utin
1363 5133 1501 5196 dextera
1515 5135 1572 5196 166
1588 5133 1737 5210 66616161
1758 5135 1935 5212 multorum

291 5257 362 5312 nos,
376 5238 433 5300 sed
444 5237 504 5297 alii
517 5235 615 5297 etiam
629 5233 818 5308 intelligant
829 5233 860 5292 et
873 5230 1084 5305 cognoscant,
1141 5229 1293 5291 manibus
1312 5230 1513 5292 inchoatum.
1537 5231 1633 5292 Certe
1647 5232 1747 5292 clarae
1766 5232 1936 5303 memoriae

289 5339 373 5416 quod
392 5349 519 5398 memor
537 5349 574 5393 es
586 5331 735 5400 uberum,
749 5345 822 5406 quae
837 5327 898 5388 tibi
910 5326 965 5402 pia
981 5327 1086 5386 mater
1141 5343 1222 5386 avus
1238 5332 1314 5388 tuus
1330 5326 1526 5388 Fredericus
1547 5327 1588 5388 61
1609 5327 1642 5388 11
1662 5328 1790 5390 aetatis
1807 5328 1935 5389 viribus

290 5436 438 5514 porrexit
454 5431 601 5494 Ecclesia
615 5430 649 5490 61
663 5442 789 5488 mernor
801 5425 973 5485 esdextrae
986 5438 1084 5498 quam
1140 5422 1342 5485 accinxerat.
1364 5423 1448 5496 Quid
1470 5425 1534 5485 erit
1558 5424 1585 5484 si
1610 5425 1644 5486 et
1666 5425 1712 5494 tu,
1725 5441 1829 5500 66666
1848 5429 1932 5503 ejus,

291 5539 458 5596 Romanus
475 5527 629 5590 Pontifex
642 5529 798 5598 tanquam
814 5524 906 5596 66166
921 5521 1084 5582 6611161166
1141 5520 1231 5581 111166
1244 5521 1438 5582 memoriam
1452 5537 1516 5583 non
1528 5521 1633 5582 solum
1647 5522 1865 5595 praesentibus
1879 5539 1936 5586 re-
