4250 6404
180 306 237 368 137
803 303 1031 366 EPISTOLAE.
1056 303 1133 363 nin.
1157 303 1213 364 ill.
1770 296 1828 356 138

177 463 331 528 auctores
341 461 383 524 ab
395 461 682 526 administratione
691 477 751 524 seu
763 461 979 540 dispositione
1074 464 1117 522 In
1131 463 1289 522 arinulam
1309 461 1447 522 ritodrnn
1465 457 1622 533 scriptum
1644 459 1693 518 est
1712 455 1827 516 archi-

176 561 410 637 temporalium
434 575 546 622 rerum
568 561 636 622 toto
654 561 733 622 vitae
748 575 817 621 suae
831 560 979 637 tempore
1035 559 1198 634 episcopis
1222 561 1255 618 et
1276 555 1451 633 episcopis,
1477 555 1511 616 in
1538 569 1677 631 quorum
1706 553 1831 614 dioece-

177 657 980 736 arceantur,nisipriorinspectantilitatedomus
1035 655 1129 721 sibus
1157 656 1273 716 domus
1301 653 1617 714 Grandimontenses
1644 651 1831 713 consistunt

177 756 278 816 aliter
295 769 453 832 processu
471 756 631 832 temporis
652 756 787 825 duxerit
800 754 980 832 providen—
1034 768 1141 827 mque
1168 754 1433 829 compescentem
1462 750 1590 812 auxilio
1621 750 1777 810 comitum
1799 750 1831 808 et

178 852 603 930 dum.1³raeniotusquoque
615 852 980 928 Stephanus,quiquasi
1034 851 1196 912 baronum
1211 866 1251 912 ac
1266 850 1426 914 nobilium
1438 851 1623 911 vestrarum
1639 848 1828 918 diecesum,

177 949 265 1010 alter
277 948 388 1016 abner
403 947 511 1010 cubile
527 949 630 1025 patris
647 948 827 1010 ascendere
841 964 907 1010 non
921 965 981 1010 ex·
1036 949 1155 1024 quibus
1174 963 1276 1024 super
1290 949 1352 1008 hoc
1370 947 1494 1022 scripta
1514 948 1627 1008 nostra
1643 944 1828 1019 dirigimus,

177 1047 289 1124 pavit,
312 1047 346 1108 et
364 1046 479 1107 clerici
499 1046 556 1122 qui
581 1046 793 1110 adhaeserunt
806 1046 924 1114 eidem,
941 1062 981 1108 ec
1036 1045 1064 1104 si
1076 1061 1131 1106 res
1146 1045 1258 1106 forsan
1272 1043 1432 1118 exegerit,
1445 1043 1610 1104 invocato.
1624 1041 1752 1110 Datum,
1767 1043 1829 1102 etc.

177 1143 457 1209 exeommunicati
490 1141 524 1204 in
556 1142 630 1206 loco
663 1143 837 1209 interdicto
868 1143 980 1204 divina
1076 1144 1113 1202 ln
1135 1141 1287 1202 eumdem
1302 1139 1434 1204 modurn
1456 1138 1831 1216 scriplumeetvicariis

177 1240 464 1319 praesumpserunt
475 1239 775 1312 officiacelebrare,
785 1241 872 1304 dicta
884 1257 979 1317 prena
1036 1240 1181 1319 episcopi
1194 1239 1402 1300 Lemovicen.

177 1338 376 1414 plectantur,
394 1353 456 1400 aec
470 1337 511 1398 de
530 1337 651 1400 caetero
666 1337 835 1402 celebrent
849 1338 901 1400 vel
914 1339 980 1400 mi·
1077 1337 1242 1412 Scriptum
1271 1338 1321 1398 est
1349 1336 1384 1396 in
1414 1335 1563 1404 eumdem
1593 1334 1725 1396 modurn
1761 1333 1832 1408 regi

177 1435 331 1506 nistrent,
347 1435 413 1496 nisi
429 1433 542 1496 forsan
557 1449 715 1518 processu
729 1436 889 1511 temporis
903 1451 982 1510 gra-
1036 1433 1187 1496 Franciae
1203 1436 1238 1496 et
1251 1433 1437 1503 comitibus,
1455 1432 1636 1494 baronibus
1651 1433 1685 1494 et
1708 1431 1831 1492 nobili-

176 1533 259 1594 tiam
285 1532 440 1609 poterunt
463 1531 624 1595 obtinere.
646 1533 681 1592 Si
704 1547 768 1609 qua
791 1548 871 1596 vero
895 1532 981 1597 facta
1033 1531 1191 1592 busviris
1205 1547 1414 1611 perregnum
1429 1531 1579 1592 Francius
1598 1532 1631 1591 et
1651 1530 1831 1591 Bituricen.

178 1631 256 1692 sunt
276 1645 335 1706 per
360 1627 510 1692 eumdem
534 1629 738 1706 Stephanum
766 1629 844 1690 dum
865 1646 902 1692 se
922 1646 981 1707 pro
1036 1625 1224 1690 Narbonen.
1239 1629 1471 1703 Burdogallen.
1487 1627 1683 1688 etAuxitan.
1697 1626 1834 1704 provin-

176 1728 290 1804 priore
303 1727 448 1802 gerebat,
470 1743 510 1790 ea
529 1727 737 1790 decernimus
754 1727 906 1790 habenda
921 1743 981 1806 pe·
1037 1727 1117 1788 cias.
1133 1727 1299 1788 Amalrico
1308 1726 1420 1788 comiti
1435 1725 1602 1798 Tolosani,
1620 1724 1831 1786 lemovicen.

177 1826 269 1886 nitus
283 1841 343 1902 pro
357 1825 501 1888 infectis.
524 1824 633 1886 Priori
656 1826 766 1887 autem
781 1841 896 1887 omnes
914 1827 981 1888 tam
1037 1827 1070 1886 et
1080 1824 1441 1887 Turonencomitibus.
1454 1822 1636 1898 Hugonide
1646 1823 1830 1890 Leziniaco,

178 1922 305 1994 clerici,
320 1938 418 1999 quarn
438 1922 590 1984 conversi
606 1921 698 1984 sicut.
708 1922 793 1998 patri
813 1923 846 1986 et
856 1923 981 1999 pastori
1035 1921 1133 2004 Nolle
1147 1921 1187 1982 de
1204 1923 1306 1984 Resez
1318 1923 1351 1983 et
1366 1921 1442 1982 aliis
1456 1917 1623 1981 nobilibus
1638 1935 1697 1995 per
1711 1921 1831 1979 Lemo-

178 2035 240 2082 suo
261 2019 431 2083 humiliter
445 2016 601 2086 obediant
621 2019 655 2080 et
676 2019 867 2092 intendant;
890 2019 983 2082 ideo-
1037 2019 1145 2080 ricen.
1158 2020 1191 2080 et
1203 2019 1370 2080 Pictaven.
1384 2017 1543 2080 dioeceses
1561 2016 1758 2088 constitutio,
1768 2033 1833 2076 us-

178 2133 243 2193 que
255 2115 447 2178 discretioni
458 2116 577 2178 vestrae
588 2131 647 2191 per
656 2117 847 2192 npostolica
859 2117 981 2193 scripta
1037 2131 1101 2190 qne
1128 2115 1309 2178 intendant.
1333 2115 1425 2176 Unde
1449 2113 1695 2176 venerabilibus
1718 2113 1835 2176 fratri-

177 2213 327 2276 dlstricte
343 2211 564 2289 praecipiendo
586 2211 982 2291 mandemus„quetenus
1037 2213 1098 2274 bus
1121 2213 1244 2275 nostris
1263 2211 1523 2290 archiepiscopis
1538 2215 1571 2273 et
1592 2211 1757 2288 episcopis
1773 2227 1833 2288 per

178 2309 302 2372 dictum
315 2310 557 2386 prioremcum·
569 2308 703 2374 clericis
713 2310 749 2372 in
760 2305 983 2378 Grandimcn·
1037 2327 1179 2386 regnum
1188 2311 1341 2374 Franciae
1357 2311 1544 2373 constitutis
1556 2309 1704 2372 districte
1715 2310 1836 2388 praeci-

177 2410 246 2471 ten.
267 2407 487 2484 personaliter
509 2405 719 2479 reducentes,
739 2407 880 2480 tamea,
909 2425 981 2486 quae
1037 2407 1157 2486 piendo
1173 2408 1368 2474 mandamus
1380 2409 1414 2469 ut
1428 2411 1496 2470 tam
1511 2424 1562 2479 ea,
1573 2424 1646 2485 quae
1660 2408 1834 2483 praemissa

178 2504 353 2583 praemissa
365 2505 564 2581 sunt,.quam
580 2505 696 2580 quaein
711 2506 981 2581 nostroprivile-

178 2602 234 2678 gio
263 2602 485 2674 continentur,
505 2600 637 2668 facietis
661 2601 900 2664 iuviolabiliter
918 2602 981 2664 cb-

179 2700 318 2775 seruari.
348 2698 616 2764 contradictores
640 2698 681 2763 si.-
695 2699 751 2776 qui
778 2699 904 2766 fuerint
929 2699 981 2762 uel

178 2795 881 2872 rebellespercensuramssecclesiasticam,
898 2797 981 2860 sub-

178 2893 493 2970 latnappellaticnis
506 2892 689 2964 obstaculo,
706 2894 860 2970 quotiens
874 2895 983 2971 requi·

179 2991 235 3052 siti
262 2991 403 3062 fueritis
427 2991 684 3066 compescentes,
703 2990 856 3052 invocato
880 2991 983 3053 nihil-

180 3089 311 3150 ominus
321 3089 350 3150 si
363 3103 417 3150 res
428 3088 541 3150 forsan
552 3087 701 3162 exegerit
715 3087 842 3152 auxilio
851 3088 980 3150 brachii

180 3185 362 3252 saecularis.
388 3186 457 3246 Nos
483 3184 771 3252 enimcarissimo
793 3186 829 3252 in
851 3186 982 3252 Christo

180 3283 250 3347 lilio
262 3283 541 3359 nostroPhilippo
550 3283 624 3358 regi
633 3284 980 3355 Francorum-illustri,

179 3397 220 3444 ac
240 3380 334 3456 regni
359 3383 432 3457 ejus
451 3379 656 3456 principibus
669 3380 843 3456 dirigimus
859 3382 982 3458 scripta

179 3479 306 3551 nostra,
322 3479 359 3539 ut
375 3477 416 3540 ad
436 3477 680 3558 reprimendam
699 3477 872 3540 rebellium
891 3479 984 3540 inso-

179 3575 316 3640 lentiam
330 3573 425 3637 vobis
441 3576 599 3651 praestent
613 3575 788 3647 auxilium,
804 3576 981 3637 consilium

180 3675 214 3735 el
238 3672 396 3743 fauorem,
414 3687 488 3734 cum
510 3687 530 3732 a
555 3670 649 3734 vohis
672 3671 795 3734 fuerint
815 3673 979 3749 requisiti.

181 3769 273 3841 Quod
290 3770 319 3830 si
331 3785 399 3830 non
409 3783 524 3831 omnes
534 3769 599 3830 duo
612 3771 771 3840 vestrum,
787 3771 849 3832 etc.
864 3773 980 3832 Datum

180 3867 336 3930 Laterani
352 3867 493 3943 septimo
509 3867 669 3942 kalendas
682 3867 794 3930 martii
808 3869 983 3944 pontifica-

180 3965 353 4030 tusnoslri
366 3979 454 4026 anuo
468 3964 577 4026 tertie.

220 4065 448 4127 lucernalem
478 4065 617 4124 modeim
641 4063 799 4139 scriptum
827 4065 877 4125 est
905 4064 982 4124 uni-

179 4159 287 4224 versis
313 4157 572 4234 archiepiscopis
594 4162 628 4221 et
644 4145 808 4236 episcopis
825 4176 884 4237 per
905 4177 983 4236 reg-

179 4274 258 4320 num
281 4256 432 4318 Francia
454 4257 644 4318 constitutis
664 4273 772 4330 usqne
795 4258 979 4320 intendant.

177 4355 323 4430 ,ideoque
344 4352 556 4416 universitati
574 4355 699 4416 vestrae
717 4369 777 4429 per
791 4355 979 4432 Apostolica

179 4452 304 4528 scripta
328 4449 523 4511 mandamus
543 4453 575 4514 et
597 4449 746 4512 districte
769 4451 980 4529 praecipimus

180 4551 342 4627 quatenus
356 4550 426 4612 tam
443 4561 482 4610 ea
499 4563 572 4624 quae
588 4548 763 4623 praemissa¹
776 4549 864 4621 sunt,
881 4565 978 4626 quarn

180 4663 255 4724 quea
268 4646 304 4707 in
321 4647 435 4709 nosue
448 4644 624 4722 priuilegio
637 4645 860 4719 continentur,
870 4646 978 4709 facia-

180 4745 224 4808 tis
251 4743 286 4809 in
310 4742 463 4806 domibus
483 4743 587 4820 ipsius
606 4743 738 4804 Ordinis
767 4746 979 4820 pervenires

180 4840 536 4904 dioecesesconstitutis
548 4839 678 4904 illibata
688 4842 816 4902 servari
826 4843 979 4920 quotiens

180 4937 311 5000 fueritis
351 4937 514 5015 requisiti.
554 4937 819 5002 contradictores
858 4939 887 5002 si
922 4941 978 5016 qui

180 5033 364 5098 fuerintvei
378 5033 531 5099 rebelles,
542 5048 787 5109 percensuram
802 5035 980 5096 ecclesias-

179 5132 280 5195 ticam
300 5130 429 5192 sublato
444 5130 678 5207 appellationis
692 5130 862 5194 obstaculo
882 5149 977 5194 com-

179 5231 364 5308 pescentes,
379 5227 507 5290 auxilio
523 5227 700 5290 clarissimi
718 5229 753 5290 iu
772 5229 903 5293 Christo
917 5230 977 5290 filii

177 5327 286 5390 nostri
301 5325 447 5402 Philippi
467 5323 556 5400 regis
573 5327 775 5398 Francorum
791 5326 932 5390 illustris
946 5329 980 5389 et

180 5425 367 5502 principum
406 5422 501 5498 regni
527 5425 611 5497 ejus,
639 5423 758 5500 quibus
788 5440 889 5501 super
916 5425 979 5486 hoc

178 5522 303 5598 scripta
324 5521 436 5589 nostra
461 5519 636 5594 dirigimus
657 5521 686 5580 si
702 5535 755 5582 res
770 5519 882 5584 forsan
893 5536 977 5582 exe-

180 5621 278 5694 gerit,
292 5619 457 5680 tunicato.
473 5617 602 5688 ilatum,
622 5619 685 5678 etc.
724 5671 727 5678 ,
745 5662 748 5675 .

1037 2512 1114 2567 sunt
1134 2522 1231 2584 quam
1252 2522 1325 2582 quae
1348 2506 1380 2565 in
1402 2507 1514 2586 nostro
1535 2503 1711 2580 privilegio
1726 2507 1836 2568 conti·

1037 2603 1169 2676 nentur,
1183 2601 1743 2666 faciantinviolabiliterobservari.
1754 2605 1835 2664 Gon·

1036 2701 1232 2777 tradiciones
1252 2699 1281 2760 si
1303 2701 1358 2776 qui
1378 2693 1511 2770 fuerint,
1535 2698 1587 2759 vel
1607 2698 1748 2760 rebelles
1775 2715 1834 2776 per

1032 2813 1211 2875 ,censuram
1233 2797 1493 2860 ecclesiasticam
1522 2794 1652 2858 sublato
1683 2796 1834 2874 appella-

1037 2897 1137 2962 tionis
1161 2895 1341 2964 obstaculo,
1357 2894 1509 2972 quotiens
1524 2893 1677 2972 requisiti
1698 2891 1832 2966 fuerint,

1038 2981 1293 3072 compescentes,
1311 2993 1438 3056 auxilio
1453 2993 1643 3054 charissimi
1656 2993 1690 3052 in
1703 2991 1834 3054 Christo

1038 3090 1671 3168 filiiuostriPhllippiregisFrancorum
1680 3086 1831 3163 illustris,

1038 3189 1092 3250 cui
1103 3205 1203 3266 super
1214 3187 1277 3249 hoc
1287 3189 1410 3264 scripta
1423 3193 1536 3249 nostra
1544 3187 1718 3263 dirigimus
1735 3191 1834 3265 atque

1037 3287 1160 3358 nostru,
1189 3286 1218 3347 si
1246 3301 1300 3346 res
1327 3284 1440 3346 forsan
1476 3286 1636 3360 exegerit,
1665 3285 1831 3378 invocato.

1038 3385 1180 3462 Ideoque
1213 3382 1419 3445 nobilitatem
1445 3384 1591 3444 vestram
1615 3399 1771 3458 rogamus
1801 3386 1835 3446 et

1037 3497 1209 3543 monemus
1244 3481 1369 3544 attente
1416 3496 1475 3558 per
1509 3481 1698 3558 Apostolica
1737 3481 1833 3544 vobis
1921 3543 1923 3547 .

1037 3579 1161 3655 scripta
1202 3578 1408 3650 mandentes,
1448 3583 1611 3655 quatenus
1645 3595 1719 3640 cum
1753 3579 1833 3640 dicti

1037 3676 1165 3753 praelati
1187 3692 1289 3754 super
1307 3677 1370 3738 hoc
1385 3677 1549 3738 auxilium
1563 3677 1711 3738 vestrum
1731 3676 1833 3738 dirue·

1037 3775 1105 3836 rint
1125 3775 1371 3852 requirendum,
1395 3791 1454 3836 vos
1475 3774 1556 3836 illud
1579 3776 1625 3836 ita
1651 3775 1834 3836 efficaciter

1037 3870 1235 3948 impendatis
1264 3871 1400 3942 eisdem,
1424 3871 1510 3948 quod
1541 3873 1609 3932 Deo
1633 3871 1775 3933 ualeatis
1800 3873 1833 3932 et

1037 3966 1226 4032 hominibus
1245 3955 1463 4044 complacere,
1481 3984 1606 4044 nosque
1623 3968 1831 4030 devotionem

1035 4067 1180 4126 vestram
1216 4065 1446 4126 commendare
1484 4066 1601 4140 merito
1640 4064 1829 4127 debeamus.
1899 4092 1907 4107 ι

1036 4163 1166 4228 batum,
1183 4163 1244 4224 eto.

1234 4359 1237 4368 ,
1357 4287 1512 4372 CXXXI

1161 4421 1213 4480 Ad
1227 4421 1435 4480 Ltcdcnrlcum
1448 4421 1702 4481 srlbdtucounm.

1335 4531 1370 4590 26
1381 4531 1436 4590 seb.
1448 4533 1526 4590 lile.

1036 4693 1038 4699 .
1067 4641 1176 4704 [lingent.
1188 4638 1232 4689 lib.
1245 4639 1288 4697 lli,
1301 4639 1377 4704 epist.
1389 4639 1444 4689 W.
1456 4641 1511 4690 llll.
1526 4641 1561 4692 la
1573 4639 1648 4690 Porta
1658 4641 1693 4690 du
1704 4641 1799 4707 Thuri]

1034 4740 1077 4796 Ne
1097 4738 1161 4810 quis
1184 4739 1262 4796 illum
1278 4739 1481 4811 compellatae
1501 4738 1616 4796 ordines
1634 4741 1831 4814 suscipiendos

1069 4828 1114 4884 vel
1131 4826 1165 4883 ad
1179 4825 1363 4883 residentiam
1380 4827 1408 4883 in
1424 4828 1531 4900 capella
1548 4827 1578 4884 S.
1592 4829 1673 4886 Boni.

1074 4936 1251 5006 Honorius,
1266 4938 1342 5007 etc,
1361 4934 1483 4998 dilecto
1499 4935 1567 4996 filio
1589 4939 1669 4999 hud.
1689 4939 1831 5002 Subdiu-

1034 5048 1129 5094 cono.

1074 5130 1233 5192 Precibus
1248 5109 1360 5194 dilecti
1376 5129 1437 5192 niu
1456 5131 1577 5193 nonius
1592 5134 1655 5193 vin
1671 5136 1829 5196 innomi

1034 5229 1105 5308 nati
1125 5229 1293 5300 carissimi
1317 5229 1351 5290 in
1378 5230 1509 5296 Christo
1534 5230 1594 5292 lilii
1622 5233 1725 5294 nostri
1756 5233 1831 5294 Phi-

1033 5326 1115 5403 lippi
1144 5327 1233 5402 regis
1260 5329 1466 5408 Francorum
1493 5327 1645 5402 illustris,
1670 5333 1765 5406 cujus
1794 5347 1830 5397 es

1033 5425 1208 5500 deputatus
1233 5424 1414 5502 obsequiis,
1441 5426 1604 5496 inclinati,
1629 5428 1829 5490 auctoritate

1034 5524 1247 5599 praesentium
1272 5525 1472 5595 inhibemus,
1504 5541 1545 5586 ne
1574 5526 1649 5602 quis
1671 5528 1829 5604 quamdiu

1034 5619 1128 5694 nobis.
1156 5622 1327 5700 placuerit,
1363 5624 1401 5684 ad
1430 5622 1659 5700 suscipiendos
1694 5626 1829 5690 ordines
