4300 6392
200 291 260 352 529
460 291 466 302 '
812 293 1145 358 EPlsTOLAE.L113.
1169 297 1216 358 v:
1544 257 1568 352 ss
1626 368 1630 374 μ
1784 305 1845 366 ωο
1976 287 1979 312 ·

200 448 354 527 Philippo
369 465 448 526 rege
460 451 664 516 Francorum
685 449 807 514 illustri
823 466 844 513 a
858 452 914 530 pia
928 467 992 514 uo·
1048 452 1112 515 sibi
1127 453 1322 518 fidelitatem
1334 452 1492 520 exhibere
1506 459 1730 531 contemnens.
1747 463 1845 540 quasi

199 546 252 608 bis
266 545 468 610 liberalitate
481 562 657 610 concessos
671 547 708 608 in
725 549 865 625 grangia
878 564 939 610 sua
952 549 992 611 de
1046 548 1134 614 lacto
1146 551 1227 614 velit
1239 553 1430 630 apostolico
1444 554 1617 628 reluctari.
1633 559 1752 622 contra
1765 573 1843 622 euro

200 645 346 706 donasse
362 643 531 706 :decimas
546 660 680 722 quoque
699 644 743 706 de
764 645 867 708 Raral
881 645 916 708 et
927 661 991 708 ne·
1046 662 1107 723 per
1131 663 1169 710 se
1194 665 1234 712 ao
1258 665 1337 714 suos
1361 652 1547 716 machinari
1571 667 1639 716 nou
1667 657 1777 718 cessat
1805 655 1847 718 in:

198 740 301 802 moris
326 741 361 802 et
381 742 628 818 possessionum
664 741 750 818 apud
777 741 990 804 Livriaoum:
1046 758 1149 818 grave
1163 745 1372 824 dispendium
1387 746 1537 812 eoeleste
1553 751 1734 826 lingonen.
1749 753 1850 824 Quo·

198 837 286 913 apud
306 837 508 900 pontiseram
535 839 636 900 etiam
657 839 795 910 terram,
808 853 943 900 censum
959 842 993 902 et
1045 839 1136 902 circa
1178 840 1372 906 discretioni
1404 845 1524 908 vestrae
1558 862 1619 924 per
1651 848 1848 926 Apostolica

198 934 424 996 molendinum
445 951 519 996 cum
546 934 644 996 lurno
666 936 701 998 et
723 951 896 1008 mansura,
918 951 991 1014 quae
1046 937 1171 1013 scripta
1209 940 1422 1014 mandamus,
1461 945 1624 1020 quatenus
1653 943 1847 1022 injungatis·

198 1031 320 1094 dicitur
353 1031 483 1108 Baailly
506 1047 550 1092 ex
570 1031 659 1094 dono
680 1032 812 1094 idoneae
843 1033 885 1094 de
913 1033 992 1094 Gal·
1045 1031 1111 1108 ipsi
1125 1031 1348 1106 thesaurario,
1366 1037 1403 1098 ui
1416 1035 1504 1098 inira
1516 1041 1756 1116 competentem
1776 1043 1849 1102 ter·

197 1128 297 1190 landa
324 1130 414 1191 etex
438 1129 530 1190 dono
557 1129 720 1190 Willelmi
735 1131 769 1192 et
793 1129 929 1193 Roberti
950 1129 991 1190 de
1044 1129 1172 1191 minum
1195 1130 1260 1194 sibi
1282 1131 1518 1210 praedgendum
1536 1149 1557 1196 a
1573 1135 1667 1198 nobis
1682 1135 1841 1200 exhibeat
1883 1177 1884 1185 κ

197 1225 358 1288 eallanda
372 1246 380 1286 ε
396 1225 624 1287 molendinum
648 1225 682 1288 et
702 1228 826 1303 septem
839 1226 943 1290 libras
958 1228 991 1290 et
1045 1225 1237 1293 fidelitatem
1248 1228 1314 1305 ipsi
1326 1230 1493 1306 episcopo,
1508 1231 1545 1294 ut
1561 1234 1693 1295 tenetur
1710 1247 1750 1296 ac
1764 1247 1842 1296 ser-

196 1322 368 1384 dimidiam
394 1321 602 1386 Parisienses
623 1320 710 1400 apud
743 1324 881 1386 Pontem
904 1326 991 1386 Her-
1043 1325 1109 1394 vet,
1126 1324 1212 1401 quod
1236 1324 1266 1386 sl
1288 1340 1355 1388 nou
1369 1324 1496 1400 iecerit,
1519 1328 1672 1392 eumdem
1692 1329 1735 1392 ad
1749 1345 1847 1408 pre-

195 1419 279 1480 meri
295 1436 303 1475 ε
318 1419 351 1482 et
371 1418 458 1496 apud
472 1418 661 1482 bitriacum
683 1419 817 1481 turnum
842 1420 990 1498 ejusdem
1045 1421 1185 1482 sentiam
1208 1424 1356 1486 nostram
1378 1424 1495 1486 renim
1514 1439 1575 1503 per
1588 1440 1839 1495 censuramee·

195 1517 284 1580 villae
299 1515 341 1578 ab
355 1515 445 1577 omni
468 1515 643 1578 exactione
666 1515 810 1577 liberum
833 1519 867 1580 et
889 1517 988 1596 quie-
1044 1515 1277 1592 elesiastioam,
1299 1518 1522 1598 appellatione
1536 1522 1843 1599 postposuissem·
1945 1597 1949 1604 ¹

195 1616 275 1684 tum,
291 1614 325 1675 et
338 1613 379 1674 de
392 1627 496 1674 censu
510 1611 658 1690 ejusdem
672 1612 762 1676 villae
785 1614 919 1676 centum
934 1629 991 1676 so-
1044 1612 1186 1689 pellatis.
1212 1615 1305 1689 Quod
1326 1616 1356 1678 si
1383 1631 1451 1680 non
1474 1632 1602 1690 omnes,
1628 1619 1701 1682 etc..
1721 1619 1841 1682 batum

196 1711 281 1772 lidos
295 1725 424 1772 annuos
439 1710 648 1772 Parisienses
662 1712 696 1773 et
712 1710 871 1773 tredecim
885 1711 990 1774 libras
1044 1709 1130 1786 apud
1146 1711 1268 1774 Urbem
1290 1714 1456 1785 Veterem,
1479 1714 1580 1778 tertio
1598 1714 1674 1778 ldus
1689 1715 1840 1794 neptem·

195 1807 404 1868 Parisienses
423 1822 552 1868 annuas
570 1807 608 1867 in
635 1822 738 1870 censu
763 1808 850 1884 apud
864 1807 989 1870 Effarta
1044 1804 1125 1880 bris,
1142 1821 1230 1871 anno
1244 1811 1372 1887 quinto.

194 1905 296 1980 regis.
311 1903 522 1966 strivarium
543 1903 585 1965 de
605 1903 786 1977 Subcliclri,
809 1919 850 1968 ac
874 1903 988 1968 decern
1405 1927 1479 2016 LII

193 2002 351 2078 arpentos
365 2001 511 2065 nemoris
526 2002 651 2078 Guigiae
671 2001 865 2065 monasterii
884 2003 989 2065 vestri
1328 2052 1382 2113 Aa
1454 2054 1531 2114 dem

195 2099 370 2174 contiguos
386 2097 494 2177 :apud
509 2100 643 2177 croissy
664 2115 794 2178 quoque
816 2099 989 2163 trecento·
1293 2153 1324 2209 Η
1344 2167 1376 2210 ω
1395 2066 1474 2212 &gb
1506 2096 1577 2213 iim

194 2211 268 2257 rum
281 2210 503 2306 mennprflm
521 2197 620 2258 tem
639 2195 811 2308 deqimam'
831 2199 865 2310 ef
886 2212 987 2259 lilium
1113 2245 1221 2311 [Regem.
1235 2247 1266 2308 V.
1277 2248 1352 2312 epist.
1364 2169 1485 2300 {gellen
1497 2198 1766 2316 lasorlsdususiip

193 2292 380 2402 dnbiapum
387 2294 608 2404 Y¹¹¹¹⁰Pumfm
616 2293 762 2416 mfdmm
774 2292 865 2404 hfadl
880 2295 986 2372 'apud
1043 2333 1120 2394 Ulde
1134 2332 1217 2394 dictis
1230 2336 1399 2408 quibusdem
1414 2338 1584 2412 Apostolicae
1602 2339 1666 2419 ¹sedi
1680 2340 1840 2414 injuriosis,

196 2392 344 2452 P²r¹⁸¹⁰⁸
360 2391 461 2452 etlam
481 2405 517 2452 ΠΙ
538 2390 987 2454 V100⁵·M0d⁰1‘¹0¹f¹²¹'111¹ffl
1077 2411 1229 2485 dequibus
1246 2413 1411 2473 Predericus
1421 2417 1612 2490 lingonensis
1622 2419 1778 2477 canonicus
1792 2433 1837 2478 aa

195 2501 238 2548 ex
252 2485 338 2548 dono
357 2487 493 2550 Matheei
514 2488 555 2550 de
569 2486 729 2550 Marliaco
745 2507 753 2548 ε
767 2489 835 2548 tres
856 2503 988 2566 quoque
1078 2491 1240 2562 curabatur,
1255 2495 1406 2552 nectutem
1425 2495 1579 2567 inplicant,
1597 2502 1627 2554 et
1644 2511 1711 2555 eum
1730 2495 1835 2556 sdes-

193 2583 321 2645 modlos
343 2583 435 2646 bladi
449 2585 484 2644 in
499 2584 580 2646 uilla
603 2584 645 2645 de
665 2585 839 2662 Gompans,
856 2587 889 2646 et
902 2600 988 2662 qua·
1078 2570 1144 2628 (¹⁰¹⁰
1156 2571 1349 2644 apostolicam
1362 2574 1486 2632 mittant.

197 2681 350 2759 draginta
359 2679 834 2744 solidosParisiensesannuo
843 2681 987 2744 incensu
1082 2678 1239 2742 Pervenit
1261 2679 1303 2742 ad
1331 2679 1537 2744 audientiam
1557 2683 1717 2756 nosb‘am‘,
1747 2683 1834 2762 quod

195 2777 237 2841 de
259 2780 400 2841 Vamarz
422 2794 431 2840 ε
453 2779 541 2857 apud
569 2779 746 2851 Parisiam‚
771 2781 807 2841 et
830 2778 872 2840 de
894 2779 986 2842 cha·
1041 2775 1201 2851 magister
1215 2775 1412 2840 Fredericus
1425 2777 1712 2842 beneficionostro
1727 2795 1833 2843 cano·

196 2875 311 2948 noeill‚
327 2875 360 2937 et
374 2875 415 2938 de
435 2874 668 2951 Montberling,
693 2875 735 2936 de
757 2875 985 2954 Tbieulemoy,
1042 2872 1139 2933 nicus
1150 2871 1334 2949 Lingones.
1349 2872 1386 2935 in
1397 2875 1598 2948 nostramet
1610 2875 1751 2952 fratrum
1762 2891 1838 2938 nos·

194 2973 227 3033 et
241 2972 282 3034 de
296 2972 498 3034 Monsterolo
516 2973 633 3034 vineas
647 2989 655 3035 :
671 2971 833 3034 decimam
856 2987 987 3052 quoque
1039 2967 1167 3030 borum
1188 2968 1426 3032 detractionem
1453 2970 1582 3034 laxavit
1601 2971 1690 3034 adeo
1710 2971 1838 3036 temere

195 3067 236 3130 da
251 3071 343 3141 (ires,
358 3069 392 3132 et
402 3069 521 3144 uiginti
534 3067 658 3131 solidos
671 3069 708 3130 in
721 3067 819 3132 burno
832 3068 873 3132 de
887 3071 988 3132 (ittar-
1041 3063 1190 3141 linguam
1204 3081 1311 3134 suam.
1328 3068 1366 3131 ut
1378 3067 1474 3132 multi
1495 3067 1642 3144 graviter
1666 3067 1837 3130 scandali-

193 3167 409 3227 cio:censum
421 3166 455 3228 et
466 3166 590 3229 terram
605 3166 705 3228 etiam
721 3166 807 3244 apud
823 3166 984 3240 Parisios,
1039 3162 1106 3224 rati
1125 3161 1251 3224 luerint
1272 3161 1383 3226 uerbis
1407 3167 1491 3242 ejus.
1509 3165 1590 3237 Quia
1614 3163 1718 3241 igitur
1731 3165 1835 3227 stulto

192 3277 266 3340 quae
281 3262 403 3325 dicitur
423 3262 615 3326 Maudestor
633 3285 641 3324 ι
657 3263 845 3341 quindecim
860 3263 985 3328 solidos
1040 3258 1137 3321 debet
1159 3259 1326 3322 interdum
1347 3260 1528 3324 secundum
1547 3276 1641 3324 suam
1657 3260 1830 3324 stultitiam

192 3356 365 3422 censuales
378 3360 526 3424 incensu
537 3359 738 3440 deNoisyet
749 3359 789 3422 de
806 3361 983 3424 orodolio:
1039 3357 1246 3433 responderi,
1262 3357 1453 3420 discretioni
1467 3359 1587 3422 vestrae
1610 3373 1670 3434 per
1688 3360 1834 3435 aposto-

189 3459 314 3519 terram
330 3472 461 3535 quoque
473 3457 569 3519 vobis
584 3473 604 3520 a
617 3458 772 3521 iohanne
786 3458 890 3521 d'lilie
904 3473 988 3522 con·
1040 3450 1105 3514 lica
1121 3454 1245 3531 serilla
1260 3455 1467 3526 mandamus,
1485 3456 1648 3532 (Ιῑῑᾶῒθῑὶῑῑ8
1667 3456 1777 3534 ipsum
1790 3454 1832 3518 &d

191 3569 330 3626 cessam,
360 3556 394 3616 et
420 3553 508 3631 apud
538 3555 687 3616 Parisios
712 3555 748 3616 in
773 3555 848 3617 vico
869 3569 986 3618 versus
1039 3550 1185 3612 vestram
1207 3551 1420 3629 praesentiam
1444 3553 1683 3626 convocantes,
1708 3553 1742 3617 ei
1766 3553 1836 3616 tam

190 3651 362 3728 Templum
385 3652 459 3714 octo
480 3651 604 3712 solidos
619 3651 829 3715 Parisienses
844 3667 987 3716 censua-
1040 3661 1101 3722 per
1113 3648 1234 3724 ipsum,
1250 3663 1350 3726 quam
1362 3648 1448 3712 alios
1463 3665 1565 3728 super
1575 3649 1640 3712 boc
1660 3648 1836 3728 inquiren·
1900 3647 1903 3654 “

189 3747 250 3820 les,
268 3748 405 3810 sicutea
419 3749 530 3810 omnia
541 3749 632 3826 juste
652 3751 685 3810 et
710 3749 849 3826 pacifice
872 3751 984 3827 possi·
1039 3745 1089 3805 tes
1101 3745 1245 3807 sollicite
1253 3745 1475 3820 veritatem,si
1485 3761 1561 3808 eum
1571 3745 1767 3810 inveneritis
1777 3748 1832 3809 ta-

191 3845 288 3915 detis,
301 3845 396 3908 vobis
414 3848 448 3907 et
462 3859 521 3922 per
535 3861 595 3908 vos
612 3846 770 3924 praedipto
782 3849 986 3910 monasterio
1040 3840 1117 3902 liter
1130 3845 1325 3915 excessisse,
1341 3843 1428 3921 quod
1443 3858 1601 3906 excessus
1615 3845 1689 3920 ejus
1703 3843 1832 3906 inultus

188 3943 301 4004 vestro
322 3939 520 4004 aucuritate
541 3943 730 4021 apostolica
749 3945 985 4007 confirmamus
1039 3952 1106 3999 non
1121 3937 1240 4001 debeat
1260 3939 1437 4017 praeteriri,
1461 3939 1615 4002 eumdem
1627 3939 1671 4001 ad
1685 3939 1833 4002 nostram

190 4039 223 4100 et
230 4039 404 4115 praesentis
412 4038 526 4116 scripti
536 4041 721 4116 patrocinio
729 4041 982 4103 communimus.
1039 4034 1154 4096 venire
1176 4035 1389 4113 presentiam
1412 4051 1487 4098 cum
1508 4035 1631 4098 litteris
1648 4035 1769 4098 vestm
1783 4036 1834 4098 rei

190 4135 282 4196 Nulli
297 4150 378 4211 ergo
393 4136 574 4208 bominum,
592 4137 654 4198 etc.
672 4139 791 4199 Datum
815 4139 902 4213 apud
926 4141 985 4202 Ur·
1039 4132 1160 4194 seriem
1176 4132 1282 4208 plene,
1301 4147 1342 4193 ac
1356 4131 1500 4195 fideliter
1513 4131 1760 4196 continentibus
1774 4147 1834 4209 per

189 4229 264 4292 bem
278 4231 443 4302 Veterem,
457 4233 501 4292 1v
518 4231 592 4294 idus
606 4231 779 4311 septemb„
801 4234 981 4312 pontificat.
1038 4243 1214 4291 censuram
1240 4228 1493 4301 eclesiasticum,
1518 4228 1650 4292 sublato
1682 4229 1836 4307 appella·

128 4351 132 4356 ·
187 4329 295 4390 nostri
309 4329 539 4406 annoquinto.
1037 4325 1140 4389 tionis
1164 4325 1347 4398 obstaculo,
1372 4327 1591 4404 compellatis.
1616 4328 1743 4399 uestes,
1765 4327 1830 4390 etc.

556 4455 609 4544 LI
1038 4421 1131 4495 Quod
1146 4423 1394 4496 sinonomnes‚
1409 4424 1473 4486 etc.
1489 4424 1608 4488 Datum
1627 4423 1791 4500 utsupra.

181 4563 258 4648 'Ad
269 4589 446 4662 moenum,
459 4591 740 4652 archidiaconum
751 4590 785 4652 et
794 4591 973 4654 cautorem
1388 4574 1484 4662 LIII

488 4688 683 4750 moeste&
1164 4700 1218 4766 Ad
1229 4700 1483 4762 Massiliensem
1496 4702 1703 4775 episcopum.

440 4798 471 4856 ll
492 4798 632 4872 septemb.
655 4799 735 4858 ttae.
1293 4801 1577 4875 diaplasmatis.

218 4901 388 4966 [Reputdib.
399 4903 430 4962 V,
442 4903 518 4968 epist.
532 4905 586 4956 lte.
603 4906 660 4957 uss.
671 4905 708 4956 La
719 4906 793 4957 Porto
804 4905 840 4958 du
848 4905 942 4970 neit]
1069 4898 1189 4963 messab,
1199 4897 1246 4950 lib.
1256 4897 1288 4958 v.
1298 4899 1372 4964 epist.
1383 4898 1439 4950 lli.
1449 4899 1506 4951 llos.
1520 4900 1557 4951 la
1566 4899 1640 4951 Porta
1650 4899 1686 4952 du
1698 4899 1792 4967 anun]

187 5007 436 5067 Uttbesaurarium
444 5008 669 5083 lingonensem,
676 5009 980 5086 adddelltatemepisc.
1036 4985 1152 5045 mmm
1166 4987 1193 5044 ⁰¹
1208 4993 1239 5044 ¹¹²
1252 4985 1447 5045 militnm
1464 4985 1603 5060 (1Ποθᾶοω
1622 4985 1670 5062 qui
1694 4987 1833 5062 limbint

230 5095 806 5170 musone·»oam‹¹0baa¹ha0⁰⁶⁰u
821 5109 938 5174 aas·
1070 5065 1833 5218 sitissetlesistis.littltillll

156 5211 162 5226 ·
225 5203 405 5276 Honorius,
425 5205 501 5277 eto„
517 5205 648 5270 dilectis
671 5205 750 5269 illlis
765 5208 903 5282 decano,
919 5223 979 5272 ar·
1070 5225 1225 5298 geneseus,
1241 5239 1256 5282 a
1272 5225 1320 5284 tall
1339 5226 1562 5299 prmumppone
1580 5239 1768 5284 mmmmm
1782 5239 1829 5284 ω.

185 5303 381 5366 clridiacono
396 5305 430 5364 et
441 5301 572 5365 cantori
587 5307 726 5366 irenen.
1070 5305 1292 5363 clesiasticarum
1306 5305 1407 5362 timore
1421 5312 1596 5378 compescat.

223 5398 432 5462 Venerabilis
444 5398 549 5463 irater
562 5401 678 5464 noster
690 5401 872 5478 lingonen.
888 5404 981 5482 apis·
1073 5403 1252 5476 Honorius,
1272 5404 1348 5478 etc„
1365 5403 1549 5466 venerabili
1562 5403 1659 5466 tratri
1674 5403 1829 5481 episcopo

185 5513 286 5573 copus
305 5497 503 5559 transmissa
518 5496 614 5560 nobis
630 5497 789 5577 petitione
808 5503 978 5562 monstra-
1034 5501 1219 5562 Massilien.

185 5594 242 5666 vit,
264 5595 348 5672 quod
373 5595 605 5658 thesaurarius
627 5595 808 5673 lingonen.
834 5596 978 5660 debitam
1073 5596 1202 5672 Qtranio
1232 5597 1436 5660 christianus
1459 5597 1631 5660 exercitus
1660 5597 1695 5659 in
1725 5601 1835 5677 major
