4250 6404
285 225 324 282 75
905 227 1079 286 llONORII
1103 225 1145 284 lii
1169 225 1315 284 OPERA.
1891 221 1931 279 76
2008 225 2013 230 ’

287 382 442 458 specialia
480 399 577 458 quam
612 383 782 458 generalia
813 381 919 444 edicta
953 383 1083 464 soleant
1135 383 1308 444 timonium
1345 377 1602 458 perhibendum
1642 380 1699 442 sed
1730 379 1817 441 inira
1837 381 1929 456 septa

285 478 467 540 observari.
492 483 570 539 dum
593 480 695 556 igitur
716 481 750 538 in
775 481 879 540 sacris
899 479 1081 541 canonibus
1138 479 1330 540 monasterii
1353 492 1453 556 super
1473 478 1543 548 his,
1570 477 1610 538 de
1638 477 1757 553 quibus
1777 477 1929 554 requisiti

241 617 245 623 ι
285 579 318 634 et
341 575 533 650 specialiter
559 577 594 636 in
628 576 776 652 generali
801 576 963 648 Concilio,
992 575 1083 636 inhi-
1136 574 1479 652 fueritisdeponatis.
1499 560 1723 649 Nulli'ergo...

286 671 388 732 bitum
424 671 467 732 sit
501 687 674 748 expresse,
712 689 753 732 ne
785 673 858 747 quis
892 673 927 732 in
961 671 1080 742 alium,
1175 675 1293 733 Datum
1311 672 1478 741 Laterani,
1499 673 1574 732 xiv
1595 670 1928 747 kalendasjanuarii‚

285 769 357 830 sine
372 769 544 829 manifesta
560 771 592 830 et
607 769 798 830 rationabili
816 785 928 838 causa,
945 770 978 830 et
991 784 1083 831 com·
1134 767 1345 845 pontificatus
1360 769 1465 830 nostri
1478 783 1566 828 anno
1581 767 1690 830 tertio.

285 866 410 942 petenti
427 867 607 927 monitione
621 867 806 942 praemissa,
820 867 1083 928 excommunica·

286 963 386 1022 lionis
398 962 449 1023 vel
464 963 632 1024 interdicti
646 965 844 1024 sententiam
867 963 987 1024 audeat
1001 978 1081 1040 pro·
1455 925 1614 1012 LXXIV

285 1058 454 1136 mulgare;
498 1060 597 1137 quia,
639 1059 724 1120 sicut
761 1060 855 1122 vobis
893 1059 1081 1121 audivimus
1283 1051 1544 1124 Adssplicolmm
1561 1052 1596 1112 S·
1620 1051 1777 1111 Andreoe·

284 1155 571 1233 conquerentibus
589 1156 722 1233 quidam
744 1155 936 1218 inhibitioni
958 1157 1080 1233 hujus·
1394 1162 1428 1220 le
1443 1161 1572 1220 decemb.
1588 1163 1668 1219 liis.

212 1273 215 1276 ·
285 1253 371 1313 modi
410 1253 544 1315 minime
584 1254 790 1332 deferentes,
818 1254 875 1315 sed
906 1255 1081 1331 sequentes
1270 1267 1521 1332 [rheinenllouum.
1537 1267 1795 1330 emaculatum]

285 1351 407 1410 molum
424 1351 565 1428 proliriae
590 1351 781 1421 Voluntatis,
812 1351 848 1411 in
876 1367 934 1411 VOS
964 1351 1082 1428 hujus·
1135 1365 1293 1437 Episcopus
1305 1366 1333 1423 S.
1350 1351 1471 1424 Andreae
1483 1373 1511 1424 et
1526 1367 1570 1423 sul
1589 1380 1773 1424 successores
1792 1368 1931 1424 esnonice

284 1447 371 1507 modi
387 1447 568 1509 sententias
582 1449 794 1525 jaculantur;
812 1465 883 1519 nos,
896 1451 929 1510 et
947 1448 1079 1510 illorum
1170 1454 1309 1510 intrantes
1323 1469 1380 1510 uns
1395 1468 1460 1512 oum
1480 1455 1610 1511 ecclesiae
1630 1455 1860 1528 possessionibus
1876 1455 1930 1513 sub

285 1547 464 1622 reprimere
487 1545 698 1606 insolentiam
725 1548 758 1606 et
776 1547 919 1606 vestram
932 1546 1079 1607 volentes
1170 1542 1346 1612 lr⁰10⁰¹i⁰¹¹⁹
1361 1540 1442 1600 Sedlss
1457 1543 1627 1613 Al⁰⁸¹⁰¹¹0ffl
1642 1543 1824 1614 recipiuntur.

285 1643 506 1704 innocentiam
523 1641 751 1703 favorabiliter
764 1641 951 1712 confovere,
969 1645 1079 1704 auoto-
1173 1646 1340 1706 Honorius
1373 1645 1564 1721 episcopus,
1596 1647 1780 1708 venerabili
1811 1647 1926 1720 tratri,

285 1739 381 1800 ritate
410 1739 504 1800 vobis
532 1741 743 1816 praesentium
781 1739 1014 1816 indulgemus,
1044 1741 1080 1800 ut
1133 1741 1286 1818 episcopo
1303 1744 1336 1801 S.
1359 1742 1510 1813 Andreae,
1523 1745 1660 1820 ejusque
1683 1745 1930 1804 successoribus

287 1835 399 1896 nullus
426 1836 462 1896 in
494 1853 565 1907 vos,
590 1837 642 1896 vel
658 1837 893 1898 monasterium
919 1839 1076 1909 vestrum,
1132 1839 1292 1900 canonice
1315 1837 1550 1900 substituendis
1563 1839 1598 1898 in
1613 1842 1821 1916 perpetuum,
1839 1841 1931 1902 salu-

285 1933 358 1992 sine
374 1933 549 1994 manilesta
558 1935 590 1994 et
600 1933 791 1993 rationabili
806 1949 907 1994 causa
918 1935 1078 1994 canonica
1132 1938 1209 1996 tem.

284 2030 466 2090 monitione
499 2030 683 2106 praemissa,
712 2030 1076 2101 excommunicationis,
1174 2032 1251 2094 Ideo
1266 2048 1381 2092 sumus
1397 2033 1436 2093 ad
1454 2033 1822 2096 universalisEcclesiae
1836 2035 1928 2110 regi-

283 2127 510 2202 suspensionis
532 2127 581 2186 vel
603 2126 771 2187 interdicti
800 2127 980 2188 sententias
1000 2143 1079 2202 pro-
1133 2143 1219 2199 men,
1248 2129 1324 2190 licet
1348 2129 1627 2195 insufficientibus
1651 2133 1789 2203 meritis,
1816 2133 1929 2208 provi-

284 2223 430 2300 mulgare
451 2225 640 2300 praesumat,
658 2239 740 2300 quas
761 2223 789 2282 si
810 2223 984 2286 decaetero
1001 2240 1079 2302 pro·
1132 2225 1243 2286 dentia
1266 2242 1419 2303 supernae
1444 2226 1671 2304 dispositionis
1695 2229 1867 2306 assumpti,
1894 2231 1930 2289 ut

283 2321 432 2396 lenigare
463 2322 642 2395 contingat,
673 2321 881 2381 decernimus
908 2321 1020 2383 irritas
1046 2324 1079 2383 et
1132 2323 1221 2382 circa
1258 2324 1448 2384 universum
1485 2340 1606 2400 corpus
1634 2325 1791 2386 Ecclesiae
1824 2325 1928 2386 aciem

282 2419 410 2478 inanes.
422 2418 762 2493 Nulliergo...l)atum
773 2419 1079 2480 Lateranilltha-
1132 2419 1726 2485 debeamusnostraeconsiderationis
1737 2422 1926 2494 extendere,

282 2515 396 2576 landas
429 2519 577 2592 januar,
613 2515 822 2594 pontificatus
851 2514 955 2575 nostri
990 2531 1077 2578 anno
1131 2517 1164 2578 et
1178 2516 1336 2580 iratribus
1359 2518 1391 2578 et
1406 2517 1610 2594 coepiscopis
1633 2518 1757 2580 nostris
1775 2521 1842 2582 tam
1863 2519 1927 2590 his,

281 2613 389 2674 tertio.
1132 2613 1186 2690 qui
1201 2629 1302 2690 prope
1313 2615 1399 2686 sunt,
1410 2630 1508 2692 quam
1519 2615 1574 2691 qui
1584 2613 1692 2692 longe,
1703 2616 1928 2692 Apostolioum

596 2701 761 2788 LXXIII
1133 2711 1327 2785 suffragium
1343 2711 1512 2782 exhibere,
1535 2728 1576 2771 ne
1600 2711 1701 2772 alicui
1726 2714 1859 2788 propter
1874 2729 1930 2774 re-

360 2826 412 2886 Λα
428 2826 574 2888 petrum
591 2826 747 2886 abbatem
760 2826 793 2886 et
807 2827 1012 2886 conventum
1132 2807 1310 2868 motionem
1333 2807 1481 2868 locorum
1504 2809 1702 2886 APOStOlicae
1726 2809 1820 2870 Sedis
1842 2809 1929 2872 deSit

470 2924 504 2982 Β,
521 2925 670 2996 Rem-91,-
692 2925 882 2984 pompm,
1132 2905 1340 2980 providentia
1361 2905 1412 2966 vel
1435 2904 1550 2966 tutela.
1574 2908 1767 2983 Eapropter,
1783 2921 1927 2968 venera-

543 3034 576 3091 19
592 3032 722 3090 decemb·
741 3034 818 3092 llis.
1131 2999 1209 3060 bilis
1231 3001 1265 3060 in
1281 3001 1412 3061 Christo
1434 2999 1537 3062 irater
1557 3002 1719 3078 episcope,
1745 3002 1812 3063 tuis
1826 3004 1927 3080 justis

319 3131 417 3193 [Vario.
429 3129 776 3182 Arcliivesadmiuistrstives
788 3130 819 3180 de
828 3129 920 3188 Reims,
929 3136 997 3182 tome
1010 3131 1030 3190 1,
1132 3097 1410 3172 postlllatiombus
1446 3097 1626 3159 Clementer
1660 3099 1858 3170 annnimus’
1896 3103 1930 3162 et

557 3224 727 3274 persumme
738 3210 806 3276 soa]
1133 3193 1307 3254 ecclesiam
1325 3195 1357 3254 S.
1374 3193 1525 3266 Andreae,
1547 3195 1601 3255 oui
1623 3195 1757 3256 auctore
1777 3197 1926 3264 Domino,

284 3299 467 3373 Privilegium
490 3300 607 3358 Honorii
632 3315 713 3371 popae
742 3301 782 3356 lll
806 3314 842 3355 ne
871 3300 973 3372 aliquis
992 3307 1078 3374 cogat
1132 3305 1276 3366 praeesse
1305 3291 1527 3365 dignosceriS,
1555 3291 1596 3352 ad
1624 3293 1794 3367 exemplar
1819 3293 1927 3356 felicis

317 3389 476 3445 nionachos
505 3388 532 3445 S.
561 3387 685 3460 Remigii
714 3394 792 3444 extra
812 3387 964 3445 eeclesiam
979 3387 1020 3444 ire
1042 3387 1077 3445 ad
1132 3387 1372 3449 recordationis
1386 3387 1567 3450 Alexandri
1585 3391 1617 3450 et
1631 3391 1825 3462 innocentii,
1841 3407 1928 3468 prse-

317 3477 510 3533 testimonium
524 3474 741 3547 perhibendum.
1131 3485 1341 3546 decessorum
1357 3486 1556 3559 nostrorum,
1572 3490 1793 3549 Romanorum
1813 3489 1929 3550 Ponti-

321 3587 488 3646 Honorius
512 3585 697 3660 episcopus,
723 3583 852 3645 dilectis
875 3582 953 3644 liliis
967 3583 1076 3644 abbati
1132 3583 1228 3642 ticum
1245 3583 1303 3642 sub
1317 3580 1405 3644 beati
1433 3582 1521 3644 Petri
1544 3588 1577 3644 et
1596 3586 1707 3644 nostra
1723 3586 1927 3661 protectione

282 3684 314 3743 et
324 3681 501 3743 conventui
513 3684 545 3740 s.
555 3681 1075 3754 Remigiiltemensis,salutem...
1132 3681 1341 3756 suscipimus.
1364 3682 1397 3741 et
1420 3681 1593 3758 praesentis
1614 3681 1728 3758 scripti
1753 3681 1928 3759 privilegio

321 3781 402 3838 Cum
418 3777 571 3838 monachi
583 3777 623 3838 ad
637 3777 699 3838 hoo
712 3778 857 3838 claustro
869 3776 1075 3849 claudantur,
1131 3777 1384 3848 communimus,
1414 3779 1605 3850 statuentes,
1639 3779 1674 3840 ut
1703 3795 1928 3858 quascumque

283 3875 318 3936 ut
347 3891 366 3936 a
389 3875 596 3949 negotiorum
625 3875 836 3936 saecularium
856 3873 997 3936 tumultu
1020 3889 1076 3934 se·
1132 3873 1371 3950 possessiones,
1388 3889 1603 3951 quaecumque
1623 3873 1708 3935 hona
1732 3877 1845 3937 eadem
1865 3893 1925 3937 ec-

282 3973 502 4049 moti,jugiter
516 3973 551 4033 in
581 3973 653 4048 lege
669 3972 800 4033 Domini
820 3972 1030 4043 meditentur,
1046 3973 1078 4033 et
1132 3969 1232 4030 olesia
1261 3971 1296 4030 in
1323 3971 1575 4050 praesentiarum
1595 3972 1684 4048 juste
1713 3973 1746 4032 et
1768 3973 1927 4033 eanonice

282 4087 353 4148 quae
380 4086 524 4142 sursum,
549 4087 615 4130 non
637 4087 711 4147 quae
733 4070 971 4146 superterram
988 4072 1075 4140 sunt,
1132 4067 1286 4142 possidet,
1302 4071 1377 4139 ete„
1392 4083 1498 4142 usque
1513 4067 1606 4129 llrma
1621 4067 1682 4129 tibi
1699 4068 1829 4146 tuisque
1845 4086 1926 4129 suc-

283 4169 426 4244 sapiant.
451 4168 531 4228 satis
558 4167 690 4229 videtur
705 4168 901 4248 monasticae,
911 4167 1075 4230 honestati
1131 4163 1319 4224 sessoribus
1331 4168 1363 4226 et
1375 4163 1503 4226 illibate
1519 4167 1745 4241 permaneant.
1759 4169 1797 4228 In
1809 4167 1928 4243 quibus

282 4265 483 4326 contrarium
494 4266 539 4335 ut,
550 4281 623 4325 cunr
635 4265 803 4326 aliassine
818 4264 989 4341 dispendio
1004 4280 1078 4326 esse
1131 4261 1202 4322 haec
1215 4263 1357 4338 propriis
1373 4262 1528 4323 duximus
1547 4262 1763 4338 exprimenda
1780 4263 1925 4324 vocabu-

204 4405 207 4415 ,
282 4363 398 4436 potest,
422 4362 461 4420 ad
492 4360 599 4420 lorum
624 4361 790 4434 publicum
816 4377 875 4437 pro
902 4377 1077 4421 causarum
1132 4359 1185 4430 lis,
1200 4359 1233 4418 in
1250 4360 1336 4427 aith,
1350 4359 1535 4420 llilrimuud
1550 4375 1624 4419 oum
1639 4358 1707 4419 tota
1724 4360 1833 4432 shira,
1846 4363 1929 4422 Der-

282 4459 419 4533 strepitu
434 4456 655 4516 excludantur
681 4457 735 4531 qui
752 4457 813 4516 soli
836 4457 975 4518 Domino
989 4459 1078 4518 mili-
1131 4457 1255 4527 versin,
1284 4455 1575 4528 Hutredmunesin,
1597 4455 1740 4518 insulam
1760 4455 1927 4519 Lohleue-

281 4551 860 4636 tantesnondebentse‚secundum
872 4554 1074 4629 Apostolum,
1131 4553 1198 4612 noh
1240 4569 1315 4613 cum
1356 4554 1555 4630 appenditiis
1598 4553 1690 4626 suis,
1736 4555 1926 4626 Munemel,

282 4651 424 4727 nogotiis
444 4648 659 4710 saecularibus
675 4648 867 4724 implicare;
883 4665 924 4710 ne
937 4651 976 4710 de
992 4654 1076 4713 tecto
1131 4649 1297 4715 Tervietb.
1310 4651 1530 4722 Morcambus,
1543 4650 1694 4722 Methhil,
1705 4652 1926 4722 Kilcumcath,

282 4746 579 4823 contemplationis,
592 4743 632 4806 ad
648 4745 825 4807 tollendam
840 4747 985 4808 tunicam
997 4763 1078 4809 con·
1131 4747 1297 4818 Muccard‚
1311 4747 1498 4824 Pethgober
1513 4763 1587 4809 cum
1600 4749 1700 4810 terris
1713 4748 1927 4809 ecclesiarum

281 4845 491 4906 versationis.
513 4845 564 4904 vel
590 4841 726 4920 pallium
754 4845 837 4920 qnod
859 4861 933 4906 cum
953 4846 1077 4924 loseph
1132 4844 1383 4916 strathteihten,
1410 4844 1599 4923 Rascolpin,
1629 4847 1702 4917 Cas,
1729 4845 1924 4916 Dulbrudot,

283 4944 316 5004 in
328 4943 445 5002 man'us
456 4940 620 5016 AEgyptiee
631 4939 805 5018 impudicae
818 4940 993 5018 reliquisse
1009 4959 1077 5004 cre·
1131 4943 1264 5014 Russin,
1282 4943 1393 5014 Losse,
1419 4943 1453 5004 et
1466 4944 1563 5020 juxta
1578 4941 1690 5012 Parth,
1707 4944 1925 5020 Lungporiin,

282 5039 420 5108 duntur,
446 5037 645 5100 descendere
673 5039 893 5114 inculpentur.
916 5039 1076 5100 volentes
1130 5039 1164 5097 in
1186 5039 1332 5111 Mareth,
1358 5039 1525 5112 Buhham,
1551 5039 1780 5112 Munemusoh,
1805 5039 1925 5102 culsa-

283 5137 384 5212 igitur
398 5135 499 5212 quieti
515 5134 634 5195 vestrae
656 5138 793 5212 paterna
816 5137 987 5212 diligentia
999 5151 1078 5214 pro-
1132 5135 1231 5206 muel,
1248 5135 1330 5197 Eion
1345 5152 1420 5197 cum
1436 5135 1534 5197 terris
1556 5136 1774 5198 eeclesiarum
1790 5153 1926 5199 suarum

282 5233 406 5303 videre,
423 5232 620 5294 auctoritate
635 5233 728 5294 vobis
742 5234 955 5312 praesentiunt
971 5233 1077 5294 indul·
1130 5235 1163 5293 et
1178 5233 1328 5293 omnibus
1352 5233 1562 5310 pertinentiis
1584 5235 1666 5305 suis,
1687 5235 1723 5294 in
1743 5233 1924 5307 Laodonia,

285 5347 413 5408 gemus,
442 5331 478 5390 ut
499 5329 621 5397 nullus,
647 5329 710 5390 nisi
737 5331 823 5392 forte
854 5330 894 5392 de
922 5331 1077 5394 mandato
1131 5330 1275 5400 bistone,
1292 5329 1580 5406 egglesmanekin,
1598 5331 1783 5403 Keldeleth,
1803 5333 1925 5394 Ratht-

284 5427 380 5488 Sedis
398 5428 594 5502 Apostolicae
621 5428 770 5504 speciali,
787 5444 846 5488 vos
864 5428 916 5489 vel
930 5428 1075 5490 uestrum
1131 5427 1206 5492 hen,
1223 5428 1409 5498 busseiaco,
1427 5429 1576 5500 Wedale,
1589 5427 1795 5500 clerkintun,
1808 5429 1924 5490 Tmin-

284 5525 439 5602 aliquem.
461 5525 606 5586 claustro
626 5525 718 5585 exire
741 5524 926 5602 compellat,
953 5524 992 5584 ad
1010 5527 1076 5586 tes·
1130 5523 1228 5599 gham
1253 5539 1326 5584 cum
1350 5526 1550 5602 appenditiis
1572 5525 1923 5598 suis,13roccesmulh.
