4248 6410
243 295 390 382 “sse

331 482 448 555 gratiae
459 479 655 552 Machabaei,
668 478 869 555 abnegantes
884 479 1057 540 saecularia
1073 480 1127 541 de-

331 576 456 637 sideria
480 578 513 637 et
539 575 671 653 proprie
699 575 946 652 relinquentes,
973 575 1125 638 tollentes

331 663 461 734 crucem
481 687 587 740 suam,
611 671 784 733 Dominum
809 674 887 732 sunt
911 671 1033 746 secuii;
1060 671 1124 748 ipsi

330 769 418 840 suni,
434 783 493 845 per
508 783 588 846 quos
602 770 689 828 Deus
704 767 899 828 orientalem
915 766 1088 830 ecclesiam
1104 783 1123 828 a

329 881 535 942 paganorum
550 863 719 940 spurcitiis
735 863 872 935 liberat,
897 864 930 924 et
950 864 1123 925 christiani

330 961 473 1022 nominis
488 961 642 1022 inimicos
658 960 847 1038 expugnat;
863 960 927 1036 ipsi
941 975 1001 1038 pro
1015 959 1123 1022 iratri-

328 1056 390 1119 bus
409 1057 539 1118 animas
554 1072 677 1134 ponere
692 1073 758 1118 non
774 1055 952 1119 formidant
973 1057 1007 1118 et
1026 1071 1123 1134 pere-

327 1153 441 1230 grinos
457 1153 497 1216 ad
514 1154 630 1216 sancta
646 1153 718 1215 loca
733 1154 991 1230 proficiscentes,
1007 1155 1075 1215 tam
1088 1154 1121 1214 in

327 1249 450 1324 eundo,
484 1267 581 1330 quam
607 1249 643 1311 in
674 1250 859 1322 redeundo,
886 1249 1059 1312 defensant
1080 1250 1122 1311 ab

326 1347 515 1408 incursibus
530 1362 748 1424 paganorum.
763 1347 813 1419 nt,
829 1343 985 1424 quoniam
1000 1346 1041 1409 ad
1053 1349 1121 1409 tam

327 1442 477 1504 sanctum
493 1443 526 1504 et
542 1443 632 1520 pium
654 1459 735 1519 opus
760 1443 959 1520 explendum
974 1443 1023 1505 eis
1039 1459 1120 1520 pro-

327 1540 409 1615 price
428 1554 495 1600 non
514 1540 693 1618 suppetunt
711 1539 903 1611 facultates,
920 1539 1122 1601 universita-

324 1637 392 1698 tem
415 1637 559 1698 vestram
582 1637 800 1714 praesentibus
818 1637 939 1698 litteris
961 1637 1122 1698 exhorta·-

326 1749 411 1804 mur,
448 1734 609 1811 quatenus
650 1735 818 1810 populum,
858 1734 952 1795 vobis
994 1749 1013 1795 a
1053 1732 1120 1796 Deo

326 1831 548 1902 commissum,
566 1831 723 1892 collectas
743 1831 854 1892 facere
869 1831 1117 1903 commoneatis,

324 1943 367 1988 ex
392 1928 510 2004 quibus
535 1943 648 1989 eorum
678 1929 791 2004 inopia
818 1929 1023 2005 suppleatur.
1040 1929 1121 2001 Qui-

324 2041 464 2101 cumque
479 2040 558 2086 vero
571 2025 612 2086 de
626 2024 840 2086 facultatibus
853 2025 916 2085 sibi
932 2040 951 2085 a
967 2027 1034 2085 Deo
1050 2026 1120 2086 col-

327 2121 404 2182 latis
427 2121 508 2197 ipsis
531 2119 732 2189 subvenerit,
751 2123 784 2183 ot
805 2121 840 2182 in
865 2137 978 2182 eorum
1004 2125 1118 2184 sancta

325 2217 533 2278 fraternitate
546 2217 700 2278 statuerit
709 2231 745 2277 se
758 2215 930 2292 collegam,
942 2215 1118 2293 eisquebe·

951 321 1124 382 nononu
1147 289 1191 381 til
1212 323 1358 383 ornan.

1493 502 1666 614 cxcvu

1239 639 1290 698 Ad
1308 640 1579 711 archiepiscopos
1598 638 1632 698 ei
1645 639 1830 710 schaenos,
1848 636 1918 696 etc.

1472 749 1505 806 ld
1517 749 1577 820 jan.
1595 749 1674 806 liii.

1356 853 1490 918 [suabila
1504 852 1522 902 l.
1534 867 1568 912 a,
1580 867 1606 917 p.
1618 853 1674 909 iel,
1686 867 1712 904 u.
1725 851 1793 916 ets]

1177 957 1260 1016 lubet
1269 956 1376 1016 ordinis
1385 957 1551 1016 'theutonici
1562 959 1759 1016 molestatores
1769 957 1990 1015 ecclesiasticis

1422 1047 1572 1105 sententiis
1585 1047 1721 1104 coerceri.

1216 1155 1383 1215 Honorius
1395 1154 1580 1230 episcopus,
1589 1169 1704 1215 servus
1715 1167 1887 1214 servorum
1899 1152 1983 1223 Dei,

1175 1250 1421 1312 venerabilibus
1453 1247 1612 1312 fratribus
1644 1249 1907 1327 archiepiscopis
1947 1251 1987 1310 et

1176 1347 1340 1424 episcopis
1364 1350 1397 1408 et
1414 1347 1544 1409 dilectis
1569 1347 1648 1407 illlis
1669 1346 1853 1416 abbatibus,
1878 1347 1984 1421 prio-

1176 1442 1277 1514 ribus,
1295 1443 1551 1515 archidiaconis,
1568 1443 1703 1504 decanis
1723 1445 1756 1504 et
1769 1442 1846 1503 aliis
1862 1442 1983 1503 eccle-

1175 1541 1300 1601 siarum
1316 1541 1474 1618 prrelatis,
1498 1540 1540 1601 ad
1559 1555 1642 1617 quos
1664 1541 1783 1602 litterae
1798 1541 1872 1600 istae
1888 1554 1977 1616 per·

1174 1638 1337 1708 venerint,
1358 1637 1550 1699 salutemet
1573 1635 1788 1713 apostolicam
1809 1635 1977 1696 benedic-

1174 1733 1310 1795 tionem.

1215 1831 1290 1892 Non
1304 1830 1428 1907 absque
1441 1831 1553 1893 dolore
1568 1831 1677 1892 cordis
1693 1831 1725 1893 et
1739 1829 1882 1906 plurima
1897 1833 1979 1890 tur-

1174 1926 1308 1988 batione
1333 1927 1520 2000 didicimus,
1552 1927 1637 2004 quod
1661 1928 1708 1988 ita
1732 1928 1767 1987 in
1801 1925 1978 2002 plerisque

1174 2023 1322 2100 partibus
1350 2025 1576 2086 ecclesiastica
1606 2038 1745 2085 censura
1776 2022 1978 2084 dissolvitur

1174 2121 1207 2180 st
1221 2121 1390 2182 canonicas
1408 2121 1580 2183 sententiae
1600 2120 1761 2182 severitas
1776 2122 1974 2187 enervatur,

1175 2219 1209 2277 ui
1223 2217 1287 2278 viri
1302 2217 1451 2293 religiosi
1466 2220 1499 2279 ei
1509 2219 1543 2278 hi
1555 2217 1710 2288 maxime,
1728 2217 1784 2294 qui
1801 2231 1858 2293 per
1872 2217 1975 2277 Sedis

324 2313 443 2374 neiicia
468 2314 666 2390 persolverit
688 2314 871 2385 annuatim,
898 2315 1071 2390 septimam
1087 2314 1117 2375 ei
1173 2315 1369 2391 apostoncae
1403 2315 1578 2392 privilegia
1606 2315 1724 2392 majori
1749 2313 1860 2376 donati
1889 2316 1975 2374 sunt

323 2411 449 2485 partem
465 2409 622 2486 injunctae
638 2409 701 2470 sibi
716 2411 919 2486 poenitentiae
935 2409 1055 2472 contisi
1078 2410 1119 2471 de
1172 2409 1335 2484 libertate,
1352 2413 1475 2488 passim
1495 2427 1515 2472 a
1537 2411 1805 2472 malefactoribus
1828 2411 1898 2471 suis
1913 2410 1974 2470 in-

323 2507 494 2568 beatorum
513 2507 601 2568 Petri
617 2508 650 2568 et
665 2507 760 2568 Pauli
776 2507 1001 2583 apostolorum
1017 2508 1119 2568 meri·
1168 2509 1277 2584 jnrias
1296 2509 1460 2570 sustinent
1478 2509 1512 2572 et
1531 2509 1678 2585 rapinas,
1695 2507 1772 2568 dum
1787 2508 1844 2568 vix
1862 2509 1967 2568 inve-

324 2604 367 2665 tis
383 2603 604 2679 indulgemus.
620 2604 678 2663 Cui
693 2603 803 2675 etiam,
817 2620 915 2681 quum
936 2619 1011 2664 eum
1033 2605 1117 2664 mori
1148 2591 1149 2594 '
1172 2605 1274 2673 nitur,
1291 2606 1346 2682 qui
1366 2589 1512 2681 congrua
1536 2605 1604 2666 illis
1623 2605 1826 2682 protectione
1843 2604 1973 2665 subve-

325 2701 511 2776 contigerit,
541 2701 570 2761 si
591 2701 701 2762 tamen
726 2715 787 2761 nec
812 2701 1116 2761 excommunicatus
1173 2701 1252 2772 niat,
1274 2704 1307 2762 et
1330 2717 1389 2778 pro
1414 2701 1554 2764 fovenda
1570 2717 1752 2778 pauperum
1776 2701 1972 2761 innocentia

326 2814 387 2858 nec
402 2798 597 2859 nominatim
620 2797 721 2859 fuerit
745 2797 950 2868 interdictus,
974 2800 1033 2858 aut
1052 2815 1116 2873 pu·
1172 2813 1206 2858 se
1227 2814 1356 2858 murum
1372 2799 1573 2860 detensionis
1593 2799 1746 2874 opponat.
1770 2797 1972 2872 Specialiter

323 2895 409 2955 blice
429 2893 614 2965 usurarius,
634 2893 804 2970 sepultura
815 2894 1039 2956 ecclesiastica
1050 2908 1115 2956 non
1171 2896 1280 2956 autem
1296 2896 1407 2956 dilecti
1427 2895 1488 2956 filii
1504 2895 1624 2956 iratres
1639 2894 1819 2971 Hospitalis
1836 2895 1969 2955 Sanctae

325 2993 474 3069 negetur.
1171 2991 1572 3053 Mariae'lheutonicorum
1582 2991 1968 3067 Hierosolymitani,tam

362 3091 442 3150 (lum
453 3091 563 3151 autem
577 3087 698 3150 fratres
708 3089 814 3166 ipsius
823 3089 1116 3165 HospitalisTheu-
1170 3088 1210 3148 de
1231 3088 1455 3164 frequentibus
1476 3088 1608 3166 injuriis
1623 3103 1721 3166 quam
1737 3089 1776 3148 de
1790 3089 1862 3164 ipso
1877 3103 1965 3164 quo-

321 3189 518 3259 tonicorum,
540 3187 596 3263 qui
617 3185 658 3247 ad
678 3187 849 3248 collectam
871 3187 1114 3264 suscipiendam
1170 3185 1297 3246 tidiano
1319 3185 1448 3247 defectu
1459 3185 1600 3263 justitiae
1615 3187 1865 3261 conquerentes,
1880 3185 1963 3244 uni-

321 3285 477 3346 destinati
501 3285 635 3356 fuerint,
667 3285 702 3344 in
732 3284 910 3356 civitatem,
943 3283 1115 3345 castellum
1170 3282 1360 3344 versitatum
1376 3283 1519 3344 vestram
1540 3281 1661 3344 litteris
1677 3283 1844 3358 petierunt
1855 3283 1964 3358 Apos-

320 3383 373 3443 vel
386 3382 495 3442 vicum
512 3381 719 3448 advenerint,
735 3382 763 3441 si
776 3380 860 3442 forie
876 3381 968 3443 locus
985 3381 1042 3442 ille
1057 3381 1113 3440 in·
1170 3380 1278 3441 tolicis
1294 3379 1446 3450 excitari,
1464 3381 1499 3441 ut
1512 3381 1559 3440 ita
1573 3379 1728 3439 videlicet
1739 3379 1789 3440 eis
1801 3379 1837 3439 in
1853 3377 1966 3440 tribu-

320 3477 479 3539 terdictus
492 3478 547 3550 sit,
564 3479 597 3538 in
612 3479 886 3554 eorumjucundo
899 3479 1042 3539 adventu
1056 3495 1114 3554 pro
1169 3476 1349 3539 lationibns
1377 3478 1448 3538 suis
1475 3478 1590 3538 contra
1623 3475 1852 3538 malefactores
1886 3491 1966 3536 suos

320 3575 426 3650 ipsius
441 3574 622 3650 Hospitalis
643 3574 769 3635 honora
788 3576 822 3637 et
841 3575 1031 3635 eorumdem
1046 3576 1114 3635 mi·
1170 3577 1319 3650 prompta
1349 3573 1496 3635 debeatis
1528 3573 1800 3650 magnanimitate
1826 3588 1968 3634 consur-

322 3671 415 3732 litum
431 3671 630 3744 reverentia,
644 3672 747 3731 semel
762 3671 798 3731 in
819 3687 907 3733 anno
922 3673 1115 3748 aperiantur
1169 3686 1258 3746 gere,
1277 3671 1363 3746 quod
1385 3670 1425 3730 ab
1441 3671 1615 3745 angustiis,
1637 3685 1719 3746 quas
1736 3670 1909 3741 sustinent,
1931 3673 1966 3732 et

240 3781 243 3792 ‘
321 3768 483 3840 ecclesiae,
500 3769 542 3839 et,
559 3768 855 3830 excommunicatis
872 3771 905 3830 et
919 3768 1114 3830 nominatim
1169 3767 1467 3845 pressuris,vestro
1479 3767 1608 3843 possint
1616 3767 1771 3843 praesidio
1780 3767 1964 3842 respirare;

321 3865 506 3926 interdictis
519 3866 675 3937 exclusis,
693 3865 806 3926 divina
822 3865 929 3926 cilicia
945 3865 1116 3928 celebren-
1169 3864 1311 3942 ideoque
1329 3865 1539 3926 universitati
1559 3865 1679 3924 vestrae
1699 3878 1758 3940 per
1776 3864 1964 3940 Apostolica

320 3966 386 4024 tur.
410 3965 489 4035 Quae
514 3979 592 4024 vero
617 3963 656 4024 de
677 3978 742 4024 non
765 3965 1058 4026 excommunicatis
1082 3966 1116 4025 et
1170 3963 1294 4038 scripta
1315 3961 1509 4023 mandamns
1524 3962 1622 4037 atqua
1643 3961 1864 4037 praecipimus,
1881 3977 1964 4038 qua-

320 4060 515 4122 nominatim
540 4060 736 4132 interdictis,
753 4061 943 4123 eorumdem
972 4063 1113 4123 militum
1169 4061 1266 4121 tenus
1289 4059 1376 4130 illos,
1399 4059 1455 4137 qui
1478 4059 1717 4135 possessiones,
1741 4059 1795 4118 vel
1815 4074 1879 4129 res,
1904 4073 1964 4118 seu

321 4157 478 4219 fratribus
490 4158 724 4220 ecclesiasticae
741 4159 921 4236 sepulturae
932 4160 1112 4227 tradendis,
1170 4157 1283 4217 domos
1304 4156 1536 4232 praedictorum
1559 4156 1697 4216 fratrum
1717 4155 1769 4216 vel
1794 4155 1961 4215 hominum

320 4258 353 4317 et
366 4257 517 4317 ecclesiis
534 4256 568 4316 in
584 4272 699 4316 eorum
714 4255 869 4328 adventu,
886 4257 1115 4318 excommuni-
1170 4269 1305 4314 suorum
1325 4255 1549 4314 irreverenter
1569 4253 1755 4314 invaserint
1778 4253 1829 4312 vel
1851 4267 1891 4312 ea
1909 4252 1962 4311 in-

319 4353 403 4414 eatis
437 4354 470 4413 et
490 4352 696 4414 nominatim
732 4353 917 4415 interdictis
955 4353 1111 4425 exclusis,
1165 4353 1254 4427 juste
1277 4350 1490 4420 detinuerint,
1514 4365 1587 4426 quae
1612 4349 1779 4426 praedictis
1804 4347 1960 4410 fratribus

319 4449 420 4510 semel
431 4448 619 4524 aperiendis
634 4465 653 4509 a
667 4450 763 4510 nobis
779 4451 901 4511 statuta
916 4451 1004 4522 sunt,
1018 4450 1113 4510 vobis
1169 4461 1212 4507 ex
1233 4447 1430 4507 testamento
1459 4445 1686 4507 decedentium
1718 4445 1957 4522 relinquuntur,

318 4546 578 4623 archiepiscopis
592 4545 625 4606 et
641 4545 804 4622 episcopis
820 4545 1008 4606 mandando
1022 4561 1112 4622 prae-
1169 4559 1228 4603 seu
1241 4543 1276 4602 in
1291 4545 1381 4619 ipsos
1394 4543 1513 4604 iratres
1526 4545 1640 4606 contra
1655 4542 1852 4619 Apostolicae
1869 4541 1959 4602 Sedis

319 4643 471 4719 cipimus,
497 4643 534 4704 ut
552 4656 612 4718 per
635 4643 764 4702 vestras
786 4642 962 4717 parochias
982 4640 1113 4706 faciatis
1167 4640 1294 4701 indulta
1318 4641 1516 4701 sententiam
1539 4639 1890 4701 excommunicationis
1905 4641 1960 4699 aui

318 4739 596 4825 irreibagabiliter
609 4737 792 4810 observari,
811 4737 903 4799 salva
913 4739 948 4798 in
961 4739 1113 4801 omnibus
1167 4737 1333 4797 interdicti
1359 4738 1631 4815 praesumpserint
1655 4737 1875 4813 promulgare,
1909 4736 1958 4796 vel

319 4835 544 4897 moderatione
577 4834 717 4896 concilii
742 4825 921 4910 generalis.
947 4839 1112 4898 Praeterea
1168 4819 1312 4895 de'cimas
1333 4835 1483 4895 laborum
1497 4835 1536 4896 de
1555 4833 1822 4911 possessionibus
1841 4831 1958 4895 habitis

320 4931 520 4994 fraternitati
529 4933 649 4994 vestrae
662 4931 810 5007 rogando
821 4932 1113 5011 mandemusque·
1168 4935 1244 4993 ante
1268 4931 1451 4992 Concilium
1473 4932 1641 5007 generale,
1668 4929 1957 4993 seu-nutrimentis

318 5032 417 5092 tenus
440 5043 602 5106 personas
630 5030 663 5090 et
686 5028 772 5089 bona
795 5045 909 5092 eorum
934 5047 993 5108 pro
1017 5047 1113 5093 reve-
1167 5029 1326 5105 ipsorum,
1366 5029 1486 5104 spretis
1535 5029 1720 5105 privilegiis
1764 5027 1958 5103 Apostolicae

319 5127 428 5188 rentia
451 5125 537 5187 beati
564 5125 653 5187 Petri
673 5128 706 5189 et
725 5127 836 5188 nostra
856 5129 1110 5202 manuteneatis,
1168 5125 1272 5197 Sedis,
1295 5129 1505 5202 extorquere,
1522 5125 1705 5188 monitione
1727 5124 1911 5201 praemissa,
1931 5123 1959 5184 si

319 5225 352 5284 et
368 5221 494 5282 nullam
519 5221 567 5281 eis
584 5221 735 5296 irrogare
755 5221 924 5282 laesionem
948 5224 1000 5284 vel
1021 5223 1111 5300 iniu-
1167 5223 1245 5284 laici
1260 5223 1393 5292 fuerint,
1412 5222 1542 5298 publice
1557 5221 1704 5282 candelis
1720 5221 1882 5288 accensis,
1898 5236 1958 5281 ex-

318 5321 403 5382 riam
418 5317 626 5395 permittatis.
639 5318 756 5379 Datum
774 5319 940 5392 Laterani,
954 5323 1043 5381 XVII
1056 5320 1112 5382 ka·
1167 5319 1476 5380 communicationis
1509 5319 1673 5380 sententia
1702 5318 1907 5396 percellatis;
1932 5318 1958 5378 si

318 5417 434 5479 lendes
463 5415 640 5484 februarii,
661 5415 873 5492 pontificatus
899 5418 1004 5480 nostri
1024 5433 1112 5479 anno
1166 5432 1245 5478 vero
1256 5417 1380 5487 clerici,
1395 5417 1447 5478 vel
1465 5416 1617 5478 canonici
1628 5416 1809 5492 regulares,
1825 5431 1884 5476 seu
1896 5431 1960 5476 mo·

321 5515 447 5592 quinto.
1167 5515 1267 5575 nacbi
1292 5515 1425 5586 luerint,
1449 5530 1507 5575 eos
1528 5514 1751 5591 appellatione
1769 5513 1895 5574 remota
1919 5513 1958 5573 ab

1166 5611 1274 5673 cilicio
1288 5614 1319 5673 et
1329 5611 1490 5673 beneflcio
1502 5611 1724 5688 suspendatis,
1742 5611 1893 5672 neutram
1906 5626 1959 5671 re-
