4250 6404
305 238 344 295 83
369 250 377 274 s
445 229 449 236 ⁴
923 234 1099 300 HONORII
1122 235 1167 292 111
1189 233 1337 299 OPERA.
1915 240 1954 297 84

307 393 388 464 rari,
405 393 469 465 cui,
483 392 678 470 disponente
689 391 840 464 Domino,
855 392 890 452 in
901 389 1101 468 pontificalis
1132 447 1133 452 ,
1156 392 1321 463 venerari,
1341 391 1426 469 quod
1443 392 1589 454 doceatis
1602 393 1686 456 alios
1697 409 1753 469 per
1765 395 1953 470 exemplum
2061 456 2071 473 ‚

307 491 408 552 oflicii
450 505 552 551 onere
591 489 797 562 successisti,
839 489 1101 550 sacratissimum
1153 474 1315 566 parantum
1339 505 1413 550 esse
1438 489 1556 551 debeat
1577 489 1717 552 celebris
1740 508 1799 569 per
1822 492 1953 554 diversa

308 602 428 664 corpus
456 590 529 664 ejus
552 586 727 648 sublevare
750 587 906 663 proponis
935 585 976 646 de
998 588 1099 657 terra,
1157 587 1270 646 mundi
1295 587 1429 648 climata
1454 587 1585 663 praefati
1612 590 1767 666 martpris
1794 590 1952 650 memoria

306 683 480 762 ipsumque
512 684 710 746 translatum
737 682 967 744 honorabilius
993 683 1100 744 collo·
1156 683 1311 758 gloriosa.
1330 685 1447 746 Datum
1465 684 1620 745 Laterani
1636 686 1776 762 septimo
1791 685 1951 748 kalendas

234 817 244 832 ,ι
309 797 398 852 care,
424 798 524 857 quum
547 781 682 857 dignum
704 779 762 842 tibi
788 780 821 841 et
841 780 1025 842 condecens
1049 780 1102 840 vi·
1152 782 1302 857 januarii
1316 783 1528 858 pontificatus
1542 783 1753 844 annotertio.

306 878 424 938 deatur
450 877 557 947 illum,
592 880 751 954 quantum
784 877 820 937 in
851 878 884 938 te
912 876 1102 938 interfuerit

303 973 453 1044 exaitare
475 975 509 1034 in
535 978 636 1047 terra,
661 990 758 1051 quem
782 975 818 1035 in
842 974 926 1036 coelo
943 974 1100 1049 dignatus
1455 931 1656 1017 LXXXIII

305 1071 356 1134 est
387 1072 593 1148 omnipotens
631 1073 790 1133 Dominus
823 1072 1000 1146 honorare.
1032 1073 1101 1132 Nos
1207 1055 1470 1128 coepiscopum
1485 1057 1628 1116 electum
1643 1059 1897 1117 Beliacc’iwem·

305 1161 408 1244 igitur
421 1169 513 1245 pium
537 1171 570 1230 et
594 1168 762 1230 laudabile
782 1171 875 1231 tuum
896 1169 1100 1245 propositum
1242 1171 1247 1184 '
1415 1167 1450 1224 29
1464 1165 1594 1224 decemb.
1611 1167 1691 1225 ists.

304 1265 415 1340 dignis
437 1266 472 1327 in
490 1267 629 1328 Domino
645 1265 798 1327 laudibus
819 1266 1098 1336 commendantes,
1179 1260 1296 1324 [nasse.
1313 1260 1501 1326 lib.111‚0pist.
1516 1263 1932 1328 lvs.nss.nsr0nscarnsi1.]

306 1361 506 1424 fraternitati
516 1364 582 1424 tuae
597 1379 657 1440 per
668 1361 857 1440 Apostolica
870 1363 993 1440 scripta
1007 1378 1102 1423 man·
1187 1358 1342 1417 conbrmat
1359 1360 1576 1417 concessionem
1592 1360 1737 1418 vicesima
1751 1361 1923 1436 colligenda

306 1459 433 1532 damus,
451 1461 612 1536 quatenus
635 1461 832 1522 auctoritate
851 1461 965 1522 nostra
982 1459 1102 1519 sufful-
1466 1449 1494 1504 ¹ss
1511 1450 1640 1506 Fiiiicii·

304 1555 620 1634 sanctimonalies
635 1557 1103 1627 benedictionemunitus,re-
1196 1547 1374 1618 Honorius,
1392 1548 1467 1618 etc,
1484 1547 1606 1610 dilecto
1620 1548 1726 1610 flliou-
1748 1548 1853 1612 electo
1871 1550 1957 1612 Bel-

305 1655 461 1715 rerenter
475 1653 601 1716 efficias
613 1670 713 1731 super
730 1654 793 1716 hoc
806 1653 892 1730 quod
912 1654 947 1714 in
967 1653 1101 1713 nomine
1157 1657 1271 1702 licen·

251 1823 252 1829 ,
306 1749 437 1810 Domini
453 1751 610 1812 intendis.
632 1752 751 1812 batum
766 1751 933 1820 Laterani,
952 1752 1011 1810 vii
1031 1749 1099 1812 kal.
1196 1738 1397 1799 Vicesimum
1411 1739 1445 1800 in
1461 1740 1635 1802 Belvscen·
1652 1742 1685 1802 et
1700 1744 1836 1802 Remea.
1854 1742 1950 1804 dioec.

301 1847 464 1922 januarii,
482 1847 692 1924 pontificatus
706 1849 812 1908 nostri
831 1863 918 1908 nnn
931 1848 1040 1909 tertio.
1157 1849 1229 1894 cum
1244 1837 1384 1911 pecunia
1397 1837 1535 1898 collecta
1550 1839 1583 1899 ct
1597 1838 1783 1912 colliseris
1798 1840 1832 1900 in
1846 1841 1954 1900 sran-

345 1947 388 2004 ln
415 1949 575 2006 eumdem
596 1947 671 2018 sepe
699 1949 840 2005 mogum
867 1945 1027 2020 seriptum
1052 1946 1103 2006 est
1156 1932 1207 1993 cia
1230 1932 1396 1994 devotioni
1419 1932 1485 1994 tuae
1505 1935 1714 1995 meminimus
1734 1937 1954 1998 concessisse.

306 2040 473 2101 universis
510 2041 633 2102 cnnsn
670 2040 823 2101 nantinus
856 2039 1035 2112 sonitibus,
1069 2047 1102 2101 st
1156 2031 1235 2088 cum
1257 2032 1368 2090 antem
1393 2029 1552 2092 nonensis
1573 2032 1759 2108 principum
1783 2033 1956 2110 interpre-

306 2137 383 2202 nns
402 2153 462 2214 per
481 2138 635 2214 nagnam
658 2137 857 2209 constituos,
876 2141 1102 2214 nsqnszcan-
1155 2125 1255 2186 tanna
1270 2126 1337 2187 snt
1352 2129 1444 2202 rar-gs
1460 2148 1468 2186 τ
1484 2128 1659 2204 pecuniam
1684 2145 1813 2206 quoqne
1832 2131 1955 2192 collec-

307 2236 426 2298 tuayva
444 2236 567 2296 cantus
588 2250 673 2296 arae,
690 2236 893 2305 vosautem,
909 2235 1056 2311 inquam,
1072 2234 1099 2293 si
1155 2223 1234 2294 tarn
1248 2224 1282 2284 et
1290 2223 1509 2300 colligendam
1523 2225 1558 2285 in
1571 2226 1739 2300 praedictis
1752 2227 1951 2289 dioecesibus

307 2331 484 2406 diligenter
497 2331 668 2394 attenditis
681 2332 770 2392 bunc
785 2331 956 2401 honorem,
971 2332 1099 2406 gratia·
1156 2335 1215 2395 pro
1238 2320 1465 2396 redemptione
1489 2325 1657 2393 votorum,
1692 2323 1769 2395 tibi,
1796 2326 1888 2385 Silvo
1912 2341 1953 2386 θθ

306 2445 381 2492 rum
409 2429 558 2490 actiones
586 2428 738 2490 aestans
765 2428 916 2504 largitori
940 2428 1099 2489 sonorum
1156 2416 1242 2493 quoa
1260 2419 1330 2494 jan
1346 2418 1416 2494 regi
1439 2419 1674 2490 concessimus.
1692 2420 1763 2496 part
1783 2421 1879 2481 mono
1893 2438 1955 2481 vo-

307 2525 453 2588 omnium
479 2525 671 2593 exsolvetis,
690 2525 744 2586 gui
770 2541 840 2596 vos,
870 2540 913 2586 ex
942 2524 1100 2601 impensae
1156 2514 1264 2574 lunius
1277 2515 1662 2591 assignari,p01esiiiiem
1676 2517 1814 2592 cogendi
1828 2518 1868 2578 ad
1880 2521 1953 2596 ejus

306 2621 548 2688 benedictionis
567 2621 675 2698 gratia
699 2625 797 2684 ierrae
820 2623 938 2684 vestrae
964 2622 1103 2698 potastis
1156 2611 1353 2674 solutionem
1380 2611 1531 2683 rebelles,
1557 2613 1617 2673 tibi
1644 2614 1842 2676 auctoritate
1861 2632 1952 2692 prae-

307 2735 508 2796 cognoscere
524 2719 700 2790 debitores,
716 2721 752 2781 ut
762 2719 1010 2795 ingratitudinis
1023 2720 1099 2780 evi·
1156 2707 1310 2779 sentium»
1328 2710 1549 2785 dibelliiifflie
1564 2711 1746 2786 postposita
1761 2713 1952 2774 conceden-

306 2818 382 2879 tetis
398 2817 527 2888 vitium,
548 2819 581 2878 et
602 2817 738 2892 possitis
758 2817 866 2878 devoti
887 2817 947 2878 lilii
971 2831 1101 2877 nuncu·
1155 2807 1216 2866 108·
1242 2808 1361 2868 Datum
1385 2807 1551 2879 Laterani,
1570 2810 1613 2869 IV
1626 2807 1953 2886 kil-januariianno

306 2915 390 2991 pari.
405 2916 445 2976 Et
455 2915 586 2992 quidem
602 2914 631 2974 si
644 2913 734 2975 omni
747 2915 894 2990 tempore
907 2929 990 2989 puro
1002 2914 1101 2976 corde
1155 2902 1265 2964 tertio.

306 3010 515 3082 benedicere,
529 3027 568 3072 ac
577 3011 742 3071 honorare
756 3008 929 3072 Dominum
941 3009 1098 3082 debeatis,
1457 2991 1650 3079 LXXXIV

306 3107 390 3170 istas
403 3109 515 3170 tamen
530 3107 698 3184 praecipue
711 3122 770 3169 vos
783 3109 912 3183 oportet
925 3110 1033 3168 vestes
1048 3109 1102 3168 in·
1195 3117 1247 3174 Ad
1269 3115 1547 3187 cisterciensem,
1577 3120 1861 3177 clarevallensem
1880 3117 1914 3178 ct

306 3204 408 3266 duere
421 3205 598 3281 nuptiales,
617 3207 649 3266 et
670 3220 745 3265 cum
756 3204 964 3281 jucunditate
978 3205 1013 3264 in
1026 3205 1102 3266 lau·
1384 3213 1558 3276 Qntrtctaci
1577 3213 1723 3272 abbates.

307 3301 365 3362 des
392 3305 502 3363 vestro
527 3316 703 3377 assurgere
728 3301 892 3376 Creatori3
918 3317 993 3362 cum
1016 3317 1100 3363 ven-
1417 3322 1595 3381 pppecemp
1613 3324 1693 3381 liis.

307 3401 393 3462 turae
424 3399 612 3461 festivitatis
636 3398 826 3460 veneranda
850 3399 1043 3460 solemnitas
1068 3398 1100 3460 id
1157 3418 1552 3480 [tinsrronnnsummintnat.
1564 3421 1953 3485 uss.sn0.r0nas1st.,ssean‚

289 3497 476 3572 exposcat.
501 3498 588 3558 Sane
607 3493 791 3556 venerabili
810 3495 913 3556 fratre
932 3498 1045 3558 nostro
1065 3499 1098 3557 S.
1506 3514 1531 3563 p.
1547 3499 1599 3564 sn]

307 3592 539 3657 cantuariensi
573 3593 836 3670 archiepiscopo,
871 3596 995 3654 sanctae
1033 3595 1101 3654 Ro-
1155 3586 1952 3664 Erganrardnmtenranaatrntnppmnnuxorenejus

306 3705 414 3750 manae
434 3691 592 3753 Ecclespae
611 3689 776 3751 cardinali
791 3706 898 3767 nuper
911 3691 1100 3767 accepimus
1173 3677 1335 3733 relaxentur
1349 3677 1508 3744 senoentie,
1521 3678 1632 3750 treugis
1647 3677 1726 3734 initis
1741 3679 1814 3734 inter
1827 3686 1932 3751 parles.

306 3786 492 3855 intimante,
515 3787 600 3864 quod
624 3787 712 3848 idem
736 3787 851 3848 volens
871 3787 1045 3848 ostendere
1065 3788 1099 3848 in
1195 3785 1372 3856 Honorius,
1399 3787 1474 3855 etc,
1501 3784 1629 3846 dilectis
1645 3785 1723 3846 filiis
1746 3786 1951 3858 cistercien..

305 3883 426 3945 effectu
441 3884 563 3960 quanto
586 3883 769 3944 devotionis
790 3883 921 3946 fervore
943 3885 1099 3960 martyris
1156 3881 1374 3941 Clarerallen.
1392 3884 1424 3942 et
1439 3881 1610 3952 Quinciaci
1627 3881 1800 3944 abbatibus
1825 3883 1953 3944 Cister-

306 3980 486 4056 supradicti
516 3981 710 4042 memoriam
730 3983 916 4052 veneretur,
942 3981 1101 4042 sacratis·
1155 3977 1239 4038 cien.
1259 3978 1385 4038 ordinis
1409 3978 1561 4040 dioecesis
1583 3979 1721 4053 Lingon.
1743 3985 1774 4040 et
1793 3980 1953 4041 Catalau-

306 4079 426 4138 simum
448 4093 568 4154 corpus
590 4079 663 4154 ejus
687 4077 861 4138 sublevare
883 4079 1037 4154 proponit
1060 4077 1100 4138 de
1155 4075 1392 4146 nen.,salutem
1406 4078 1439 4137 et
1448 4075 1662 4151 apostolicam
1674 4075 1949 4138 benedictionem.

304 4175 407 4246 terra,
436 4175 609 4252 ipsumque
641 4176 836 4237 manslatum
871 4174 1099 4236 honorabilius
1195 4173 1354 4247 Experto
1375 4172 1497 4234 nobilis
1515 4173 1580 4232 viri
1600 4173 1715 4234 Erardi
1732 4172 1772 4232 de
1791 4175 1898 4234 Brena
1920 4175 1953 4236 et

307 4272 481 4343 collocare,
501 4288 600 4349 quum
615 4273 751 4348 dignum
771 4272 846 4342 sibi,
863 4273 896 4334 et
914 4272 1099 4333 condecens
1156 4269 1216 4328 Pb.
1233 4269 1347 4329 uxoris
1363 4269 1468 4345 ipsius
1483 4269 1578 4330 nobis
1594 4269 1656 4331 fuit
1676 4269 1847 4330 humiliter
1868 4287 1951 4348 sup-

306 4369 458 4430 rideatur
476 4368 569 4428 illum
591 4369 930 4443 quantumineoest,
950 4370 1100 4430 exaltare
1155 4366 1312 4442 plicatum
1336 4367 1382 4438 ut,
1400 4381 1473 4428 cum
1505 4367 1680 4428 occasione
1714 4369 1951 4454 controversiae

308 4465 342 4525 in
359 4466 574 4540 terracmam
593 4465 627 4524 in
647 4464 730 4524 ctelo
750 4465 908 4524 Dominus
928 4467 1096 4549 exaltavit.
1155 4479 1228 4540 quae
1254 4463 1342 4525 inter
1365 4465 1455 4540 ipsos
1476 4480 1518 4525 ex
1541 4465 1633 4541 parte
1658 4480 1723 4525 una
1749 4465 1782 4525 et
1805 4464 1950 4525 nobilem

307 4563 376 4624 Nos
392 4561 494 4636 igitur
508 4561 609 4637 pium,
627 4561 660 4621 et
674 4561 840 4622 laudabile
857 4561 1099 4640 archiepiscopi
1155 4561 1328 4622 mulierem
1351 4562 1553 4623 comitissam
1569 4562 1757 4640 Campaniae
1777 4577 1816 4622 ac
1838 4563 1951 4624 nalum

307 4659 479 4720 memorati
495 4658 698 4734 propositum
719 4659 942 4735 acceptantes,
963 4661 1102 4722 univer·
1155 4660 1226 4734 ejus
1250 4675 1292 4719 ex
1314 4656 1419 4719 altera
1434 4657 1584 4729 vertitur,
1602 4659 1777 4734 multiplici
1800 4659 1865 4721 sint
1883 4660 1950 4720 tam

306 4755 436 4817 sitatem
458 4755 602 4816 vestram
624 4754 805 4827 hortamur,
828 4771 886 4832 per
909 4759 1100 4834 Apostolica
1155 4755 1220 4830 ipsi
1240 4769 1337 4832 quam
1363 4753 1530 4830 adjutores
1550 4769 1664 4815 eorum
1683 4756 1953 4818 excommunica-

308 4853 402 4912 vobis
424 4853 546 4928 scripta
570 4851 776 4924 mandantes
797 4855 960 4931 quatenus
985 4873 1099 4934 pacem
1155 4853 1244 4914 tione
1273 4851 1367 4926 ligati
1393 4853 1426 4913 et
1455 4853 1545 4914 terra
1574 4867 1689 4914 eorum
1718 4853 1761 4914 sit
1782 4854 1951 4929 supposita

307 4951 455 5011 mutuam
467 4949 720 5010 etconcordiam
733 4951 767 5010 in
781 4951 954 5014 charitatis
967 4955 1100 5015 vinculo
1155 4947 1381 5010 ecclesiastico
1396 4947 1585 5020 interdicto,
1605 4948 1731 5024 treugis
1756 4965 1844 5010 nunc
1859 4951 1953 5010 initis

308 5048 555 5118 conservantes,
581 5049 709 5108 vestras
733 5049 953 5110 conscientias
973 5051 1100 5111 cunctis
1155 5046 1242 5106 inier
1271 5046 1393 5120 partes
1430 5045 1614 5107 faceremus
1647 5046 1829 5108 sententias
1861 5047 1951 5124 ipsas

307 5141 580 5221 perversitatibus
595 5142 748 5219 expietis,
776 5145 809 5205 et
823 5145 871 5205 sic
883 5160 942 5206 vos
954 5145 989 5204 in
1004 5145 1099 5206 bonis
1151 5143 1247 5218 juxta
1280 5141 1419 5203 formam
1452 5142 1608 5204 Ecclesia
1641 5143 1802 5204 relaxari.
1835 5144 1951 5205 Nuntii

307 5240 467 5304 studeatis
490 5239 645 5316 operibus
672 5253 840 5312 exercere,
868 5240 906 5302 ut
931 5257 1006 5302 cum
1029 5240 1100 5302 dies
1155 5253 1234 5300 vero
1249 5238 1428 5300 comitisse
1442 5239 1658 5315 praedictam
1674 5242 1787 5301 nostra
1803 5257 1953 5316 prasen-

306 5339 412 5416 ipsius
432 5335 650 5398 solemnitatis
672 5337 854 5408 advenerit,
870 5338 906 5397 in
927 5351 1100 5398 occursum
1154 5335 1201 5398 tia
1226 5335 1396 5397 constituti
1410 5337 1570 5409 relaxari,
1596 5337 1788 5414 hujusmodi
1813 5341 1950 5399 scamn-

307 5435 410 5498 vestri
436 5433 639 5496 sanctissimi
657 5431 814 5511 martyris
830 5435 862 5494 et
886 5433 1028 5510 patroni,
1047 5433 1101 5510 ip-
1155 5433 1328 5510 tiasjuxta
1342 5431 1481 5496 formam
1501 5434 1540 5494 in
1560 5434 1686 5510 treugis
1699 5449 1894 5511 expressam
1918 5437 1952 5498 et

308 5547 381 5592 sum
409 5531 543 5610 possitis
569 5529 822 5598 honorificentia
853 5529 962 5594 debita
989 5530 1102 5593 taliter
1155 5531 1190 5592 in
1219 5531 1337 5594 litteris
1370 5531 1470 5594 altius
1498 5531 1631 5607 scriptis
1660 5532 1847 5596 contentam
1876 5550 1950 5596 cunr
