4230 6388
178 305 246 378 781,
805 309 1031 372 EPISTOLAE.
1056 312 1134 374 LIB.
1151 313 1195 372 ·V.
1758 313 1819 376 782

173 463 375 541 suscipimus
387 485 395 527 ε
408 465 600 542 specialiter
609 467 721 528 autem
740 466 916 528 ecclesiam
931 469 971 530 de
987 491 990 499 ·
1065 473 1133 547 Ego
1149 470 1337 548 Stephanus
1351 475 1383 536 S.
1394 474 1533 536 Adriani
1549 474 1633 536 diac.
1647 475 1737 536 card.
1798 501 1801 508 ·

174 559 358 622 Glanardoi
384 576 458 622 cum
484 562 696 640 pertinentiis
723 563 803 634 suis,
829 563 923 626 uobis
951 580 971 626 a
1065 570 1183 630 Datum
1198 572 1354 632 Laterani
1365 588 1424 648 per
1436 588 1571 634 manum
1582 572 1684 634 Uviili
1694 573 1817 636 sancte

173 657 358 718 venerabili
382 657 486 719 iratre
520 659 634 720 nostro
659 659 815 738 episeopo
840 660 971 721 Frisin-
1025 669 1182 728 Romanae
1198 667 1354 730 Ecclesiae
1368 669 1685 742 vicecancellariiv
1699 669 1819 730 balen-

172 754 279 829 gensi,
308 753 350 816 de
372 755 510 834 capituli
533 756 586 818 sui
612 771 777 818 consensu
801 755 968 830 collatam,
1025 763 1085 826 das
1123 764 1215 835 maii,
1243 765 1426 828 indictione
1455 769 1509 839 ΙΙΙ,
1535 765 1700 828 incarnat.
1725 768 1817 828 Dom.

173 851 261 912 sicut
279 866 353 913 sam
365 853 454 932 juste
467 869 506 914 ac
521 853 659 930 pacifice
672 854 860 930 possidetis
872 854 967 916 vobis
1024 855 1195 932 MC'CXXI,
1219 862 1429 937 pontificatus
1451 863 1577 925 domini
1602 862 1741 926 Honorii
1758 879 1820 940 pa·

173 947 208 1009 et
227 962 288 1026 per
309 964 369 1011 vos
398 950 516 1022 eidem,
542 951 745 1014 monasterio
771 952 970 1014 auctoritate
1024 971 1075 1032 pae
1090 960 1135 1018 ΙΙΙ
1151 973 1239 1020 auno
1260 960 1386 1035 quinto.

172 1044 364 1122 Apostolica
379 1045 656 1108 confirmamuset
665 1049 839 1122 praesentis
855 1048 969 1125 scripti

172 1142 358 1218 patrocinio
372 1143 626 1204 communimus.
639 1144 731 1204 Nulli
744 1161 824 1221 ergo
835 1145 969 1208 omnino

171 1238 346 1302 bominum
361 1240 462 1302 liceat
480 1239 567 1302 banc
579 1242 736 1317 paginam
753 1242 876 1326 nostrae
891 1258 970 1320 pro-

172 1333 327 1396 tectionis
342 1335 375 1398 et
391 1336 654 1398 confirmationis
672 1335 856 1412 infringere
870 1338 924 1399 vel
939 1338 969 1398 ei

171 1445 258 1492 ausu
281 1431 461 1494 temerario
488 1432 664 1494 contraire.
693 1433 730 1494 Si
759 1434 833 1510 quis
859 1435 969 1496 autem

172 1526 237 1588 boo
249 1528 415 1590 attentare
428 1529 688 1606 praesumpserit,
709 1529 969 1606 indignationem

171 1624 410 1704 omnipotentis
421 1626 483 1691 Dei
497 1628 530 1688 et
541 1626 713 1688 beatorum
724 1627 814 1688 Petri
828 1629 861 1688 et
873 1628 970 1688 Pauli

172 1721 398 1798 apostolorum
427 1725 500 1800 eJ'us
522 1738 558 1784 se
587 1724 719 1785 noverit
741 1724 966 1786 incursurum.

79 1805 91 1831 ¹
213 1819 332 1878 Datum
352 1819 518 1893 Laterani,
534 1821 563 1880 V
575 1819 709 1880 kalend.
728 1821 819 1892 maii,
834 1821 968 1898 ponun-

171 1914 265 1976 catus
280 1916 385 1977 nostri
398 1932 486 1978 anno
501 1915 597 1994 quint
620 1959 627 1976 .

474 2110 670 2198 dccxiv

204 2251 256 2310 Ad
280 2249 482 2312 Motbtldam
506 2251 713 2312 obtulissem
743 2253 947 2312 monasterti

402 2347 521 2408 Sancti
545 2349 733 2408 Arzustasit.

450 2469 484 2526 ²7
500 2469 597 2542 aprilis
611 2469 689 2526 liii.

241 2581 415 2645 [Harsmberg
431 2583 495 2632 IIist.
510 2582 568 2632 eccl.
582 2582 645 2646 dipl.
659 2582 810 2640 Gadenrsb„
825 2583 892 2648 iti]

1316 1146 1530 1234 dccxcvi

1024 1287 1076 1346 Ad
1099 1287 1309 1362 magistrum
1327 1288 1361 1348 et
1378 1289 1512 1361 fratres
1531 1291 1664 1349 ordinis
1678 1291 1818 1349 Proedt-

1335 1386 1504 1446 catorum.

1306 1507 1340 1564 28
1358 1507 1438 1579 april.
1456 1507 1534 1564 lini.

1164 1609 1257 1674 [Gallia
1271 1610 1424 1672 Christiana,
1436 1613 1504 1672 XIII,
1521 1610 1595 1662 instr.
1611 1612 1677 1675 itit]

1024 1715 1145 1773 Donatio
1167 1717 1299 1776 Fuloonis
1323 1718 1451 1792 episcopi
1480 1719 1613 1776 Tolosani
1640 1720 1670 1776 in
1694 1718 1819 1791 gratiam

1253 1805 1378 1862 Pruliaui
1392 1805 1585 1864 confirmatur.

1063 1921 1230 1982 Honorius
1241 1922 1427 1999 episcopus,
1438 1939 1555 1984 servus
1564 1938 1736 1984 servorum
1746 1923 1816 1994 Ilei,

980 2043 982 2046 ·
1023 2017 1152 2079 dilectIs
1178 2017 1257 2078 tiliis
1279 2019 1438 2094 magtstro
1460 2021 1494 2080 et
1514 2019 1672 2080 iratribus
1692 2020 1819 2080 ordinis

1022 2114 1289 2190 praedicatorum,
1314 2116 1455 2176 salutem
1477 2116 1510 2178 et
1531 2117 1746 2192 apostolicam
1759 2117 1819 2178 be-

1022 2209 1254 2272 nediotionem.

1060 2310 1140 2368 Cum
1166 2323 1186 2369 a
1206 2309 1302 2370 nobis
1322 2310 1445 2386 petitur
1466 2310 1551 2386 quod
1567 2311 1694 2386 justum
1717 2310 1767 2371 est
1784 2311 1817 2372 et

1021 2389 1206 2475 honestum,
1227 2407 1295 2466 tam
1314 2406 1411 2481 vigor
1432 2406 1598 2482 aequitatis
1618 2423 1716 2484 quam
1736 2407 1817 2469 ordo

1022 2501 1127 2577 exigit
1142 2501 1294 2572 ratIonis,
1311 2503 1347 2562 ut
1361 2501 1393 2561 id
1413 2517 1472 2577 per
1492 2502 1749 2569 sollicitudinem
1764 2503 1817 2564 oi-

1022 2598 1090 2658 iioii
1103 2598 1209 2659 nostri
1225 2597 1265 2658 ad
1279 2596 1424 2658 debitum
1438 2598 1639 2674 perducatur
1651 2599 1816 2662 effectum.

58 2668 66 2678 ⁰
169 2687 564 2748 confirmenturmonssreno
579 2688 676 2746 Sancti
691 2689 844 2758 dunstani,
859 2688 922 2762 J'ure
938 2697 967 2746 et
1022 2695 1215 2771 Eapropteg
1241 2693 1353 2755 dilecti
1377 2694 1413 2754 in
1437 2695 1576 2756 Domino
1599 2695 1670 2768 filii,
1696 2697 1819 2757 vestris

290 2777 441 2850 privilegia
457 2775 493 2834 ib
512 2777 680 2834 Ῑῡῦῡΰθῦῑῑθ
699 2791 848 2836 ῢθῦῡθθθθ·
1018 2792 1118 2867 justis
1138 2789 1293 2868 precibus
1313 2791 1477 2863 inclinati,
1495 2791 1671 2853 ecelesiam
1688 2793 1817 2855 sanctae

208 2893 376 2954 Honorius
385 2893 570 2969 episcopus,
581 2907 697 2954 servus
706 2908 877 2954 servorum
889 2894 960 2965 Dei,
1021 2889 1137 2949 Mariae
1160 2888 1361 2960 Fani-lovis,
1386 2905 1460 2949 oum
1484 2889 1637 2968 omnibus
1653 2892 1817 2967 pertinen-

169 2990 299 3052 dilectIs
316 2990 352 3050 in
373 2990 503 3050 Christo
518 2988 652 3050 filiabus
673 2989 843 3051 Matbildae
859 2991 964 3050 abba·
1020 2986 1077 3047 tiis
1104 2985 1185 3058 suis,
1221 3002 1318 3063 quam
1343 2986 1545 3048 venerabilis
1571 2986 1675 3049 frater
1703 2991 1817 3050 noster

167 3087 259 3149 tissae
289 3086 484 3148 monasterii
512 3089 703 3148 sanctorum
728 3087 897 3148 Anastasii
934 3087 967 3149 et
1022 3083 1196 3160 episcopus
1214 3083 1399 3144 Tolosanus
1419 3084 1584 3159 piavobIs
1614 3084 1816 3148 liberalitate

170 3184 357 3246 innocentii
403 3184 438 3244 in
478 3184 681 3244 Gendersem
730 3184 966 3260 sororibusque
1021 3178 1813 3258 donavit,sicuteamjusteetpaoiiieepossidetis,

168 3282 372 3358 regulariter
392 3281 596 3344 sustinendis
622 3281 657 3342 in
681 3282 874 3358 perpetuam
896 3297 968 3342 me-

169 3379 310 3441 moriam
326 3377 385 3458 (1).

211 3478 277 3551 ugo
301 3476 470 3537 Honorius
499 3475 672 3567 catholicae
701 3476 851 3538 ecclesiae
876 3477 966 3552 epis-

170 3587 285 3649 copus.

209 3673 277 3746 Ego
293 3672 389 3746 Ilugo
409 3669 570 3732 OstIensis
585 3670 618 3731 et
632 3669 855 3732 vercellensis
871 3669 964 3746 epis-

168 3782 282 3845 copus.

207 3867 276 3941 Ego
303 3863 504 3926 Franciscus
528 3863 687 3924 Nicolaus
706 3864 963 3927 Tusculanensis

167 3962 355 4039 epIscopus.

206 4060 274 4133 Ego
298 4056 541 4118 Alebrandinus
562 4056 758 4118 sabinensis
775 4057 961 4134 episcopus.

206 4157 273 4231 Ego
306 4156 372 4214 Leo
402 4155 532 4214 Sanctae
561 4154 675 4215 Crucis
710 4154 744 4214 in
776 4155 963 4216 Jerusalem

167 4251 340 4329 presbyter
354 4249 545 4312 cardinalis.

174 4339 177 4346 ’
207 4351 274 4425 Ego
285 4348 386 4409 Buele
400 4347 513 4408 Sancti
524 4347 659 4407 Martini
675 4347 782 4423 presb.
800 4347 961 4409 cardinal.

166 4447 319 4510 ecciesiae
335 4445 469 4522 Equitii.

205 4547 274 4620 Ego
301 4542 445 4624 'ihomas
463 4540 614 4606 eeclesiae
640 4539 833 4602 sabinensis
853 4541 959 4618 presb.

166 4641 257 4703 card.
457 4629 469 4656 '

205 4741 273 4814 Ego
307 4737 414 4800 (tuido
447 4736 560 4800 Sancti
588 4736 719 4798 Nicolai
756 4736 792 4796 in
827 4751 961 4800 carcere

165 4835 319 4896 Tulliano
336 4835 497 4896 diaconus
513 4833 603 4896 card.

203 4933 272 5006 Ego
285 4931 359 4993 Otto
374 4931 562 4994 sanctorum
576 4931 684 5007 Sergii
694 4931 727 4992 et
739 4929 862 4992 Bacchi
872 4931 958 4992 diae:

165 5028 257 5090 card.

205 5127 275 5201 Ego
309 5124 475 5186 Rainerus
507 5125 540 5184 S.
574 5125 690 5186 Mariae
712 5125 747 5184 in
772 5124 959 5186 cosmedin.

165 5221 353 5286 diaccard.

204 5322 272 5396 Ego
294 5321 464 5380 Romanus
480 5317 513 5378 S.
531 5317 854 5393 angerinensem.

201 5465 241 5554 (Ι)
253 5472 295 5527 De
315 5467 403 5526 verbo
426 5465 597 5524 adverbum
620 5468 801 5540 privilequnr
820 5468 855 5526 eb
873 5471 958 5550 Inno-

166 5549 259 5598 centio
276 5541 327 5610 lli,
346 5537 558 5612 predecessore
577 5553 640 5606 suo,
661 5553 830 5596 concessum
859 5545 962 5611 repetit

166 5611 386 5680 concussius
402 5609 606 5680 additamento,
622 5617 724 5680 proter
739 5610 961 5682 subscriptiones

1021 3276 1217 3338 auctoritate
1236 3276 1331 3337 robis
1357 3279 1547 3352 Apostolica
1568 3278 1813 3352 confirmamus
1907 3288 1914 3312 ²

1020 3375 1053 3434 et
1074 3373 1250 3450 praesentin
1279 3371 1393 3450 scripti
1415 3375 1600 3452 patrocinio
1625 3377 1814 3436 communi-

1020 3485 1106 3531 mus.
1120 3470 1212 3531 Nulli
1225 3487 1303 3548 ergo
1321 3471 1491 3532 bominum
1506 3473 1607 3534 liceat
1619 3473 1706 3533 banc
1719 3472 1817 3550 pagi-

1020 3581 1096 3628 nam
1121 3569 1243 3629 nostrae
1266 3568 1530 3630 confirmationis
1545 3569 1740 3646 infringere,
1761 3570 1815 3632 vel

1020 3664 1051 3725 ei
1066 3681 1151 3725 ausu
1166 3665 1346 3728 temerario
1368 3667 1547 3729 contraire.
1566 3669 1600 3728 Si
1616 3667 1689 3745 quIs
1705 3669 1815 3730 autem

1020 3761 1083 3823 boc
1099 3763 1263 3824 attentare
1276 3763 1536 3840 praesumpserit,
1552 3764 1814 3840 indignationem

1019 3858 1255 3935 omnipotentis
1268 3861 1327 3920 Dei
1340 3861 1373 3922 et
1382 3859 1553 3921 beatorum
1570 3861 1661 3920 Petri
1674 3863 1706 3921 et
1719 3862 1815 3922 Pauli

1019 3956 1243 4032 apostolorum
1259 3959 1331 4034 ejus
1347 3971 1383 4017 se
1400 3957 1531 4018 noverit
1542 3951 1773 4017 incursurum.

1058 4053 1176 4112 Datum
1194 4051 1362 4123 Laterani,
1384 4055 1427 4112 IV
1442 4053 1603 4113 kalendas
1618 4053 1710 4124 maii,
1731 4068 1814 4130 pon-

1018 4147 1163 4213 ducatus
1177 4147 1284 4210 nostri
1298 4163 1385 4211 anno
1401 4149 1526 4226 quinto.

1297 4336 1533 4423 GCCXLVII

1160 4481 1212 4538 Ad
1226 4480 1408 4552 capitonem
1424 4481 1667 4556 Trtpestiuum.

1301 4601 1335 4658 28
1350 4601 1431 4673 sprii.
1445 4601 1526 4658 itit.

1049 4713 1180 4777 [Tbsinen
1191 4716 1248 4766 Vct.
1259 4713 1328 4764 bion.
1338 4715 1469 4767 Slavorum
1483 4715 1584 4775 merid,
1597 4731 1623 4778 p.
1634 4716 1673 4774 ii,
1685 4731 1710 4766 n.
1723 4715 1775 4780 83]

1016 4821 1137 4893 Capituli
1156 4820 1309 4892 Trigestini
1331 4827 1468 4878 statutum
1482 4819 1518 4878 de
1534 4823 1616 4879 tertio
1635 4822 1746 4880 decimo
1760 4838 1809 4882 cs·

1158 4909 1326 4967 nonicorum
1344 4924 1463 4966 numero
1475 4909 1668 4970 confirmatur.

1056 5026 1224 5086 Honorius
1236 5025 1421 5102 episcopus
1432 5043 1547 5088 servus
1556 5043 1727 5090 servorum
1739 5030 1809 5100 Dei,

1017 5122 1146 5184 dilectis
1161 5122 1240 5182 filiis
1260 5121 1404 5199 capitulo
1424 5125 1611 5200 Trigestino
1626 5125 1764 5186 salutem
1779 5128 1813 5188 et

1017 5219 1517 5298 apostolicambenedIctionem.

1057 5319 1137 5377 Cum
1148 5315 1271 5378 anobis
1279 5317 1511 5392 petitur,eto...
1525 5319 1717 5395 eapropter,
1733 5322 1809 5392 eto,

1016 5465 1220 5536 cardInalium;
1244 5481 1277 5524 ac
1301 5465 1420 5538 proInde
1443 5467 1518 5524 inter
1541 5482 1627 5538 opera
1653 5470 1811 5528 innocentii

1016 5537 1184 5609 requirenda
1207 5545 1251 5594 est
1267 5536 1327 5593 baec
1348 5536 1432 5594 bulla.
1456 5537 1532 5612 (Vid.
1551 5537 1617 5594 edit.
1635 5539 1742 5612 iligna,
1762 5544 1808 5599 ln·

1016 5609 1140 5668 nocentii
1154 5611 1205 5678 ΙΙΙ,
1221 5614 1241 5665 t.
1259 5610 1294 5676 ΙΙ,
1311 5609 1365 5665 coi.
1379 5609 1456 5682 919.)
