4300 6392
976 59 992 92 N

163 311 226 372 all

163 473 373 550 accepimuS,
404 469 460 530 sed
489 485 556 529 non
585 467 698 546 utique
726 463 957 544 acceptamus,

165 569 254 648 quod
270 568 398 630 nobiles
410 567 475 628 uiri
489 569 541 626 W.
554 567 595 628 de
609 565 799 642 Parthenay
812 564 904 626 etW.
920 563 960 624 de

164 667 314 742 Mangot,
329 667 361 726 et
373 664 505 742 quidam
521 664 579 725 alii
593 661 958 728 militesPictavienses,

165 765 242 840 ligii
256 763 409 824 homines
423 763 513 838 regis
526 762 686 840 ejusdem,
707 759 883 822 occasione
897 774 959 818 cu·

163 861 299 939 J‘usdam
336 861 487 937 pecuniae
520 874 617 936 quam
657 858 756 919 clarae
792 856 961 917 memoriae

166 962 197 1021 J.
219 959 314 1035 pater
332 957 421 1032 regis
441 955 545 1032 ipsius
562 956 610 1017 eis
622 954 830 1032 promiserat,
845 967 962 1031 quam-

167 1055 226 1116 diu
243 1055 306 1116 sibi
321 1055 468 1131 placeret
482 1053 521 1114 de
537 1056 600 1114 sua'
615 1068 747 1114 camera
769 1048 963 1128 persolven-

168 1154 256 1226 dam,
270 1152 368 1213 villas
384 1151 416 1214 et
436 1153 545 1213 castra
569 1149 658 1226 regis
682 1147 830 1226 praedicti
845 1147 961 1208 multi-

167 1251 302 1328 pliciter
325 1249 524 1326 inquietant,
547 1263 662 1325 pacem
678 1246 781 1309 totius
803 1245 962 1311 Pictaviae

168 1347 412 1426 perturbantes.
438 1347 521 1418 Quia
540 1361 620 1408 vero
641 1344 753 1406 aliena
775 1343 852 1404 sunt
873 1357 965 1404 com·

169 1444 467 1524 pescendivirtute,
483 1443 610 1521 quisue
623 1442 700 1504 sunt
713 1440 795 1502 vitio
810 1439 962 1518 inquieti,

169 1542 374 1604 fraternitati
399 1542 520 1604 vestrae
546 1556 605 1617 per
623 1537 814 1615 Apostolioa
841 1537 964 1614 scripta
995 1607 996 1610 Ἴ

170 1641 378 1711 mandamus,
400 1639 573 1716 quatenus,
596 1637 626 1697 si
641 1638 691 1699 est
707 1636 765 1716 ita,
788 1634 964 1713 praedictos

170 1737 310 1809 nobiles,
325 1737 389 1796 uta
405 1734 555 1813 praedicti
568 1733 656 1808 regis
668 1747 769 1810 super
782 1731 835 1792 his
847 1732 881 1792 et
888 1731 964 1792 aliis

170 1834 404 1895 molestatione
419 1831 566 1894 indebita
579 1829 827 1908 conquiescant,
851 1828 964 1912 meni-

170 1932 262 1993 tione
278 1929 462 2008 praemissa,
477 1928 700 2006 appellatione
716 1927 854 1998 remota,
870 1927 963 1986 veri-

170 2031 240 2091 tate
261 2027 403 2104 cognita,
430 2025 655 2104 compellatis;
672 2024 864 2086 mandatum
885 2038 966 2084 nos-

171 2127 261 2190 trum
305 2124 418 2187 taliter
461 2123 651 2200 impleturi,
697 2121 783 2199 quod
825 2120 965 2196 diligere

165 2223 334 2301 justitiam
347 2224 380 2284 et
393 2237 528 2283 servare
541 2217 761 2282 obedientiam
781 2215 966 2295 probemini

172 2337 218 2382 ex
231 2317 363 2392 affectu,
382 2320 415 2381 et
429 2335 488 2379 nos
506 2318 714 2381 devotionem
729 2317 873 2378 vestram
890 2330 968 2391 pos·

171 2419 278 2479 simus
297 2416 539 2478 commendare.
565 2415 683 2478 Datum
696 2411 846 2484 viterbii,
864 2411 968 2473 Vka-

170 2515 290 2576 landas
299 2513 399 2592 Junii,
412 2529 500 2574 anno
517 2513 647 2590 quarto.

496 2681 653 2768 CXLIll

173 2819 228 2880 dd
241 2820 415 2892 episcopos
428 2817 719 2880 Sorlsoem'ecscm
738 2813 772 2875 et
784 2815 967 2874 litiermmn.

469 2930 503 2988 29
523 2929 590 2986 mali
606 2927 685 2986 1220.

340 3037 440 3101 [densi.
451 3035 548 3088 concil.
562 3034 630 3094 coll,
641 3035 720 3092 xxti,
734 3032 815 3097 luas]

177 3155 293 3216 Mandat
315 3161 346 3212 ut
363 3153 399 3211 de
419 3133 584 3210 excessibus
604 3149 736 3208 Richardi
771 3148 971 3206 Dunelmensis

212 3243 339 3316 episcopi
351 3239 515 3309 informent,
528 3248 557 3298 et
569 3254 633 3312 quae
645 3238 808 3296 invenerint
821 3236 971 3295 adsedem

213 3332 409 3406 apostolicam
425 3330 627 3388 transmittant.

218 3449 396 3520 Honorius,
423 3447 498 3517 eto,
523 3445 761 3507 sarisberiensi
779 3444 813 3505 et
834 3443 969 3514 Ellensi,

179 3548 256 3617 etc,
273 3545 448 3622 episcopis,
465 3547 527 3605 etc.
548 3544 597 3605 lta
621 3542 716 3604 nobis
734 3542 768 3601 in
788 3541 889 3602 odore
910 3539 972 3600 bo-

180 3659 232 3706 nae
248 3641 415 3720 opinionis
430 3641 569 3702 lbstrum
583 3641 617 3701 et
628 3639 880 3715 cooperatorum
900 3652 974 3698 nos·

180 3741 307 3800 tromm
322 3736 476 3799 convenit
488 3735 657 3806 delectari,
677 3735 713 3794 ut
734 3733 768 3794 in
783 3731 973 3809 pestilenti-

179 3835 242 3896 bus
262 3835 344 3896 vitia
365 3849 432 3894 non
456 3833 651 3910 palpemus:
667 3845 742 3892 cum
766 3846 834 3890 non
858 3829 975 3890 deceat

181 3947 241 4010 pro
257 3931 444 3993 reverentia
456 3929 581 3991 ordinis
595 3929 761 3989 sustinere
785 3926 972 4003 peccantes,

182 4045 322 4107 quorum
337 4029 433 4105 culpa
443 4027 491 4088 tot
503 4041 559 4087 eos
575 4026 693 4101 dignos
708 4022 869 4086 mortibus
881 4021 972 4093 lacit,

182 4126 311 4203 quoted
323 4124 488 4201 subjectos
503 4122 698 4199 perditionis
708 4120 861 4197 exempla
870 4119 976 4180 trans·

182 4223 317 4284 mittunt
340 4222 395 4298 qui
422 4220 493 4281 sola
519 4235 593 4296 quae
617 4217 794 4295 pravitatis
823 4216 975 4292 exempla

184 4319 401 4396 conspiciunt,
426 4316 607 4378 imitantur.
633 4316 719 4376 Hinc
736 4314 886 4391 estquod
902 4328 977 4374 cum

183 4418 224 4479 de
233 4416 416 4480 venerabili
424 4415 527 4476 fratre
538 4415 652 4475 nostro
664 4411 880 4474 Dunelmeusi
891 4412 978 4487 epis·

183 4530 267 4592 copo
291 4514 413 4590 saepius
439 4511 535 4573 nobis
558 4510 728 4572 insinuata
748 4509 978 4585 luissentquae

184 4613 226 4674 ab
249 4610 431 4689 episcopali
454 4609 628 4670 honestate
659 4607 800 4676 ¹nimium
825 4606 980 4667 dissona-

184 4709 265 4770 bant
285 4731 293 4768 :
313 4707 447 4769 tandem
465 4707 499 4766 in
529 4705 730 4766 conculcatis
753 4703 888 4764 funibus
909 4702 981 4765 cla-

186 4805 288 4866 moris
305 4802 351 4882 (1)
374 4804 521 4874 excitati,
540 4804 659 4863 utnon
684 4802 884 4877 pateremur,
905 4815 980 4860 cum

186 4901 370 4980 perditione
388 4900 577 4971 multorum,
595 4899 765 4976 quiescere
781 4899 925 4974 amplius
945 4897 979 4958 in

187 5001 257 5060 suis
272 4997 525 5062 enormitatibus
537 4997 727 5073 episcopum
743 4996 979 5068 memoratum

186 5096 228 5158 de
241 5112 306 5174 quo
323 5095 506 5156 insinuatio
531 5093 676 5154 clamosa
696 5092 868 5168 processit,
894 5091 980 5168 quod

187 5197 362 5271 postquam
384 5191 446 5252 fuit
464 5192 505 5251 ad
523 5190 668 5252 odicium
690 5188 882 5266 pontificale
899 5203 981 5264 pro-

187 5294 308 5362 motus,
325 5303 402 5351 reus
423 5287 608 5364 sanguinis,
630 5286 793 5359 simoniae,
811 5285 980 5356 adulterii,

188 5387 366 5464 sacrilegii,
384 5386 521 5462 rapinae,
538 5383 689 5461 perjurii,
711 5399 751 5444 ac
767 5382 983 5459 dilapidatio-

189 5487 241 5548 nis
261 5483 454 5560 multipliois
470 5485 519 5544 est
532 5481 669 5542 effectus
686 5501 693 5540 ε
710 5495 778 5540 nou
798 5479 981 5541 formidans

227 5625 267 5699 (1)
289 5627 390 5682 Forte:
408 5623 561 5680 inculcatis
572 5620 656 5679 simul
672 5619 855 5677 clamoribus.

785 305 1015 368 EPISTOLAE.
1039 309 1117 368 LIB.
1141 309 1194 369 IV.

1744 309 1813 370 lla

1014 465 1164 540 clericos,
1183 465 1361 544 orphanos,
1380 483 1420 529 ac
1442 469 1532 530 viros
1553 468 1730 545 religiosos
1745 485 1810 546 op·

1015 565 1168 639 primore,
1176 567 1376 627 testamenta
1390 566 1620 629 decedentium
1634 565 1808 642 impedire,

1015 663 1107 737 regia
1123 665 1211 739 jura,
1233 665 1348 724 contra
1370 663 1544 725 scientiam
1560 662 1607 743 (2)
1623 664 1735 727 dilecti
1748 665 1810 726 tilii

1015 759 1121 820 nostri
1142 760 1330 836 Pandulphi
1352 761 1579 822 Norwicensis
1601 761 1709 834 electi,
1735 766 1811 822 md·
1910 751 1925 774 ⁶

1016 855 1106 930 nire3
1129 873 1168 918 ac
1191 859 1535 920 excommunicatione
1563 859 1685 934 ligatus
1710 860 1809 934 inge-

1016 968 1090 1014 rere
1113 970 1148 1014 se
1168 953 1301 1016 divinis.
1318 956 1399 1017 Item
1414 956 1514 1017 etiam
1530 956 1810 1034 appellationibus

1017 1061 1083 1111 non
1099 1051 1204 1114 defert
1218 1051 1259 1112 ad
1273 1057 1455 1114 Romanam
1470 1056 1653 1116 Ecclesiam
1667 1055 1812 1132 interpo-

1017 1149 1233 1219 sitis,statuta
1243 1151 1410 1224 generalis
1419 1152 1559 1213 concilii
1569 1168 1634 1214 non
1644 1153 1809 1224 observat,

1018 1261 1185 1323 nunquam
1203 1247 1356 1323 proponit
1370 1248 1490 1325 populo
1504 1249 1641 1309 uerbum
1656 1249 1726 1322 Dei,
1745 1250 1813 1310 lin-

1018 1359 1083 1419 gua
1099 1345 1132 1406 et
1146 1344 1299 1420 exemplo
1310 1345 1388 1406 vitae
1408 1361 1546 1422 pravum
1568 1345 1708 1408 subditis
1720 1363 1811 1424 prae-

1017 1440 1072 1502 bet
1095 1440 1294 1518 exemplum,
1325 1456 1437 1503 coram
1452 1441 1564 1504 multis
1575 1443 1713 1520 juravit,
1726 1443 1812 1523 quod

1019 1553 1144 1614 pacem,
1164 1539 1237 1615 ipso
1254 1539 1401 1611 virente,
1417 1539 1648 1602 Dunelmensis
1670 1541 1814 1603 ecclesia

1019 1651 1085 1696 non
1114 1635 1258 1698 babebit.
1286 1638 1514 1714 conquerente
1549 1638 1613 1699 sibi
1649 1638 1814 1701 monacho

1019 1733 1159 1810 quodam
1175 1734 1389 1796 Dunelmensi
1412 1750 1447 1795 se
1467 1751 1486 1796 a
1504 1734 1726 1797 servientibus
1742 1737 1813 1798 suis

1019 1831 1060 1892 ab
1090 1831 1231 1892 ecclesia
1258 1832 1398 1908 quadam
1426 1832 1530 1894 luisse
1557 1835 1754 1906 extractum,
1781 1835 1814 1895 et

1019 1929 1185 2006 usquead
1210 1931 1383 2005 sanguinis
1410 1929 1606 1994 effusionem
1630 1930 1810 2008 pulsatum,

1019 2026 1190 2102 respondit
1204 2027 1235 2087 ei
1250 2027 1335 2104 quod
1352 2027 1470 2089 melius
1497 2027 1620 2089 lactum
1639 2028 1756 2090 suisset
1780 2029 1809 2089 si

1021 2124 1204 2186 servientes
1216 2124 1362 2201 episcopi
1374 2125 1571 2186 monachum
1582 2127 1811 2203 peremissent.

1021 2223 1095 2296 Ipse
1117 2221 1256 2298 insuper
1279 2221 1494 2298 apostolicam
1518 2222 1680 2298 regulam,
1706 2223 1815 2285 conti-

1022 2319 1154 2380 nentem
1167 2319 1275 2395 qualis
1300 2319 1418 2381 debeat
1442 2335 1516 2381 esse
1537 2320 1724 2397 episcopus,
1749 2337 1813 2398 pe·

1022 2415 1111 2476 nitus
1136 2414 1277 2478 calcavit
1304 2416 1339 2476 in
1369 2417 1506 2477 cunctis.
1544 2418 1612 2479 Nos
1639 2432 1739 2493 erge,
1771 2431 1813 2478 ne

1022 2512 1141 2574 alienae
1167 2513 1272 2590 culpae
1298 2513 1401 2573 simus
1433 2513 1606 2585 auctores,
1636 2514 1665 2574 si
1691 2514 1815 2590 clausis

1023 2610 1129 2670 oculis
1149 2611 1196 2671 tot
1220 2611 1253 2671 et
1268 2611 1361 2672 tanta
1381 2609 1532 2686 praedicti
1554 2610 1701 2687 episcopi
1722 2611 1818 2672 tran-

1024 2722 1156 2767 seamus
1165 2706 1287 2778 errata,
1299 2722 1373 2767 cum
1389 2705 1428 2767 ad
1443 2723 1503 2767 nos
1518 2707 1643 2769 clamor
1654 2723 1754 2784 super
1762 2708 1817 2768 liis

1024 2803 1220 2874 ascenderit,
1242 2804 1278 2866 ut
1303 2803 1561 2866 dissimulationi
1585 2805 1728 2881 amplius
1748 2812 1814 2867 non

1025 2903 1068 2964 sit
1085 2902 1189 2973 locus,
1206 2901 1341 2978 dignum
1356 2902 1512 2963 duximus
1531 2918 1574 2963 ex
1589 2903 1689 2964 officii
1711 2903 1816 2964 nostri

1025 2999 1134 3061 debito
1153 2999 1354 3061 descendere
1376 3001 1412 3060 ut
1437 2999 1507 3060 haec
1527 3015 1571 3060 an
1592 3000 1639 3061 ita
1655 3001 1732 3073 sint,
1761 3001 1816 3061 vel

1025 3096 1133 3170 aliter,
1150 3095 1332 3159 rideamus.
1348 3097 1509 3169 Quocirca
1531 3097 1732 3160 ltaternitati
1743 3114 1820 3159 res-

1025 3197 1086 3258 trae
1100 3210 1159 3271 per
1172 3195 1361 3271 apostolica
1377 3194 1499 3272 scripta
1512 3194 1719 3266 mandamus,
1732 3211 1818 3272 qua·

1025 3294 1121 3354 tenus
1136 3292 1294 3369 inquisita
1306 3308 1407 3368 super
1418 3292 1471 3352 his
1485 3293 1518 3354 et
1533 3293 1664 3369 ‹mgnita
1678 3292 1820 3356 sollicite

1026 3390 1177 3462 veritate,
1201 3405 1275 3468 quae
1298 3389 1504 3462 inveneritis,
1535 3391 1656 3452 restris
1678 3391 1822 3452 fideliter

1027 3487 1166 3548 inclusis
1179 3486 1311 3562 sigillis,
1327 3487 1367 3547 ad
1381 3489 1529 3549 nostram
1545 3488 1756 3564 praesentiam
1766 3504 1823 3550 re-

1027 3585 1176 3656 mittatis,
1192 3585 1228 3645 ut
1247 3586 1383 3646 auctore
1398 3588 1476 3658 Deo,
1494 3585 1765 3662 quodsuperboc
1777 3585 1824 3648 la·

1028 3683 1180 3744 ciendum
1190 3681 1300 3755 luerit,
1310 3683 1635 3744 statuamus.Datum
1643 3683 1820 3745 Viterbii...

1031 3779 1092 3861 [lv
1105 3781 1172 3842 kal.
1185 3777 1291 3860 junii]
1309 3781 1399 3856 pent.
1416 3781 1523 3842 nostri
1535 3795 1623 3842 anno
1639 3783 1768 3857 quarto.

1362 3930 1495 4016 CXLV

1030 4059 1081 4118 Ad
1090 4058 1373 4130 archiepiscopos,
1390 4053 1537 4124 abbates,
1542 4055 1682 4128 priores
1691 4056 1725 4115 et
1740 4056 1825 4116 alios

1070 4155 1291 4215 ecclesiarum
1302 4150 1466 4225 precatus
1476 4164 1544 4223 per
1557 4165 1705 4226 reanum
1714 4155 1826 4212 Fran·

1070 4253 1133 4312 ctoe
1147 4248 1361 4311 corastitutos.

1315 4352 1350 4410 29
1376 4350 1540 4409 1111112211.

1188 4447 1334 4513 [1111111113.
1348 4448 1413 4499 dnn.
1425 4448 1562 4507 llinorum,
1571 4449 1592 4508 1,
1603 4447 1671 4514 too]

1033 4540 1136 4598 Notum
1154 4535 1220 4596 lacit
1238 4537 1382 4596 Honorius
1394 4553 1427 4594 se
1441 4536 1601 4610 approbare
1623 4537 1753 4596 ordinem
1768 4536 1825 4596 sra-

1069 4633 1142 4686 trum
1167 4627 1319 4696 blinorum,
1336 4633 1364 4683 et
1380 4625 1481 4684 iratres
1498 4626 1608 4683 ordinis
1621 4627 1711 4697 ipsius
1725 4642 1826 4702 recog·

1070 4730 1188 4773 noscere
1214 4714 1379 4771 catholicos.
1400 4715 1498 4772 Monet
1521 4715 1655 4786 praelatos
1675 4722 1706 4771 ut
1727 4713 1829 4772 iratres

1068 4811 1205 4875 tanquam
1214 4817 1281 4860 vere
1294 4801 1392 4859 ildeles
1403 4809 1431 4858 et
1441 4802 1593 4874 religiosos
1607 4802 1636 4858 iu
1649 4803 1710 4860 suls
1721 4802 1827 4860 dloece·

1070 4891 1148 4949 sibus
1163 4889 1324 4948 admittant.

1075 4990 1254 5062 Honorius,
1262 4991 1338 5062 etc,
1346 4989 1594 5051 venerabilibus
1606 4989 1763 5052 tratribus
1774 5006 1831 5051 ar-

1036 5088 1273 5164 chiepiscopis,
1291 5087 1324 5150 et
1348 5087 1576 5163 episcopis,et
1600 5087 1730 5149 dilectis
1751 5087 1830 5148 liliis

1037 5185 1221 5258 abbatibus,
1253 5182 1420 5263 prioribus
1449 5185 1481 5245 et
1510 5184 1586 5246 aliis
1615 5185 1830 5245 ecelesiarum

1037 5282 1195 5361 praelatis,
1216 5298 1275 5358 per
1298 5297 1437 5357 regnum
1454 5282 1605 5343 Franciae
1630 5281 1829 5354 constitutis,

1038 5381 1177 5440 salutem
1193 5381 1227 5440 et
1238 5379 1453 5455 apostolicam
1466 5377 1741 5438 benedictionem.

1078 5479 1143 5538 Pro
1167 5475 1296 5538 dilectis
1312 5475 1389 5537 liliis
1402 5473 1561 5536 tratribus
1576 5474 1616 5534 de
1632 5473 1747 5534 ordine
1763 5472 1833 5534 sra-

1075 5617 1114 5690 (2)
1134 5618 1218 5674 Forte
1233 5633 1242 5672 :
1256 5616 1441 5673 Sententiam.
