4280 6404
158 301 216 365 193

150 461 265 523 utatur
290 459 456 522 ullatenus
478 458 662 534 deauratis;
683 474 744 519 nec
765 458 853 519 ullus
867 457 949 518 obe·-

149 557 319 621 dientialis
329 557 702 619 monasteriinumerum
715 555 853 616 duarum
862 555 951 632 equi*
981 545 982 618 j

149 658 347 724 taturarum,
366 657 399 716 et
411 655 548 716 totidem
564 654 778 714 servientium
799 653 948 714 excedat.

152 755 257 815 Porro
269 753 383 822 abbas,
397 767 470 813 cum
482 767 542 828 pro
552 750 796 827 emergentibus
809 750 950 825 negotiis

151 850 322 928 equitabit,
336 849 435 910 ducat
448 849 652 910 moderatam
664 849 835 920 familiam,
848 849 881 909 et
895 847 952 907 bo·

152 950 293 1020 nestum,
315 949 347 1008 et
365 949 434 1008 tam
452 947 538 1022 apud
563 949 718 1006 Sanctum
739 947 949 1016 Germanum,

152 1061 251 1122 quam
266 1043 352 1121 apud
369 1045 437 1104 alia
459 1043 654 1106 monasterii
676 1042 796 1115 castra,
822 1043 857 1102 in
877 1042 953 1118 qui·

151 1141 214 1202 bus
230 1143 338 1218 ipsum
361 1156 497 1202 manere
512 1141 691 1216 continget,
712 1141 780 1201 tres
805 1141 863 1201 aut
887 1139 952 1200 duo

152 1237 339 1299 senioribus
355 1239 527 1312 monacbis
547 1237 625 1299 vitae
638 1237 796 1313 probatae,
814 1235 954 1312 religio-

127 1325 128 1330 ’
153 1337 219 1407 nis,
236 1337 269 1397 et
284 1335 392 1406 famae,
410 1351 541 1411 semper
552 1335 587 1394 in
601 1351 667 1395 una
678 1349 809 1395 camera
818 1333 954 1412 jaceant

152 1447 227 1494 cum
239 1431 370 1504 eodeni,
388 1433 466 1493 aliis
479 1431 662 1504 monachis,
680 1433 736 1508 qni
750 1447 861 1492 secum
881 1431 954 1491 fue·

152 1532 232 1601 rint,
243 1531 278 1590 in
289 1547 356 1590 uno
370 1530 446 1590 loco
458 1529 703 1590 comedentibus
712 1531 745 1590 et
753 1527 951 1605 jacentibus

153 1628 199 1688 ita
211 1627 296 1705 quod
312 1627 427 1687 nullus
448 1643 614 1687 cameram
629 1627 750 1687 babeat
762 1626 952 1703 specialem,

153 1725 190 1786 ut
200 1725 248 1786 sic
260 1724 377 1785 melius
388 1724 544 1785 sathanae
555 1725 718 1795 obvietur,
727 1723 951 1784 obstruantur.

193 1822 348 1883 Monacbi
371 1821 500 1894 veroin
517 1822 718 1883 monasterio
734 1821 955 1898 consistentes

153 1921 222 1979 tam
239 1917 490 1989 obedientiales,
514 1933 612 1993 quam
639 1917 699 1978 alil
724 1917 760 1976 in
787 1907 953 1978 conitnuni

152 2015 350 2076 dormitorio
380 2016 538 2090 jaceant,
574 2019 608 2075 et
638 2015 805 2075 communi
838 2006 962 2075 come?

153 2113 235 2174 dant
249 2111 436 2183 refectorio,
461 2127 523 2174 nec
542 2113 716 2188 qnisquam
730 2111 863 2172 illorum
880 2110 954 2172 obe·

154 2199 956 2285 dientialium,autaliussuperiorinmonasterio

154 2303 338 2368 servientes
367 2306 488 2367 habeat
512 2307 687 2384 speciales,
707 2321 769 2366 nec
795 2304 951 2382 specialia

155 2401 220 2463 sibi
233 2403 335 2464 faciat
346 2403 472 2464 fercula
486 2403 679 2480 praeparari,
692 2403 749 2464 sed
763 2418 876 2463 omnes
885 2402 954 2480 pul-

153 2501 278 2562 mentis
291 2502 432 2562 utantur
449 2500 692 2568 communibus,
708 2499 850 2579 infirmis
865 2500 952 2560 dun-

154 2600 252 2659 taxat
264 2598 422 2674 exceptis,
440 2599 496 2674 qui
520 2599 636 2676 stipsi
658 2615 772 2660 omnes
795 2597 894 2659 simul
919 2598 953 2659 in

156 2695 377 2756 infirmatorio
388 2695 573 2770 comedant,
586 2697 652 2756 nisi
662 2696 787 2764 forsan,
797 2695 952 2771 quitanta

155 2789 326 2854 debilitate
347 2792 510 2866 laborant,
533 2795 570 2856 ut
592 2809 636 2854 ex
660 2793 754 2854 lectis
783 2792 952 2853 discedere

154 2889 229 2950 sine
242 2889 435 2952 difficultate
448 2905 514 2951 non
529 2891 657 2968 possint
670 2912 678 2950 ε
693 2888 759 2960 snb,
769 2889 953 2951 infirmario

107 3049 111 3056 ,
154 2991 267 3048 autem
282 2987 550 3062 aliusstatuatur
561 2987 744 3048 monachus
759 2987 855 3049 bonae
868 3004 952 3049 con-

155 3084 370 3155 versationis
385 3085 438 3146 vel
453 3084 572 3152 laicus,
588 3086 644 3161 qui
660 3085 828 3146 assiduam
850 3085 884 3146 in
899 3085 953 3144 in-

154 3181 340 3242 firmatorio
356 3179 481 3242 faciens
499 3182 713 3244 residentiam
729 3181 793 3253 die,
808 3199 847 3243 ac
857 3182 953 3244 nocte

154 3277 363 3338 infirmorum
386 3277 603 3353 singulorum,
621 3281 655 3341 et
672 3281 818 3340 omnium
839 3295 952 3341 curam

154 3377 251 3450 gerat
267 3396 274 3434 :
289 3375 455 3450 hospitale
466 3391 596 3453 quoque
609 3375 773 3439 restitutis
793 3375 857 3438 sibi
877 3393 952 3438 om-

153 3471 254 3532 uibus
278 3472 455 3534 subtractis
468 3473 586 3544 eidem,
607 3473 720 3535 taliter
739 3473 950 3546 reformetur,

153 3570 192 3630 ut
202 3569 337 3641 infirmi,
352 3571 385 3632 et
400 3587 564 3646 pauperes
576 3571 806 3646 confugientes
819 3572 859 3633 ad
870 3572 951 3633 illud

153 3665 275 3728 solatia
289 3665 335 3727 ibi
350 3668 514 3743 recipiant
526 3672 700 3743 consueta;
721 3668 782 3729 sub
797 3669 952 3746 bospite-

153 3763 239 3824 lario
264 3763 482 3826 nibilominus
502 3765 568 3827 alio
592 3767 766 3836 monacbo,
792 3757 853 3828 vel'
872 3769 953 3829 reli-

152 3861 248 3937 gioso
258 3862 345 3922 laico
355 3863 544 3932 constituto,
560 3863 614 3940 qui
629 3863 670 3924 de
683 3864 736 3924 die
748 3866 782 3924 in
794 3865 951 3941 hospitali

151 3947 361 4035 permanens,
374 3963 407 4022 et
425 3961 464 4022 de
480 3962 576 4022 nocte
591 3960 732 4023 fideliter
747 3963 950 4039 pauperibus

153 4053 372 4118 administret.

193 4155 366 4214 Monacbis
392 4170 473 4216 vero
500 4157 641 4218 aliorum
673 4159 951 4220 monasteriorum

153 4265 229 4310 cum
250 4251 291 4311 ad
306 4253 416 4328 ipsum
439 4255 676 4316 monasterium
698 4256 949 4326 declinaverint,

153 4347 295 4422 henigne
309 4350 394 4411 sicut
408 4351 514 4426 ipsius
530 4350 594 4412 loci
606 4351 763 4412 fratribus
775 4352 950 4413 ministre-

153 4448 218 4506 tur.
236 4447 453 4522 insuperiori
477 4449 578 4508 etiam
594 4449 746 4509 sacristia
769 4449 951 4511 constitua-

151 4546 208 4603 tur
221 4543 342 4620 aliquis
357 4545 539 4606 monachus
553 4548 721 4623 providus,
739 4547 949 4618 e‘tbonestus,

152 4639 210 4715 qui
222 4655 276 4700 res
289 4655 403 4702 sacras
414 4644 774 4721 custodiatdiligenter,
783 4631 873 4708 nec'a
886 4645 951 4706 mi-

152 4737 293 4808 nisterio
322 4743 765 4819 removeaturbujusmodi,
793 4743 949 4820 quamdiu

151 4834 258 4906 bene,
281 4853 319 4896 ac
343 4837 558 4901 laudabiliter
584 4839 804 4916 ministrabit;
831 4857 948 4902 sacer-

152 4929 247 4993 dotes
260 4934 455 4996 ordinentur
470 4936 511 4997 de
532 4937 720 4999 senioribus
742 4938 784 5000 ad
799 4939 863 5002 hoc
877 4939 951 5002 offi-

153 5029 242 5089 cium
266 5033 513 5110 exsequendum
543 5035 682 5106 idoneis,
701 5039 737 5098 ut
760 5051 826 5096 non
848 5037 891 5098 sit
915 5036 949 5097 in

152 5128 354 5190 monasterio
369 5131 521 5206 penuria,
534 5132 592 5192 sed
609 5133 703 5209 copia
726 5134 945 5194 sacerdotum.

152 5223 266 5284 Simon
283 5223 323 5286 de
337 5227 508 5299 Collealt0,
524 5231 670 5289 loannes
687 5230 726 5292 de
740 5231 945 5302 Colliment0,

151 5325 185 5382 et
200 5321 250 5383 illi
271 5317 372 5384 etiam
392 5324 559 5396 monachi,
585 5326 641 5402 qui
665 5311 956 5405 praesumpserunt,

150 5436 225 5480 cum
247 5420 403 5482 bdinulfo
425 5424 590 5500 quondam
614 5423 732 5486 abbate
754 5429 946 5503 conjurare;

149 5517 203 5576 vel
226 5517 391 5580 rebellare
414 5525 530 5582 contra
549 5525 732 5583 Romanam
754 5523 945 5594 Ecclesiam,

150 5630 209 5673 son
224 5618 461 5679 monasterium
477 5621 673 5682 cassinense
683 5637 813 5696 semper
823 5622 856 5680 in
869 5637 949 5681 con-

297 5761 410 5804 rlvnov„
432 5763 506 5805 vonn
526 5752 576 5806 lll.

783 297 1012 359 EPISTOLAE.
1037 297 1113 354 LlB.
1140 293 1194 354 ΙΙΙ.

1743 295 1799 352 194

980 431 983 477 ἶ
1004 457 1105 516 ventu
1121 415 1302 526 morentur,
1327 454 1372 515 ita
1393 431 1479 530 quod
1499 431 1596 512 'nulla
1612 451 1802 548 obedientia

1005 552 1230 634 committatur
1253 551 1390 626 eisdem,
1421 549 1525 610 donec
1549 549 1801 632 emendaverint

1005 653 1039 712 in
1054 645 1173 711 melius
1189 651 1291 712 vitam
1307 665 1415 709 suam.

1046 749 1129 820 Quia
1148 763 1228 808 vero
1244 747 1377 823 qnidam
1395 762 1437 806 ex
1452 745 1545 806 vobis
1561 745 1596 805 in
1609 746 1799 805 animarum

982 861 1141 906 suarum
1177 844 1356 926 perniciem
1387 843 1510 904 babere
1538 845 1708 920 proprium
1735 859 1801 902 non

982 933 1174 1013 verentur,
1201 943 1387 1012 statuimus
1413 943 1449 1004 nt
1474 941 1555 1000 illud
1577 941 1803 1029 resignarem

1007 1057 1086 1100 usus
1096 1039 1290 1100 monasterii
1303 1039 1560 1100 convertendum
1569 1037 1629 1098 sub
1640 1038 1801 1114 religione

1003 1138 1196 1215 jnramenti‚
1219 1137 1247 1196 si
1263 1153 1400 1197 necesse
1421 1136 1530 1208 fuerit,
1549 1135 1799 1212 compellantur,

1008 1235 1091 1296 etsi
1116 1235 1156 1296 de
1181 1235 1300 1295 caetero
1325 1231 1446 1310 aliquis
1470 1233 1575 1310 ipsius
1600 1233 1664 1294 loci
1684 1249 1801 1294 mona-

1008 1334 1089 1394 chus
1112 1332 1282 1410 proprium
1304 1330 1428 1391 habere
1445 1330 1546 1392 fuerit
1565 1331 1801 1406 deprehensus,

1008 1431 1080 1491 sine
1099 1447 1155 1506 spe
1171 1428 1391 1491 restitutionis
1406 1445 1425 1489 a
1442 1429 1644 1508 monasterio
1655 1427 1805 1504 expella-

1007 1529 1062 1588 tur
1079 1549 1085 1587 :
1103 1544 1177 1588 cum
1192 1543 1252 1588 nos
1268 1543 1382 1587 omnes
1398 1525 1587 1602 hujusmodi
1610 1523 1801 1602 proprieta-

1008 1625 1076 1686 rios
1098 1625 1344 1686 decreverimus
1358 1623 1712 1684 excommunicationis
1728 1639 1805 1683 seu-

1008 1723 1119 1788 tentiae
1138 1721 1320 1799 subjacere.
1346 1721 1381 1781 Si
1403 1737 1482 1781 vero
1507 1721 1593 1797 apud
1615 1709 1745 1797 aliquos
1764 1709 1803 1780 'in

1008 1821 1113 1880 morte
1135 1820 1304 1896 proprium
1329 1817 1505 1894 contigerit
1522 1817 1676 1890 inveniri,
1697 1811 1810 1879 eccle„¹

1009 1917 1143 1978 siastica
1156 1917 1292 1978 careant
1302 1916 1482 1993 sepultura.
1494 1899 1693 1977 caeterumsi
1703 1915 1804 1976 alicui

1008 2015 1245 2076 monachorum
1266 2013 1392 2090 aliquid
1412 2028 1653 2092 aquocumque
1675 2015 1806 2090 specia-

1009 2113 1085 2173 liter
1105 2112 1217 2172 datum
1237 2111 1347 2182 fuerit,
1367 2109 1449 2171 illud
1464 2109 1587 2182 abbati,
1612 2111 1664 2170 vel
1680 2111 1804 2174 decano

1008 2209 1165 2284 resignet,
1176 2209 1231 2270 sed
1244 2209 1314 2286 ipse
1330 2207 1442 2279 abbae,
1459 2208 1512 2268 vel
1528 2207 1674 2268 decanus
1689 2225 1806 2270 neces-

1008 2306 1161 2382 sitatibus
1183 2309 1255 2384 ejus
1279 2307 1355 2366 inde
1384 2305 1486 2367 faciat
1510 2307 1695 2383 provideri,
1720 2309 1805 2369 sicut

1008 2403 1129 2465 viderit
1143 2404 1312 2480 expedire,
1328 2419 1453 2475 necea,
1468 2420 1541 2480 quae
1554 2404 1685 2466 suntad
1700 2405 1804 2467 retec-

1007 2501 1115 2564 tiones
1127 2503 1184 2562 aut
1193 2503 1313 2572 vestes,
1329 2517 1387 2561 seu
1398 2503 1639 2561 conserventur
1647 2517 1705 2576 per
1715 2502 1801 2574 illos,

1008 2599 1127 2678 quibus
1145 2598 1246 2659 fuerit
1267 2599 1338 2658 baec
1353 2597 1542 2658 sollicitudo
1565 2599 1752 2670 commissa,
1772 2605 1805 2662 et

1008 2713 1067 2776 pro
1097 2697 1245 2774 ipsorum
1276 2695 1517 2756 monachorum
1551 2695 1807 2758 necessitatibus*

1009 2795 1135 2856 utiliter
1143 2794 1383 2872 expendantur.
1801 2790 1805 2809 '

1048 2895 1117 2954 Nec
1139 2893 1367 2954 claustralium
1387 2891 1508 2969 aliquis
1527 2893 1732 2969 praehendas,
1750 2895 1801 2955 vel

1008 2991 1155 3052 redditus
1171 2991 1291 3052 babeat
1306 2992 1400 3054 extra
1415 2991 1609 3063 claustrum,
1625 2993 1656 3052 et
1671 2992 1732 3060 eis,
1747 2993 1802 3069 qui

1008 3091 1189 3151 noscuntur
1209 3073 1342 3160 babere,
1366 3089 1497 3164 penitus
1515 3087 1719 3160 auferantur,
1745 3089 1804 3150 de-

1008 3203 1112 3248 canus
1136 3202 1264 3264 quoqne
1280 3185 1403 3246 babere
1426 3185 1570 3262 duplicia
1591 3187 1806 3256 vestimenta,

1009 3287 1041 3350 et
1055 3284 1213 3361 specialia
1233 3283 1360 3346 cibaria
1376 3297 1442 3343 non
1457 3285 1646 3362 praesumat,
1671 3287 1704 3346 et
1726 3298 1801 3344 mo·
1897 3309 1899 3317 ⁴

1009 3381 1134 3442 nacbus
1154 3383 1269 3442 vetera
1284 3381 1411 3452 reddat,
1429 3380 1702 3458 quandocumque
1717 3379 1810 3444 nova'

1008 3480 1170 3556 receperit
1186 3479 1391 3541 indumenta.
1626 3487 1629 3495 '
1804 3491 1807 3500 ’

1047 3578 1086 3638 lit
1103 3593 1176 3640 cum
1196 3575 1283 3654 apud
1293 3591 1352 3637 vos
1360 3579 1429 3654 jam
1441 3576 1536 3652 quasi
1550 3593 1609 3654 pro
1623 3577 1804 3640 consuetu·-

1008 3673 1083 3735 dine
1103 3673 1226 3735 dicitur
1251 3674 1412 3746 obtinere,
1440 3673 1476 3736 ut
1500 3689 1574 3742 oum
1603 3675 1802 3736 monachum

1007 3772 1151 3850 aliquem
1166 3771 1402 3848 irreligiosum,
1423 3771 1481 3832 aut
1495 3772 1677 3846 garrulum,
1692 3773 1804 3834 inobe-

1007 3869 1163 3940 dientem,
1189 3870 1246 3930 aut
1272 3869 1370 3930 etiarn
1401 3869 1602 3946 impudicum
1631 3870 1666 3929 in
1692 3873 1802 3933 vestro

1007 3953 1144 4042 contigit
1156 3967 1295 4042 collegio
1313 3965 1474 4036 invenire,
1499 3965 1602 4025 abbas
1622 3970 1694 4043 ejus
1715 3967 1803 4029 sedi-

1007 4066 1114 4126 tiones
1129 4064 1257 4125 evitans
1268 4061 1485 4132 obedientias,
1503 4063 1672 4134 ecclesias,
1688 4065 1720 4125 et
1735 4065 1802 4125 alia

1006 4162 1091 4222 bona
1105 4161 1297 4220 monasterii
1310 4159 1363 4219 det
1375 4157 1509 4229 eisdem,
1520 4159 1605 4218 unde
1615 4160 1694 4220 mali
1705 4163 1802 4238 quasi

1006 4253 1118 4319 desua
1134 4257 1260 4317 malitia
1276 4255 1481 4316 commodum
1497 4256 1704 4332 reportantes
1719 4273 1800 4335 pro-

1006 4353 1172 4427 labuntur,
1195 4354 1317 4430 saepius
1342 4353 1381 4413 ad
1405 4357 1530 4430 pejora,
1550 4356 1582 4414 et
1600 4353 1658 4414 alii
1672 4371 1801 4434 quoque

1005 4453 1046 4512 ad
1058 4452 1293 4523 dissensiones
1307 4455 1339 4513 et
1354 4451 1510 4512 scandala
1526 4452 1725 4527 incitautnr;
1742 4470 1802 4516 vo-

1005 4548 1113 4608 lumus
1128 4551 1161 4609 et
1180 4547 1386 4618 mandamus,
1406 4549 1439 4607 ut
1453 4546 1556 4608 abbas
1574 4547 1665 4607 viros
1684 4547 1801 4609 bones·
1870 4573 1872 4576 ·

1004 4647 1065 4716 tos,
1079 4646 1281 4716 obedientes,
1297 4643 1484 4720 religiosos,
1494 4643 1655 4720 etgraves
1669 4646 1800 4707 sincera

1004 4746 1148 4807 tractare
1160 4744 1291 4804 studeat
1306 4745 1454 4803 caritate.
1475 4745 1510 4802 ln
1531 4741 1688 4804 honestos
1707 4759 1798 4817 vero,

1004 4860 1043 4904 ac
1058 4842 1295 4912 inobedientes,
1313 4839 1491 4900 dissolutos
1507 4841 1539 4900 et
1552 4839 1640 4900 leves
1659 4858 1732 4902 cum
1749 4843 1801 4903 de·

1004 4940 1091 5012 cani,
1105 4939 1138 5000 et
1152 4939 1321 5000 seniorum
1342 4936 1481 4997 consilio
1497 4939 1596 5014 juxta
1615 4941 1799 5002 monastica

1004 5039 1120 5116 puniat
1131 5037 1294 5106 instituta,
1311 5031 1346 5095 ut
1364 5035 1412 5094 sic
1434 5033 1512 5094 boni
1526 5033 1664 5096 debono
1679 5053 1800 5112 provo-

1004 5140 1120 5197 centur
1134 5135 1175 5195 ad
1187 5133 1316 5204 melius,
1334 5133 1366 5192 et
1382 5131 1460 5193 mali
1478 5147 1498 5192 a
1515 5131 1580 5192 'su'a
1596 5133 1722 5195 malitia
1745 5152 1801 5196 re-

1002 5235 1173 5294 vocentur.
1805 5234 1808 5246 ⁴

1043 5327 1285 5392 Claustralibus
1296 5329 1405 5388 autem
1423 5328 1547 5405 absque
1562 5329 1749 5400 manifesta,
1767 5333 1799 5392 et

1003 5421 1194 5490 necessaria
1208 5425 1460 5488 causaeneundi
1472 5441 1490 5485 a
1507 5427 1652 5487 claustro
1665 5426 1809 5487 licentia·

1003 5525 1192 5586 nullatenus
1215 5519 1391 5594 tribuatur,
1418 5539 1489 5584 cum
1515 5524 1738 5598 periculosum
1755 5527 1798 5586 sit

1002 5622 1123 5682 talibus
1144 5620 1353 5681 saecularium
1370 5621 1508 5680 cratibus
1531 5619 1722 5696 admisce-13
1740 5639 1798 5684 noc

1642 5755 1656 5809 7
