4250 6404
1108 143 1158 190 f
1201 161 1204 174 .

139 305 201 362 am
766 303 1175 368 salamantinus
1378 321 1384 346 ι
1575 361 1581 380 Χ
1736 318 1794 378 153

143 461 367 527 sollicitudine
392 461 617 541 dignaremur.
634 463 739 534 Quum
759 461 863 538 igitur
877 462 940 524 du·-
993 461 1167 528 insitionis
1197 466 1230 530 et
1262 465 1478 544 indulgentia
1503 470 1696 548 intringere,
1727 475 1789 538 etc.
1894 483 1898 492 ’

143 557 234 622 bium
261 573 327 622 non
354 558 487 632 existat,
516 559 601 636 quod
627 559 684 625 tua
710 559 816 623 virtus
840 562 940 638 atqua
994 563 1112 624 Datum
1126 565 1283 640 Laterani
1299 567 1326 630 ll
1341 565 1416 628 idus
1433 568 1556 640 martii,
1571 585 1660 632 anno
1679 571 1790 636 tertio.

143 655 275 732 devotio
300 655 420 722 multos
443 655 504 717 tihi
530 656 660 734 peperit
685 657 852 729 inimicos,
878 674 940 720 nos

142 753 295 821 volentes
313 767 428 822 eorum
448 752 582 820 obviare
597 753 939 836 malitiaeinarticulo
1297 715 1491 804 CXLVIII

143 850 338 928 praenotato,
352 850 564 927 praesentium
578 850 637 912 tihi
652 851 849 916 auctoritate
860 867 941 914 con-
1092 849 1145 918 Aa
1164 852 1458 926 archepiscopum
1481 853 1690 916 Cretensem.

144 948 304 1030 cedimus,
331 947 378 1020 ut,
409 947 566 1024 quamdiu
597 963 708 1010 coram
741 949 938 1026 apostoticae
1274 961 1411 1021 ll'mertii
1432 966 1511 1022 itit.

145 1045 240 1108 Sedis
255 1044 364 1122 legato
376 1045 412 1111 in
427 1044 495 1107 illis
505 1044 654 1122 partibus
665 1047 830 1110 existente
841 1063 940 1124 para-
1025 1063 1093 1127 [lisa.
1104 1063 1181 1114 londa
1192 1065 1302 1128 Moreau,
1313 1072 1333 1116 t.
1343 1067 1446 1133 ll80,p.
1454 1069 1508 1119 stt.
1517 1069 1637 1122 Biblioth.
1650 1072 1761 1138 ration]

143 1147 198 1204 IUS
221 1142 323 1206 fueris
348 1142 388 1208 de
413 1142 446 1204 Ie
474 1142 752 1219 conquerentibus
779 1143 939 1208 OXIIIIIOE‘O
994 1161 1126 1235 Indulget
1138 1171 1169 1220 ut
1188 1163 1223 1222 ad
1242 1170 1356 1238 tempus
1370 1173 1465 1224 teneat
1482 1170 1677 1243 episcopatum
1696 1173 1791 1230 Sancti

140 1238 279 1316 justitiae
300 1236 585 1314 complementum,
609 1253 674 1300 nou
698 1237 845 1300 tenearis
867 1238 940 1300 cui·
1358 1253 1431 1311 utri.

144 1351 243 1414 quam
266 1333 326 1396 suh
343 1335 412 1399 alio
438 1334 651 1411 respondere,
667 1334 735 1396 nisi
751 1334 864 1398 forsan
880 1351 940 1414 per
1033 1349 1213 1421 Honorius,
1231 1351 1306 1422 etc„
1323 1325 1575 1432 archiepiscopo
1590 1357 1719 1418 Creten.

144 1433 273 1494 litteras
301 1447 385 1509 quaa,
415 1449 435 1493 a
462 1431 546 1493 Sede
571 1432 763 1508 apostolica
784 1432 824 1494 de
848 1435 938 1495 certa
1033 1445 1136 1507 Notis
1149 1461 1317 1524 expompet
1332 1452 1627 1530 procumgtgquod
1645 1469 1720 1516 oum
1734 1471 1794 1516 70.

145 1530 285 1606 scientia
316 1530 527 1602 emanantes,
550 1531 682 1606 plenam
714 1529 754 1594 <Ie
782 1531 938 1610 lilaesessii
993 1542 1153 1605 nerabilis
1168 1543 1396 1608 fraternoster
1408 1549 1445 1608 Ρ.
1458 1547 1657 1611 albanensis
1668 1551 1794 1628 episco-

145 1628 360 1696 concessione
386 1627 509 1692 facient
537 1627 755 1702 mentionem
786 1628 815 1690 si
841 1644 938 1706 quam
993 1657 1066 1716 pus,
1094 1641 1273 1718 legationis
1299 1643 1421 1705 dudum
1445 1645 1589 1722 fungens
1621 1647 1733 1710 offlam
1756 1650 1792 1710 in

144 1741 225 1786 vcro
240 1725 438 1794 sententiam
451 1725 486 1786 in
499 1727 533 1786 te
545 1724 598 1786 vel
613 1725 736 1786 terram
752 1725 843 1788 tuam
860 1742 940 1788 cou-
994 1738 1144 1814 partibus
1175 1740 1362 1813 Romaniae,
1400 1742 1578 1818 diligenter
1607 1745 1793 1809 attenderet

143 1825 195 1886 tra
210 1823 357 1900 ejusdem
373 1821 599 1886 ⁰0ss⁰0⁸SI0¹¹IS
614 1823 939 1902 mUIIIfflfflIssOnIIsse·
995 1836 1080 1912 quod
1106 1835 1256 1898 redditus
1283 1839 1412 1900 Creten.
1438 1840 1599 1914 ecelesiae,
1623 1842 1678 1904 cui
1699 1845 1792 1920 prins

144 1921 190 1984 rii
212 1921 427 1998 promulgari,
449 1935 522 1981 eam
546 1919 755 1982 decernimus
777 1937 844 1985 non
868 1937 941 1984 801⁸·
995 1933 1315 1996 adcomodioierant
1329 1935 1655 2015 attenues,quodox
1668 1941 1792 2003 eisnon

144 2017 297 2080 vendam.
995 2032 1127 2108 poteras
1152 2030 1323 2092 commode
1347 2034 1540 2110 sustentari,
1568 2037 1792 2114 episcopatum

185 2116 277 2176 Nulli
301 2131 380 2192 erto
404 2115 504 2178 liceat
527 2115 612 2176 I1³ss0
637 2115 793 2192 latinam
815 2115 939 2176 nosirae
996 2127 1108 2188 Sancti
1121 2127 1199 2190 Miri
1213 2127 1273 2188 tihi
1287 2128 1404 2190 tandiu
1418 2131 1791 2206 concessitlialtondum,

145 2212 865 2290 concessionisetconstitutionisinfringere,
876 2213 937 2274 ato.
994 2224 1098 2286 donec
1117 2224 1350 2302 disponeretur
1364 2227 1463 2290 aliter
1480 2244 1540 2304 por
1556 2229 1675 2292 sedem
1687 2233 1795 2309 ltpoa·¹

185 2312 302 2384 Datum
318 2310 485 2383 Laterani,
502 2313 578 2372 VIII
593 2309 667 2370 IIIS
689 2309 812 2382 martii,
829 2310 941 2388 ponti·
994 2322 1127 2384 tolicam
1153 2322 1194 2386 de
1222 2322 1349 2384 eodem.
1381 2324 1477 2391 Unde
1502 2325 1597 2387 noltis
1621 2327 1793 2391 humiliter

145 2409 263 2471 dcatus
276 2408 381 2470 nostri
395 2424 483 2468 anno
496 2407 606 2470 tertio.
995 2418 1200 2496 supplicasti,
1218 2422 1254 2481 ui
1274 2437 1349 2481 cum
1361 2422 1470 2483 adhuc
1484 2421 1608 2485 laberis
1621 2425 1745 2502 inopia,
1761 2428 1795 2490 et

457 2559 631 2648 CXLVII
995 2517 1200 2595 paupertatis
1215 2517 1350 2578 aculeus
1363 2521 1396 2579 te
1410 2518 1549 2594 affligat,
1566 2522 1792 2600 episcopatum
1815 2511 1827 2531 ⁸

995 2615 1103 2692 ipsum
1115 2614 1177 2676 tihi
1195 2615 1377 2676 concedere
1389 2615 1613 2692 dignaremur.
1637 2621 1708 2680 Nes
1727 2620 1795 2696 igi-

145 2697 197 2755 Ad
207 2695 412 2758 abbatissam
424 2693 457 2756 εἰ
472 2695 636 2756 Μθηῖαιθδ
650 2693 756 2768 sOIIIIS
774 2693 938 2754 Ebralt-(Il'.
994 2715 1052 2774 tur
1076 2711 1144 2773 tuis
1163 2711 1311 2772 volentes
1330 2713 1584 2775 necessitatibus
1601 2713 1793 2788 subvenires

426 2808 456 2864 ll
479 2813 561 2864 mart.
583 2807 661 2864 lilii.
996 2809 1169 2886 praefatum
1193 2809 1419 2885 episcopatum
1445 2809 1486 2873 de
1514 2811 1622 2886 gratia
1655 2812 1795 2888 speciali

240 2912 374 2978 [torquet
387 2911 489 2963 neuneu
505 2911 633 2968 desunt,
646 2910 848 2976 cumputat
996 2905 1111 2968 tandin
1123 2905 1299 2967 tenendum
1315 2906 1537 2979 concedimus,
1547 2909 1652 2970 donec
1667 2910 1708 2970 de
1720 2910 1795 2987 ipso

347 2990 740 3071 aegest..nb.111,eptst333.]
997 3019 1057 3064 nos
1090 3002 1190 3066 aliter
1221 3001 1447 3080 disponamus.
1480 3005 1598 3068 Datum
1625 3008 1794 3074 Laterani,

146 3083 239 3142 Eximi
253 3097 366 3156 quoque
382 3097 397 3138 a
413 3079 640 3138 vicesimaedicta
652 3080 834 3166 prestatione
846 3080 943 3137 Fontis
997 3101 1111 3178 quinto
1126 3100 1201 3161 idus
1218 3100 1341 3172 martii,
1358 3101 1570 3176 pontificatus
1587 3105 1697 3166 nostri
1707 3119 1797 3165 amm
1827 3136 1829 3148 Ι

183 3171 307 3228 Ebraudi
333 3170 537 3232 monasterium
563 3168 643 3244 jubet
662 3168 805 3226 llonorius
829 3154 943 3241 propter
996 3197 1107 3260 tenio·

182 3261 294 3318 iliarum
307 3259 451 3332 virginum
467 3258 685 3316 sanctimoniam
697 3264 725 3314 et
735 3265 941 3331 paupertatem.

188 3368 354 3430 Honorius
378 3367 592 3444 episcopus...
610 3365 740 3427 dilectis
755 3365 791 3427 in
813 3365 949 3428 Christo

148 3465 291 3538 filiabus,
324 3463 500 3526 abbatissa
539 3465 571 3525 et
603 3463 804 3525 monialibus
830 3465 943 3524 Fontis
1111 3439 1163 3498 Ad
1179 3438 1685 3514 CCIIIIIW'ISIWIPIWOPIIW·

147 3562 304 3636 Ehraudi,
323 3563 475 3635 salutem,
492 3562 554 3622 etc.
1280 3553 1311 3609 ll
1332 3558 1417 3616 mart
1439 3551 1517 3610 lilii.

188 3660 257 3722 Etsi
280 3659 381 3721 luerit
401 3657 601 3735 ingenerati
620 3657 767 3719 Concilio
784 3659 946 3720 constitu·
1025 3657 1142 3722 [aegest.
1153 3657 1198 3706 lib·
1210 3658 1253 3714 111,
1270 3657 1345 3722 epist.
1356 3657 1480 3708 ΜΡΝ·
1493 3658 1528 3708 11¹
1540 3659 1615 3711 Porto
1626 3657 1660 3710 du
1674 3659 1768 3726 Theti]

147 3761 229 3830 tum,
251 3759 287 3818 ut
302 3757 532 3818 universorum
553 3755 853 3817 ecclesiasticorum
868 3772 947 3834 pro-
1054 3757 1090 3816 Ut
1109 3755 1137 3812 in
1152 3755 1353 3814 ecelesiasticis
1368 3755 1515 3816 beneficiis
1529 3755 1679 3836 providere
1691 3772 1748 3816 non

147 3859 307 3916 ventuum
328 3853 486 3915 vicesima
504 3853 539 3913 in
558 3855 670 3914 Terrae
686 3853 816 3915 Sanctae
832 3851 945 3917 subsi-
1334 3852 1463 3930 cogatur.

148 3953 239 4014 dium
253 3952 438 4030 deputetur,
462 3950 657 4030 quibusdam
682 3950 844 4012 duntaxat
865 3950 947 4011 reli·
1040 3943 1218 4020 Honorius
1244 3944 1320 4016 etc,
1336 3942 1520 4018 venerabili
1544 3941 1679 4004 fratri...
1700 3945 1798 4007 Gata-

148 4050 251 4128 giosis
273 4049 435 4127 exemptis
456 4047 497 4108 ab
519 4048 582 4109 hac
596 4047 811 4128 praestatione
827 4048 945 4109 merito
1001 4041 1135 4102 lauden·
1152 4041 1318 4118 episeopo.

149 4147 345 4220 eximendis,
369 4146 458 4224 quia,
482 4146 568 4208 siout
587 4161 630 4206 ex
645 4143 862 4222 quorumdam
878 4145 947 4206 lra-
1041 4137 1143 4198 Nobis
1167 4137 1337 4197 humiliter
1358 4136 1564 4213 supplicasti,
1581 4139 1704 4198 uicum
1728 4137 1791 4199 fre

148 4245 237 4304 trum
252 4245 441 4304 nostrorum
463 4241 648 4304 assertione
668 4241 765 4302 nobis
788 4240 944 4312 innotuit,
1001 4235 1140 4312 quanter
1153 4249 1173 4294 a
1188 4233 1331 4304 clericis,
1346 4247 1428 4316 quos
1448 4230 1525 4293 ben.
1551 4249 1648 4295 mem.
1668 4233 1798 4310 praede-

148 4339 386 4404 monasterium
401 4341 549 4401 vestrum
571 4339 604 4400 et
618 4353 748 4413 magnae
772 4336 946 4412 religionis
1001 4346 1114 4394 cessor
1134 4331 1212 4391 tuus
1236 4329 1277 4392 ad
1297 4345 1411 4391 saeros
1430 4327 1564 4391 ordines
1591 4331 1797 4408 promovisse

150 4436 253 4499 odore
267 4435 485 4515 praelulgetet
498 4436 602 4497 nimia
617 4434 811 4512 paupertate
825 4449 948 4510 grava·
1001 4427 1216 4505 dignoscitur,
1233 4442 1293 4505 per
1315 4427 1444 4490 litteras
1469 4427 1677 4504 apostolicas
1692 4427 1800 4505 pluri·-

149 4539 216 4604 tur,
243 4535 284 4595 de
310 4535 447 4614 speciali
474 4533 582 4610 gratia
614 4531 708 4593 Sedis
736 4531 945 4610 apostolicae,
1001 4542 1090 4587 mum
1105 4539 1204 4602 super
1225 4523 1433 4588 conterendis
1446 4523 1683 4590 ecclesiasticis
1697 4526 1801 4586 bene·

149 4649 209 4694 vos
229 4648 248 4692 a
269 4632 482 4709 praestatione
505 4630 672 4691 vicesimae
697 4628 852 4691 duximus
874 4629 948 4691 exi-
1002 4623 1087 4684 dciis
1115 4621 1319 4693 molesteris,
1348 4621 1467 4700 quibus
1496 4621 1690 4694 satisfacere
1712 4639 1800 4683 nun-

150 4729 300 4801 mendas,
318 4728 500 4790 districtius
511 4727 760 4799 inhibentes,ne
771 4727 947 4804 quisquam
1002 4735 1100 4798 quarn
1115 4721 1218 4797 potes,
1231 4735 1274 4780 ex
1286 4733 1325 4780 eo
1341 4718 1426 4796 quod
1441 4717 1567 4779 nullius
1580 4719 1799 4780 ecclesiastici

150 4843 211 4887 vos
227 4824 469 4889 audeatcontra
480 4828 628 4886 tenorem
641 4823 855 4900 indulgentiae
868 4839 949 4884 nos-
1001 4816 1154 4881 beneficii
1177 4815 1321 4888 donatio,
1338 4815 1460 4892 praeter
1485 4815 1567 4876 duas
1592 4815 1721 4878 tantum
1744 4833 1801 4878 cc-

150 4925 212 4985 trae
239 4937 340 5002 super
364 4923 427 4983 hoc
451 4921 490 4982 de
517 4923 637 4984 caetero
663 4921 852 4988 molestare,
882 4936 948 4982 non
1002 4915 1133 4986 ctesias,
1150 4911 1191 4974 ad
1210 4915 1243 4975 te
1265 4912 1402 4990 spectat,
1419 4913 1484 4974 tuae
1500 4913 1667 4988 supernis
1682 4912 1802 4990 digna-

151 5019 315 5091 obstante‚
339 5019 423 5098 quod
441 5018 608 5080 nobilibus
623 5018 705 5078 viris
720 5017 834 5080 comiti
854 5019 948 5078 Mar·
1002 5028 1116 5075 remur
1147 5009 1349 5088 impotentiae
1378 5008 1565 5087 providere.
1599 5011 1669 5072 Nos
1697 5011 1802 5087 igitur

152 5117 237 5180 oniae
251 5115 298 5198 (1)
312 5117 344 5178 et
359 5119 392 5177 S.
411 5115 458 5196 (2)
472 5116 705 5178 deMaloleone
716 5115 948 5190 crucesignato
1003 5109 1210 5173 attendentes
1223 5107 1308 5186 quod
1323 5107 1394 5182 lege
1406 5106 1588 5168 necessitas
1599 5124 1666 5168 non
1681 5109 1799 5180 arctat,

151 5214 347 5276 vicesimam
378 5213 583 5274 Pietavensis
612 5212 784 5280 dioecesis,
819 5211 856 5272 in
884 5226 948 5294 qua
1004 5203 1204 5267 auctoritate
1217 5203 1278 5266 tihi
1290 5201 1504 5280 praesentium
1522 5201 1741 5279 indulgemus,
1765 5208 1802 5266 ut

152 5311 392 5373 monasterinm
406 5313 553 5375 vestrum
570 5309 669 5370 situm
691 5325 766 5386 esse
780 5307 950 5384 dignosci-
1003 5303 1070 5364 nisi
1084 5302 1228 5378 aliquam
1239 5299 1471 5378 praedictarum
1487 5298 1626 5359 duarum
1641 5299 1802 5360 ecclesia-

151 5411 218 5480 tur‚
235 5407 466 5493 mandavimus
490 5405 650 5486 asignari.
672 5406 765 5467 Nulli
782 5421 862 5482 ergo
878 5421 950 5466 om·
1004 5416 1077 5461 rum
1099 5413 1221 5460 vacare
1236 5396 1423 5472 contigerit,
1449 5395 1503 5456 vel
1519 5396 1660 5458 aliorum
1675 5394 1802 5456 bened·

152 5507 233 5568 nino
248 5506 419 5568 hominum
437 5505 536 5566 liceat
551 5504 638 5564 hanc
657 5504 811 5582 paginam
827 5503 949 5565 nostrae
1004 5497 1130 5559 ciorum
1143 5495 1277 5558 donatio
1292 5493 1333 5554 ad
1348 5509 1466 5554 manus
1475 5493 1550 5556 tuas
1563 5493 1744 5560 devenerit,
1759 5492 1800 5553 ad

200 5627 367 5702 (lilingoni
380 5625 416 5688 de
430 5627 592 5686 leziniaco.
1040 5620 1079 5692 (²)
1101 5620 1264 5678 Savariaco.
