4248 6410
986 311 1162 374 HONORII
1184 312 1228 372 Ill
1250 315 1398 376 OPERA.

676 501 862 588 dcxxiv

367 591 370 604 Ι
480 637 534 701 Ad
545 637 700 710 priorem
718 635 752 696 et
770 635 903 708 tratres
920 635 1053 695 ordinata

622 732 909 794 Praedicatorum.

670 852 772 926 23jan.
790 853 869 912 liii.

529 958 645 1026 [liipolli
661 959 729 1012 Bull.
745 960 889 1020 emutat..
903 961 942 1020 ii,
956 960 1007 1026 itt]

407 1064 541 1141 Prohibet
555 1080 592 1129 oe
604 1066 669 1139 quis
685 1066 758 1124 votis
771 1067 947 1128 solemnibus
965 1067 1127 1138 adstrictus,

421 1157 486 1218 sino
498 1155 600 1228 prioris
612 1155 657 1217 sni
673 1155 798 1224 licentia,
813 1155 849 1215 ab
861 1154 961 1215 ordine
971 1155 1108 1215 discedet.

410 1273 579 1334 Honorius
589 1271 775 1348 episcopus,
785 1287 1081 1334 seruusseruorum
1090 1273 1160 1346 liet,

369 1369 502 1431 dilectis
536 1368 615 1429 filiis
648 1370 753 1445 priori
787 1371 822 1432 et
847 1369 1006 1432 iratribus
1036 1370 1162 1432 ordinis

369 1466 641 1538 Praedioatorum,
658 1466 799 1528 salutem
820 1468 853 1528 et
873 1467 1089 1543 apostolicam
1103 1467 1163 1530 be-

369 1563 604 1626 sedictionem.

410 1671 491 1730 Cum
504 1671 533 1730 is
553 1671 609 1748 qui
624 1671 802 1732 ecclesiam
817 1687 911 1733 suam
927 1687 1012 1734 nove
1032 1687 1163 1749 semper

368 1768 464 1845 prole
487 1765 665 1840 foecundat,
681 1768 796 1830 volens
814 1769 886 1831 brec
905 1769 1063 1831 moderna
1076 1771 1162 1830 tem-

368 1879 450 1940 pora
474 1864 683 1926 conformare
712 1865 888 1941 prioribus,
917 1868 950 1928 et
972 1867 1160 1942 regularem

367 1962 471 2024 vitam
493 1962 645 2040 professi,
673 1963 765 2024 verbi
786 1965 845 2024 Dei
865 1963 1089 2026 exhortationi
1101 1979 1162 2025 va-

367 2059 461 2130 cetis,
504 2060 770 2134 evangelizantes
797 2075 856 2137 per
892 2060 1005 2121 orbem
1040 2075 1159 2122 nomen

369 2155 503 2216 Domini
527 2158 607 2218 Jesu
630 2155 765 2228 Christi,
790 2158 989 2218 auctoritate
1013 2173 1162 2234 praesen·

367 2253 450 2314 tium
464 2252 665 2326 inhibemus,
687 2269 730 2314 ne
744 2254 818 2331 quis
834 2255 908 2331 post
919 2255 1046 2316 ordinis
1059 2257 1160 2317 vestri

366 2349 606 2428 professionem
616 2351 688 2412 sine
697 2351 819 2428 prioris
832 2353 884 2412 sui
899 2352 1047 2416 discedat
1062 2354 1162 2414 licen·

365 2448 425 2520 tia,
460 2449 494 2510 et
525 2447 749 2510 discedentem
779 2447 904 2527 absque
938 2451 1160 2512 communium

366 2544 553 2607 litterarum
577 2546 764 2607 resbacum
786 2546 941 2609 cautione
968 2549 1079 2609 nullus
1097 2564 1160 2610 aur-

358 2641 445 2704 ·deat
457 2642 616 2704 reduere.
633 2642 725 2704 Nulli
736 2645 901 2719 ergoetc.

406 2738 524 2801 Datum
553 2740 721 2812 laterani,
739 2742 769 2801 x
798 2739 959 2802 kalendas
983 2739 1160 2816 februarii,

280 2829 285 2849 '
368 2836 582 2914 pontificatus
596 2851 684 2898 anno
702 2837 829 2914 quinto.

685 3023 850 3114 dcxxv

367 3149 420 3218 Ab
439 3157 626 3218 liebertum
647 3159 935 3231 Vesprtmtensem
949 3158 983 3219 ei
1000 3159 1161 3222 ibernam

560 3256 766 3330 demeruerat
782 3257 967 3330 episcopos.

663 3376 769 3451 aljan.
787 3377 866 3436 resi.

504 3479 610 3545 [ilollen
619 3481 702 3544 Epioe.
714 3481 919 3546 Ouinqmamlos„
927 3484 958 3546 11,
968 3483 1022 3549 ab]

367 3589 410 3644 Ex
433 3589 547 3645 metium
580 3587 804 3660 depositionibus
835 3591 978 3648 invenitur
1011 3591 1158 3651 Bartholo-

403 3676 1156 3752 mausoleotusQuinqueeoclesiensisepiscopussui·

401 3763 525 3823 finientis
553 3763 640 3823 luisse
667 3767 760 3824 etatis
787 3775 915 3840 ternpore
939 3769 1101 3842 electionis,
1127 3785 1161 3828 eo

1951 311 2006 372 684

1219 472 1340 550 quibus
1361 473 1485 536 temere
1509 471 1701 547 molestam
1716 469 1960 552 molestatores,
1980 469 2006 530 si

1219 570 1275 647 qui
1288 569 1422 643 luerint,
1437 569 1619 632 monitione
1631 569 1883 646 praemissaper
1895 583 2007 628 censu·

1218 681 1289 731 ram
1296 666 1569 738 ecclesiasticam,
1582 665 1808 744 appellatione
1816 665 2005 746 postposita,

1218 765 1346 827 ratione
1359 764 1484 842 praevia
1499 765 1758 841 compescentes.
1773 764 1891 825 Datum
1910 765 2006 824 Late-

1218 862 1303 934 rani,
1316 864 1361 922 ΙΧ
1383 860 1451 924 kal.
1474 860 1646 932 februarii,
1668 860 1880 938 pontificatus
1906 860 2006 922 nostri

1218 973 1305 1019 anno
1320 957 1446 1036 quinto.

1256 1069 1299 1126 In
1311 1067 1468 1129 eumdem
1483 1067 1624 1128 modum
1637 1065 1797 1141 scriptum
1812 1065 1863 1126 est
1873 1063 1916 1128 ad
1930 1066 2007 1126 Ber·

1217 1161 1430 1224 tholomaeum
1440 1162 1582 1226 eloctum
1592 1162 1708 1226 eodem
1723 1163 1788 1226 die.

1523 1367 1710 1454 cdxxvi

1216 1498 1269 1557 Aoi
1282 1499 1465 1573 Huqoaom
1483 1499 1734 1574 Linponensem
1759 1497 1793 1559 et
1815 1500 2005 1562 &erardum

1474 1595 1759 1657 Voieotiraenscm.

1510 1716 1615 1789 sijau.
1635 1717 1713 1774 lati.

1377 1829 1638 1894 sustineneamus,
1650 1831 1693 1888 iv.
1707 1831 1767 1882 inst.
1778 1830 1847 1898 soen

1216 1935 1331 1998 blandai
1342 1937 1385 1994 ais
1398 1943 1430 1996 ut
1443 1935 1478 1994 de
1496 1937 1553 1994 vite
1564 1944 1592 1994 at
1604 1936 1750 1996 miraculis
1765 1937 1890 2008 neberti,
1901 1939 1948 2012 qui
1958 1937 2006 1996 luit

1251 2027 1359 2099 primus
1385 2025 1474 2084 abbas
1506 2033 1664 2086 conventus
1696 2027 1899 2098 Molismensis,
1921 2027 2003 2086 intor-

1251 2127 1340 2174 mest.

1255 2222 1423 2286 Honorius
1432 2223 1617 2301 episcopus,
1632 2239 1930 2286 seruusseruorum
1939 2225 2002 2295 Dei,

1215 2319 1462 2382 venerabilibus
1484 2319 1642 2387 tratribus
1667 2321 1870 2398 Lingonensi
1893 2325 1926 2384 et
1939 2325 2002 2382 Va-

1216 2417 1407 2490 lentinensi,
1421 2417 1675 2480 Matisconensis
1686 2418 1852 2492 dioeoesis,
1866 2419 2002 2482 salutem

1216 2516 1249 2579 et
1264 2513 1478 2590 apostolicam
1493 2514 1770 2578 benedictionem.

1256 2611 1428 2690 Gloriosus
1447 2614 1534 2676 Deus
1553 2614 1588 2676 in
1616 2613 1746 2677 Sanctis
1767 2613 1848 2687 suis,
1870 2629 2003 2694 quorum

1216 2710 1345 2772 animes
1361 2712 1432 2788 jam
1453 2709 1654 2788 glorificavit
1679 2711 1714 2772 in
1734 2711 1828 2774 coelis
1854 2727 2004 2774 nonnun-

1216 2823 1315 2885 quam
1330 2821 1471 2885 corpora
1487 2807 1630 2870 honorat
1656 2807 1815 2880 interris,
1830 2808 2002 2872 iaciensea

1216 2903 1311 2981 quasi
1335 2902 1567 2980 participantia
1583 2919 1735 2980 superna
1758 2905 2002 2982 gloriaedivinis
2081 2935 2082 2956 .

1216 3000 1387 3061 miraculis
1400 3016 1587 3074 coruscare,
1607 3001 1736 3078 quibus,
1750 3004 1909 3080 tanquam
1922 3001 2003 3063 veri-

1216 3097 2003 3174 dicislinguis,sanctinotamiaciantfiliisbomi·

1216 3195 2001 3273 numDeipotentiam,etgloriammagniilcentia

1216 3291 1310 3368 regni
1337 3295 1424 3369 ejus,
1450 3293 1483 3355 et
1517 3308 1578 3354 nos
1611 3293 1652 3354 ad
1680 3295 1929 3356 venerationem
1959 3294 2001 3356 eis

1216 3389 1360 3451 debitam
1388 3389 1619 3462 exhibendam,
1644 3405 1823 3469 eorumque
1847 3391 2001 3467 suffragia

1216 3487 1422 3564 imploranda
1443 3486 1561 3548 merito
1575 3488 1764 3549 incitemur.
1778 3489 1871 3550 Unde
1883 3488 2002 3564 gaude-
2082 3477 2083 3566 ᾖ

1216 3601 1288 3644 mus
1303 3585 1338 3645 in
1351 3585 1502 3657 Domine,
1514 3585 1547 3645 et
1561 3584 1596 3644 in
1608 3587 1681 3661 ejus
1694 3585 1848 3646 laudibus
1863 3585 2001 3646 delecta·
2082 3599 2083 3604 ’

1215 3697 1299 3753 mur,
1314 3681 1400 3758 quod
1411 3682 1496 3742 siout
1511 3681 1623 3744 dilecti
1637 3681 1699 3743 lilii
1712 3681 1999 3744 universiabbatas

1215 3778 1446 3840 cisterciensis
1475 3778 1602 3840 ordinis
1630 3779 1665 3838 in
1689 3779 1839 3855 generali
1862 3779 2000 3856 capitulo

258 4273 263 4282 '
366 4265 641 4328 benedictionem.

402 3853 567 3927 Pffliflde‘ss
582 3853 637 3912 ¹¹⁰⁰
656 3854 786 3914 ⁸¹³⁸⁰¹Vi¹·
1215 3874 1418 3951 congregati,
1459 3891 1520 3937 nec
1548 3892 1615 3938 non
1634 3875 1737 3938 abbas
1766 3876 1799 3938 ot
1826 3877 2000 3938 conventus

407 3971 1077 4050 Honoriusepiscopus,servusservorum
1087 3976 1157 4049 Dei,
1215 3973 1439 4034 Molismensis
1467 3973 1536 4033 suis
1561 3972 1657 4034 nobis
1676 3974 1797 4035 litteris
1811 3973 2001 4036 intimarunt

366 4070 614 4132 venerabilibus
644 4069 803 4134 iratribus
828 4072 1068 4149 vesprimiensi
1088 4077 1158 4135 et...
1215 4069 1322 4131 felicis
1348 4069 1589 4132 recordationis
1615 4070 1790 4143 liebertus,
1805 4071 1862 4148 qui
1881 4073 2000 4148 primus

365 4169 521 4243 Agriensi
536 4169 711 4246 episeopis,
725 4170 865 4232 salutem
889 4171 923 4231 et
943 4171 1159 4248 apostolicam
1214 4167 1439 4229 Molismensis
1455 4169 1650 4230 monasterii
1664 4168 1725 4230 ibit
1736 4167 1850 4242 abbas,
1862 4170 2001 4245 primus·

1215 4264 1998 4343 queiecitGisterciensisordinisiundamentum,

408 4363 676 4440 Depositionibus
693 4362 826 4425 testium
838 4366 1046 4440 receptorum
1059 4381 1160 4442 snper
1214 4361 1300 4438 quod
1329 4361 1442 4422 divina
1465 4361 1574 4438 gratia
1593 4361 1736 4432 iaciente
1755 4363 1862 4424 crevit
1875 4363 1909 4424 in
1922 4366 2000 4425 tem-

366 4475 418 4533 eo,
436 4460 521 4538 quod
535 4458 737 4522 uenerabilis
752 4460 855 4521 irater
869 4461 981 4521 noster
996 4462 1159 4540 Quinque
1214 4458 1303 4535 plum
1316 4459 1465 4521 sanctum
1478 4459 1515 4520 in
1530 4461 1680 4532 Domino,
1702 4461 1861 4537 religioso
1875 4461 1996 4527 vivens,

366 4557 581 4620 ecclesionsis
593 4557 768 4634 episcopus
783 4555 956 4618 dicebatur
967 4559 1075 4619 aetatis
1090 4575 1159 4620 sus·
1213 4557 1306 4618 tenta
1316 4555 1408 4618 iulsit
1418 4557 1739 4632 gratiameritorum,
1751 4557 1837 4635 quod
1848 4558 1999 4620 Dominus

363 4655 471 4716 tinere
486 4653 659 4724 deiectum,
678 4652 809 4730 quando
834 4653 895 4714 tuit
912 4653 947 4714 ln
967 4655 1157 4732 episcopum
1211 4656 1291 4717 tunc
1312 4654 1418 4715 multa
1445 4655 1479 4715 et
1506 4669 1714 4732 magnaper
1741 4671 1817 4718 eum
1845 4653 1999 4716 miracula

365 4752 517 4812 ecclesiae
538 4751 901 4827 Quinqueecolesiensis
924 4751 1061 4826 electus,
1078 4753 1157 4814 dili·
1213 4753 1381 4827 operatus,
1396 4751 1507 4812 adbuc
1533 4754 1607 4829 post
1619 4755 1692 4829 ejus
1719 4752 1848 4814 felicem
1869 4751 1997 4820 obitum,

363 4849 482 4924 genter
516 4847 674 4924 inspectis
696 4869 704 4908 s
725 4847 804 4926 quia
841 4849 1029 4911 invenimus
1064 4851 1158 4912 suitl-
1212 4848 1253 4909 ad
1267 4847 1478 4924 sepulchrum
1492 4849 1609 4925 ipsius,
1619 4850 1661 4910 ad
1674 4851 1899 4912 ostensionem
1912 4863 1999 4910 sanc

364 4946 491 5006 cienter
514 4944 698 5022 probatum,
726 4946 821 5007 illum
854 4947 960 5024 ipsius
985 4948 1157 5011 electionis
1213 4945 1474 5022 titatisejusdem
1490 4947 1646 5022 dignatur
1667 4949 1801 5024 operari
1815 4951 1952 5024 majora,
1968 4946 2000 5004 ut

361 5049 511 5121 tempore
535 5039 638 5102 tuisse
667 5041 862 5105 sufficientis
890 5045 1018 5117 aetatis,
1048 5046 1156 5123 ipsum
1212 5059 1310 5121 quem
1324 5043 1430 5104 virtus
1444 5058 1572 5104 morum
1587 5044 1776 5106 honestavit
1785 5045 1819 5116 in
1833 5043 2000 5114 via,mira·

363 5140 541 5219 superbos
567 5139 607 5200 de
633 5139 772 5202 fratrum
801 5141 990 5202 nostrorum
1017 5145 1157 5206 oonsilio
1212 5139 1591 5205 culorumvirtusnobis
1607 5141 1804 5203 insinuatio
1822 5141 1930 5218 patria
1945 5141 2000 5200 bo-

362 5239 520 5301 duximus
531 5237 940 5316 absolvendum3ideoque
957 5238 1156 5304 fraternitati
1213 5240 1337 5300 norari.
1376 5241 1485 5310 Quare
1517 5238 1618 5299 iidem
1651 5239 1747 5300 nobis
1777 5237 2000 5317 supplicarunt

361 5338 484 5399 vestrm
511 5349 571 5413 per
596 5334 785 5412 Apostolica
807 5336 931 5412 scripta
948 5337 1154 5410 mandamus,
1212 5337 1387 5408 instanter,
1403 5339 1438 5398 ut
1452 5353 1527 5397 cum
1549 5336 1623 5401 luce
1639 5336 1763 5398 clarius
1776 5340 1888 5415 pateat
1899 5339 1999 5414 ipsum

361 5437 523 5513 quatenus
538 5433 624 5505 illos,
640 5433 760 5510 quibus
780 5433 990 5510 episcopatus
1007 5435 1060 5495 sui
1075 5451 1156 5497 cura
1213 5433 1378 5495 inordina
1400 5433 1627 5495 consessorum
1651 5449 1794 5508 regnare
1812 5434 1846 5496 in
1860 5433 1999 5496 ecclesia

361 5532 510 5592 noscitur
534 5546 608 5591 esse
635 5530 823 5602 commissa,
860 5545 927 5591 non
957 5533 1157 5608 permittatis
1212 5531 1442 5609 triumphanti,
1453 5533 1571 5592 eumin
1587 5531 1893 5594 militantiecclesia
1908 5545 2000 5594 sauo-

362 5643 464 5703 super
482 5628 628 5706 ejusdem
654 5628 866 5704 episcopatus
881 5628 1021 5706 justitiis
1036 5629 1077 5690 ab
1093 5631 1157 5692 ali·
1212 5631 1320 5691 torum
1334 5629 1485 5704 catalogo
1511 5629 1700 5690 adscribere
1714 5629 1920 5692 deberemus.
1934 5631 1998 5688 Ve-
