4280 6404
308 299 367 358 239

310 456 666 537 133331333313333
677 459 850 536 praefatum
864 460 1102 522 monasterium

310 555 408 615 situm
434 557 494 627 est,
521 573 595 619 cum
615 557 766 618 omnihus
786 557 994 634 pertinentiis
1010 557 1101 618 suis:

251 712 258 734 ,
310 654 484 727 grangiam
500 655 595 714 Gulle
621 670 695 714 cnm
719 653 871 715 omnibus
895 654 1103 731 pertinentiis

311 750 381 810 suis
398 772 406 808 ι
422 751 596 826 grangiam
611 751 646 810 in
659 751 844 812 Colenhuse
860 767 934 812 cum
950 751 1103 811 omnibus

312 848 520 922 pertinentiis
534 848 614 918 suis,
628 849 660 908 et
672 848 844 923 grangiam
853 849 887 908 in
898 847 1118 922 Ennickleim,

312 959 386 1004 cum
401 944 553 1005 omnibus
568 945 777 1022 pertinentiis
799 946 879 1017 suis,
897 961 971 1006 cum
986 944 1101 1021 pratis,

311 1042 430 1112 vineis,
444 1041 554 1114 terris,
572 1043 774 1114 nemoribus,
792 1043 942 1118 usuagiis
966 1043 999 1104 et
1022 1057 1103 1118 333-

311 1139 395 1207 3313,
412 1139 560 1201 inbosco
580 1141 614 1202 31
637 1141 746 1217 31333,
763 1141 799 1200 13
816 1141 911 1218 aquis
930 1139 1105 1202 3133133-

312 1235 411 1309 dinis,
428 1237 462 1296 13
481 1237 546 1298 3113
561 1238 594 1298 31
613 1239 739 1300 3331113
754 1240 787 1299 31
802 1237 954 1299 33311333
971 1237 1046 1298 31113
1061 1237 1105 1298 li-

311 1331 495 1394 bertatibus
505 1335 538 1396 et
551 1335 814 1397 immunitatibus
829 1335 911 1396 suis.

353 1433 439 1492 Sane
466 1432 615 1494 laborum
638 1435 836 1506 vestrorum,
860 1449 943 1509 quos
962 1431 1104 1508 propriis

313 1529 467 1589 manibus
478 1532 536 1591 aut
550 1530 733 1606 sumptibus
746 1530 855 1592 colitis
871 1529 911 1590 de
927 1528 1105 1606 possessio-

313 1627 411 1688 nibus
426 1626 548 1688 habitis
563 1629 639 1690 ante
655 1628 836 1688 Concilium
855 1626 1021 1703 generale,
1034 1625 1105 1686 3133

314 1726 469 1788 dehortis
479 1728 512 1787 31
520 1725 674 1800 virgultis
685 1727 718 1786 et
727 1721 1103 1801 piscationibusrestris,

314 1821 1107 1890 331(1333131333113331331133333133333331

314 1922 413 1982 etiam
428 1921 468 1981 de
481 1919 667 1990 novalibus,
682 1920 793 1980 nullus
815 1934 835 1979 3
848 1917 943 1981 vobis
960 1917 1106 1978 decimas

314 2021 449 2094 exigere
476 2017 530 2078 331
559 2020 757 2094 extorquere
779 2013 967 2092 praesumat.
995 2015 1108 2074 Liceat

315 2131 444 2193 quoque
467 2114 561 2175 robis
577 2114 716 2174 clericos
735 2113 787 2173 331
802 2113 907 2173 131333
929 2111 1051 2172 liberos
1075 2112 1108 2172 et

314 2213 483 2274 absolutos
498 2227 516 2272 3
531 2211 655 2271 saeculo
670 2210 835 2286 fugientes
858 2207 898 2269 ed
915 2208 1108 2270 conversio-

314 2325 390 2371 nem
413 2309 561 2385 recipere
575 2308 608 2368 et
625 2323 682 2368 eos
700 2306 823 2384 absque
847 2305 1107 2368 contradictione

313 2408 424 2483 aliqua
455 2407 611 2467 retinere.
651 2403 868 2466 Prohihemus
895 2404 1043 2479 insuper,
1071 2402 1108 2462 31

313 2504 398 2565 33111
420 2503 559 2566 fratrum
571 2503 756 2564 vestrorum
772 2500 845 2577 post
857 2500 977 2562 factarn
991 2501 1025 2562 in
1041 2516 1107 2561 mo·

313 2603 461 2664 nasterio
491 2599 602 2661 vestro
628 2598 865 2675 professionem
893 2597 1009 2659 fassit
1035 2599 1107 2659 sine

312 2700 441 2762 abbatis
456 2699 508 2758 sni
518 2695 701 2758 licentiade
713 2697 828 2756 eodem
839 2695 911 2756 loco
923 2694 1103 2756 discedere.

313 2797 541 2860 Discedentem
553 2809 633 2854 3333
645 2793 769 2869 3133333
784 2793 1005 2870 333333133
1019 2792 1107 2854 11113-

313 2911 426 2957 33333
452 2892 638 2953 333133333
667 2890 820 2951 33311333
848 2889 960 2950 331133
987 2888 1107 2951 audeat

313 2993 477 3054 retinere:
499 2988 632 3066 quodsi
660 2987 733 3064 quis
756 2985 839 3047 ferte
853 2987 998 3048 retinere
1020 3001 1108 3063 prae-

314 3086 502 3164 sumpserit,
525 3085 652 3146 licitum
674 3083 768 3144 vobis
794 3083 837 3145 sit
864 3084 899 3143 in
922 3083 1011 3160 ipsos
1035 3099 1108 3144 mo-

312 3187 437 3250 nachos
449 3184 502 3245 vel
517 3196 695 3244 conversos
711 3181 896 3263 regularem
910 3181 1105 3246 sententiam

313 3283 533 3362 promulgare.

352 3382 436 3443 lllud
453 3379 635 3441 districtius
649 3376 848 3450 inhibentes,
859 3378 1035 3438 neterrras
1048 3391 1107 3436 seu

312 3478 481 3556 quodlibet
490 3475 686 3537 beneficium
706 3476 857 3536 ecclesiae
869 3475 989 3535 3331333
1004 3472 1108 3534 33113-

309 3579 379 3637 133
392 3575 491 3635 liceat
507 3573 608 3633 alicui
624 3571 845 3647 personaliter
857 3571 936 3631 dare
956 3571 1106 3632 31333113

310 3673 407 3734 modo
418 3671 566 3731 alienare
577 3669 701 3744 absque
714 3682 877 3728 consensu
892 3667 994 3729 totius
1009 3668 1105 3744 capi-

309 3770 371 3833 tuli
384 3769 437 3830 331
448 3767 584 3843 majoris
593 3765 646 3827 331
658 3765 802 3826 sanioris
820 3765 924 3842 partis
935 3765 1051 3841 ipsius.
1071 3765 1106 3825 Si

311 3883 385 3945 quae
400 3882 478 3927 3333
492 3863 686 3926 donationes
699 3863 751 3924 331
762 3862 981 3923 alienationes
996 3861 1103 3934 aliter,

311 3979 409 4041 qnam
432 3963 555 4023 dictum
574 3961 635 4027 est,
651 3959 746 4020 factae
764 3959 897 4029 fuerint,
915 3975 971 4020 eas
993 3959 1106 4020 irritas

311 4077 384 4122 esse
395 4075 578 4122 censemus.
589 4057 635 4119 nd
648 4056 1056 4133 haecetiamprohibemus,
1064 4072 1106 4117 ne

311 4159 431 4236 aliquis
451 4157 632 4218 monachus
654 4155 725 4216 sive
745 4170 926 4216 conversus
948 4153 1009 4215 33113
1024 4169 1105 4231 333-

311 4257 462 4319 sessione·
473 4255 592 4316 3331333
603 4253 719 4313 domus
735 4253 914 4314 adstrictus
934 4253 1105 4312 3133333-

312 4370 411 4415 sensu
440 4352 579 4422 abbatis,
607 4352 641 4411 et
668 4351 806 4427 majoris
835 4351 940 4426 partis
969 4349 1106 4426 capituli

311 4450 416 4512 vestri
430 4447 639 4525 prouidentia
652 4447 879 4516 constitutum,
895 4447 960 4506 nisi
974 4448 1107 4522 propter

312 4545 521 4609 manifestam
534 4543 651 4603 domus
667 4543 785 4603 vestrae
805 4541 993 4603 utilitatem.
1015 4543 1105 4612 Quod

313 4645 341 4705 si
365 4645 448 4705 forte
471 4642 580 4702 facere
602 4638 861 4717 presumpserit,
876 4654 942 4698 non
955 4640 1107 4701 teneatur

313 4741 494 4802 conventus
512 4753 572 4815 pro
594 4737 646 4798 his
661 4735 871 4813 aliquatenus
886 4736 1104 4812 respondere;

313 4840 438 4901 licitum
455 4838 615 4912 praeterea
629 4835 672 4897 sit
685 4835 780 4895 robis
792 4835 827 4896 in
840 4833 984 4910 propriis
996 4834 1106 4894 causis

315 4938 385 4998 sive
407 4934 549 5005 ciuilem,
576 4933 647 4994 sive
673 4932 891 5004 criminalem,
915 4931 1106 4992 contineant

315 5033 530 5113 quaestionem
553 5029 692 5091 fratrum
707 5031 893 5091 vestrorum
909 5029 1107 5090 testimoniis

315 5133 374 5204 uti,
396 5145 439 5191 ne
458 5127 661 5205 3333313313
682 5128 816 5189 testium
836 5129 892 5204 jus
910 5127 1057 5188 vestrum
1073 5127 1107 5188 in

315 5231 427 5307 aliquo
439 5226 550 5287 331331
565 5224 728 5300 deperire.

355 5331 494 5402 Insuper
505 5323 700 5384 anctoritate
709 5322 897 5398 apostolica
907 5319 1105 5393 inhibemus,

308 5421 357 5489 'ne
379 5425 468 5486 ullus
490 5423 663 5498 episeopus
685 5420 738 5481 331
759 5419 912 5497 quaelibet
933 5418 1000 5479 alia
1028 5434 1107 5494 per-

316 5540 397 5584 sona
413 5521 453 5583 ad
466 5519 609 5596 synodos
624 5517 677 5579 331
689 5521 871 5577 conventus
887 5515 1035 5577 forenses
1050 5533 1110 5577 333

317 5623 377 5692 133,
393 5619 445 5680 331
464 5616 591 5695 judicio
611 5615 764 5677 saeculari
783 5613 825 5675 de
839 5617 948 5676 vestra
974 5614 1108 5691 propria

917 297 1092 361 HONORII
1115 302 1159 360 111
1181 301 1328 364 OPERA.

1890 301 1951 362 240

1158 459 1341 522 substantia
1356 461 1411 523 rel
1421 459 1687 538 possessionibus
1700 461 1821 524 vestris
1837 461 1953 540 subja·-

1159 571 1233 616 cere
1248 556 1437 633 compellat,
1453 573 1515 618 nec
1529 557 1570 618 ad
1584 557 1698 618 domos
1708 559 1837 619 3331333
1849 574 1952 620 causa

1158 652 1292 714 ordines
1312 653 1522 734 celebrandi,
1551 670 1672 715 causas
1697 654 1872 727 tractandi,
1897 656 1952 718 331

1159 751 1342 812 333333133
1357 750 1486 828 3113333
1499 750 1647 828 publicos
1668 753 1873 814 convocandi
1888 769 1951 814 33-

1159 847 1232 908 nire
1258 849 1525 925 333333331333
1548 848 1735 924 regularem
1757 848 1951 911 electionem

1159 943 1287 1006 abbatis
1301 945 1405 1006 333131
1424 944 1593 1022 impediat,
1611 947 1668 1008 aut
1692 946 1733 1007 de
1748 946 1953 1009 instituendo

1158 1042 1212 1102 331
1226 1042 1426 1103 removendo
1440 1058 1491 1115 eo,
1513 1044 1569 1119 qui
1589 1059 1648 1119 pro
1667 1043 1815 1120 tempore
1839 1044 1950 1118 fuerit,

1159 1141 1274 1200 contra
1290 1141 1411 1202 statuta
1433 1139 1663 1202 cisterciensis
1685 1139 1811 1202 ordinis
1833 1157 1868 1202 se
1884 1140 1952 1202 ali-

1160 1239 1320 1314 quatenus
1334 1238 1540 1299 intromittat.
1558 1237 1593 1298 Si
1606 1253 1686 1301 3333
1696 1237 1882 1316 331333333,
1893 1255 1955 1300 33-

1155 1337 1212 1410 jus
1237 1335 1270 1395 in
1287 1335 1445 1411 parochia
1460 1335 1577 1396 domus
1595 1337 1709 1396 vestra
1733 1334 1868 1398 fundata
1882 1339 1951 1408 331,

1159 1447 1234 1492 333
1257 1432 1442 1494 1331111313
1460 1447 1500 1493 33
1517 1432 1703 1504 devotione,
1720 1448 1784 1509 qua
1799 1435 1955 1496 convenit

1159 1529 1338 1606 requisitus
1354 1529 1564 1591 substitutum
1579 1528 1730 1590 abbatem
1743 1529 1952 1602 benedicere,

1159 1629 1193 1688 31
1204 1628 1272 1688 3113
1282 1643 1355 1703 quae
1366 1627 1407 1687 ad
1417 1626 1561 1688 officium
1576 1627 1765 1704 episcopale
1776 1629 1952 1704 pertinent,

1160 1723 1253 1786 vebis
1277 1722 1428 1785 conferre
1451 1725 1611 1793 renuerit,
1634 1723 1761 1786 licitum
1783 1725 1825 1786 311
1845 1725 1954 1786 eidem

1160 1821 1283 1892 abbati,
1309 1822 1337 1881 si
1358 1823 1470 1884 tamen
1493 1821 1647 1883 sacerdos
1668 1820 1781 1893 fuerit,
1801 1822 1954 1899 proprios

1161 1920 1304 1981 novitios
1315 1918 1523 1986 benedicere,
1535 1920 1568 1982 et
1577 1918 1655 1990 3113,
1671 1935 1744 1996 quae
1754 1919 1795 1980 ad
1808 1917 1954 1980 31113133

1161 2033 1258 2077 3333
1282 2017 1459 2092 pertinent,
1484 2012 1652 2088 exercere,
1678 2017 1711 2079 et
1725 2016 1818 2078 vobis
1842 2019 1955 2078 omnia

1161 2113 1203 2174 ab
1224 2113 1290 2174 alio
1312 2113 1466 2190 episcopo
1490 2113 1673 2191 percipere,
1701 2129 1774 2192 que
1800 2117 1954 2176 3333133

1161 2212 1285 2273 1333131
1295 2211 1440 2274 13131113
1455 2211 1627 2287 denegata.

1202 2308 1285 2370 Illud
1300 2308 1507 2385 adjicientes,
1522 2309 1558 2370 ut
1569 2309 1603 2370 in
1613 2309 1813 2386 recipiendis
1826 2323 1956 2385 posses·

1162 2407 1321 2478 sionibus,
1338 2421 1410 2483 333
1425 2405 1640 2468 abenedictis
1651 2407 1705 2467 331
1719 2406 1953 2468 benedicendis

1161 2503 1333 2564 abbatibus
1370 2502 1585 2574 exhibentur,
1623 2519 1661 2564 ea
1698 2504 1771 2566 3133
1805 2502 1954 2580 episcopi

1161 2601 1266 2661 forma
1285 2602 1317 2662 et
1331 2601 1547 2677 expressione
1566 2601 1722 2672 contenti,
1739 2599 1955 2678 3333313331-

1161 2699 1238 2771 gine
1258 2697 1385 2758 ordinis
1406 2697 1555 2758 noseitur
1577 2697 1742 2770 instituta,
1767 2699 1804 2758 ut
1827 2697 1956 2759 33111331

1161 2795 1295 2856 abbates
1317 2794 1381 2870 ipsi
1396 2795 1488 2856 33133
1507 2795 1623 2856 ordine
1638 2810 1697 2856 suo
1722 2793 1869 2871 profiteri
1890 2793 1953 2856 de-

1160 2891 1270 2964 beant,
1291 2892 1325 2954 et
1345 2893 1460 2954 contra
1478 2893 1600 2956 statuta
1620 2892 1747 2953 ordinis
1762 2892 1814 2952 sui
1829 2891 1954 2952 331133

1161 2989 1403 3067 professionem
1444 2989 1553 3050 facere
1596 2989 1846 3065 compellantur.
1890 2991 1954 3051 Pro

1161 3085 1466 3148 consecrationibus
1489 3101 1569 3149 3333
1584 3086 1752 3158 altarium,
1772 3085 1826 3149 331
1846 3086 1956 3147 33313-

1162 3183 1297 3255 313333,
1315 3184 1385 3243 3133
1409 3198 1468 3259 333
1490 3182 1563 3245 oleo
1585 3186 1712 3256 sancto,
1728 3183 1782 3243 331
1806 3183 1955 3260 quolibet

1161 3281 1387 3342 ecclesiastico
1400 3279 1619 3352 sacramento,
1631 3281 1742 3342 nullus
1755 3297 1774 3342 a
1787 3280 1880 3342 vobis
1893 3279 1956 3341 sub

1162 3378 1296 3441 obtentu
1320 3378 1571 3439 consuetudinis
1585 3377 1637 3440 331
1660 3379 1727 3440 3113
1742 3377 1839 3440 modo
1853 3377 1952 3454 quic-

1162 3491 1259 3553 quam
1283 3474 1405 3536 audeat
1426 3477 1635 3553 extorquere,
1662 3475 1719 3536 sed
1747 3475 1818 3537 haec
1842 3474 1954 3536 omnia

1161 3573 1265 3649 gratis
1286 3572 1380 3634 vobis
1403 3573 1578 3649 episcopus
1599 3571 1807 3634 dioecesanus
1827 3571 1956 3648 impen-

1161 3671 1228 3732 dat.
1244 3670 1399 3747 Alioquin
1421 3670 1521 3733 liceat
1536 3670 1643 3742 331313,
1658 3685 1864 3747 333333333
1878 3685 1954 3730 ma-

1162 3767 1290 3828 lueritis
1315 3767 1513 3828 catholicum
1543 3767 1636 3828 adire
1662 3768 1852 3838 antistitem,
1872 3782 1954 3842 gra-

1161 3865 1241 3925 tiam
1273 3866 1307 3925 et
1336 3865 1599 3925 communionem
1635 3863 1728 3924 Sedis
1758 3864 1954 3941 Apostolicae

1161 3962 1353 4032 habentem,
1384 3961 1440 4038 qui
1471 3961 1585 4022 nostra
1623 3961 1726 4023 133133
1759 3962 1955 4023 auctoritate

1161 4059 1265 4129 uobis,
1291 4057 1377 4135 quod
1404 4058 1598 4134 postulatur,
1616 4059 1794 4135 impendat.
1812 4058 1901 4130 Quod
1925 4059 1955 4120 31

1162 4155 1257 4218 sedes
1279 4156 1461 4216 dioecesani
1485 4156 1631 4232 episcopi
1660 4156 1745 4218 forte
1772 4156 1953 4226 vacaverit,

1161 4253 1294 4314 interim
1318 4252 1428 4313 omnia
1451 4253 1678 4313 ecclesiastica
1704 4255 1911 4314 sacramenta
1935 4268 1954 4312 a

1161 4351 1280 4412 vicinis
1295 4349 1459 4426 episcopis
1483 4349 1634 4426 accipere
1651 4349 1756 4411 libere
1779 4351 1812 4412 et
1832 4349 1956 4426 absque

1161 4447 1423 4509 contradictione
1438 4447 1583 4523 possitis,
1595 4447 1644 4508 sic
1656 4449 1777 4518 tamen,
1792 4450 1826 4509 ut
1840 4448 1956 4509 exhoc

1161 4546 1196 4605 in
1212 4545 1379 4621 posterum
1395 4545 1538 4621 propriis
1553 4545 1718 4622 episcopis
1731 4544 1859 4605 nullum
1874 4560 1957 4621 prae-

1158 4641 1320 4718 judicium
1349 4641 1537 4715 generetur.
1564 4642 1648 4714 Quia
1679 4658 1760 4702 3333
1790 4641 1955 4702 interdum

1162 4739 1372 4814 propriorum
1382 4737 1614 4814 episcoporum
1626 4739 1755 4814 copiam
1771 4754 1838 4799 non
1852 4737 1957 4799 habe-

1161 4835 1215 4906 tis,
1239 4835 1267 4894 si
1288 4851 1384 4912 quem
1407 4835 1598 4912 episcopum
1623 4839 1781 4897 Romanae
1798 4836 1903 4908 Sedis,
1921 4838 1958 4897 ut

1161 4932 1318 5004 diximus,
1342 4932 1484 5007 gratiam
1500 4933 1533 4993 et
1547 4933 1813 4994 communionem
1830 4932 1957 4993 haben-

1161 5030 1238 5101 tem,
1265 5028 1358 5090 etde
1383 5045 1447 5106 quo
1474 5029 1607 5105 plenam
1630 5029 1782 5091 notitiam
1805 5029 1956 5092 habeatis

1162 5142 1296 5203 333333
1313 5127 1459 5187 13333133
1474 5125 1659 5202 contigerit,
1682 5126 1723 5188 ab
1742 5143 1781 5189 33
1796 5127 1956 5188 benedic·

1162 5226 1270 5286 tiones
1284 5238 1439 5285 vasorum
1464 5225 1496 5285 et
1514 5224 1667 5296 vestium,
1687 5223 1956 5286 consecrationes

1163 5322 1329 5392 altarium,
1353 5318 1580 5399 ordinationes
1601 5321 1852 5390 monachorum,
1875 5337 1958 5383 auc-

1162 5420 1294 5481 toritate
1316 5418 1410 5479 Sedis
1428 5419 1625 5495 apostolicae
1640 5418 1790 5493 recipere
1803 5419 1955 5480 valeatis.

1163 5537 1166 5544 ·
1204 5520 1307 5578 Porro
1340 5516 1554 5592 3133133331,
1573 5516 1627 5576 331
1653 5514 1711 5574 3111
1740 5515 1956 5576 ecclesiarum

1163 5613 1364 5675 3331333313
1388 5612 1626 5675 monasterium
1646 5613 1793 5673 vestrum
1812 5612 1957 5690 331333-
2048 5689 2051 5692 ,
