4248 6410
207 267 266 328 ese

511 439 688 528 CXXVII

245 573 297 633 Aa
307 572 536 648 prepositum
552 574 587 634 ei
605 571 792 646 caprimum
812 573 960 634 ecciesiae

475 673 730 746 sceeriupensts.

454 783 472 842 9
506 782 636 840 decemb.
673 781 751 840 tito.

372 889 472 954 [raus
485 888 581 940 Tradit.
594 887 750 946 corbeieae..
763 885 830 951 teo]

208 987 417 1056 possessiones,
437 1002 509 1059 quas
527 987 563 1043 ab
591 988 712 1060 Ouargo
730 985 853 1058 quodam
882 992 909 1042 et
936 983 1003 1040 illlis

241 1075 305 1148 ejus
318 1076 473 1149 capitulum
484 1075 656 1148 sceningen.
673 1082 793 1144 emerat,
808 1075 905 1131 ecclia
915 1073 1000 1140 boue,

242 1163 456 1222 eisconllrmat.

247 1271 415 1334 Honorius
426 1271 611 1350 epscopus,
620 1287 737 1332 servus
746 1285 918 1332 servorum
930 1269 999 1340 Dei,

208 1367 338 1431 dilectis
354 1368 432 1430 filiis
448 1368 625 1446 praeposito
642 1369 675 1428 et
687 1367 832 1444 capitulo
851 1365 1002 1426 ecclesiae

210 1452 454 1540 Sc'eningeusiS,
469 1465 611 1525 salutem
626 1464 658 1524 et
671 1463 885 1540 apostolicam
900 1461 1004 1522 bene-

209 1561 397 1624 dictionem.

248 1661 266 1721 J
269 1658 351 1720 ustis
361 1658 540 1736 petentium
553 1657 727 1720 desideriis
739 1656 873 1732 dignum
885 1657 1003 1717 estnos

209 1754 353 1826 facilem,
362 1753 511 1831 praebere
519 1770 693 1815 assensum
704 1756 736 1815 et
747 1756 824 1815 vota
837 1769 910 1830 quae
923 1768 940 1812 a
953 1766 1005 1812 ra·

207 1851 310 1915 tionis
323 1851 455 1914 tramite
470 1867 536 1913 non
550 1851 751 1922 discordant,
762 1850 881 1912 effectu
895 1864 1005 1926 prose·

208 1951 329 2026 quente
342 1949 518 2026 complere.
534 1951 741 2026 Quapropter
755 1947 867 2009 dilecti
883 1947 917 2007 in
933 1949 1002 2008 Do-

207 2047 297 2108 mino
307 2045 501 2119 filii,vestris
509 2047 610 2122 justis
618 2044 898 2124 postulationibus
907 2046 1003 2120 grato

207 2145 443 2206 concurrentes
474 2159 626 2215 assensu,
650 2143 893 2221 possessiones,
922 2157 1003 2218 quas

208 2241 329 2303 dudum
344 2257 364 2302 a
379 2241 520 2318 quodam
535 2242 667 2318 Onargo
686 2244 720 2302 et
733 2238 811 2300 liliis
822 2241 894 2315 eJus
907 2238 1003 2299 laicIs

208 2339 391 2417 proponitis
411 2355 468 2400 vos
488 2338 619 2411 emisse,
639 2341 802 2415 cumjure
821 2335 1003 2398 advocatiae

207 2436 365 2514 ipsarum,
374 2434 661 2498 vobisavenerab.
676 2434 778 2496 fratre
790 2436 902 2496 nostro
914 2433 1004 2510 epis-

207 2550 290 2610 copo
299 2533 556 2606 Alberstadensi,
570 2533 611 2594 de
621 2532 760 2610 capituli
773 2532 825 2592 sui
838 2546 1003 2594 consensu

207 2630 346 2708 provida
380 2627 621 2692 deliberatione
651 2643 838 2699 concessas,
862 2643 901 2689 ac
935 2627 1002 2688 alie

208 2729 295 2792 bona
307 2729 429 2800 vestra,
440 2727 526 2790 sicut
537 2742 577 2788 oa
589 2727 699 2790 omnia
709 2728 799 2804 juste
813 2741 852 2786 ac
866 2725 1003 2803 pacifice
1021 2795 1024 2804 Ι

209 2825 397 2904 possidetis,
410 2825 505 2886 vobis
525 2824 558 2886 et
569 2840 629 2902 per
641 2840 700 2886 vos
713 2823 862 2886 ecelesias
884 2823 1002 2884 vestrae

839 269 1067 330 erraneum.
1092 269 1168 328 nte.
1193 251 1231 328 v.

1762 269 1849 364 ¹ece

1053 427 1142 504 gotio
1155 428 1239 505 ipsc,
1251 426 1335 504 quod
1348 443 1450 502 grave
1460 428 1606 504 gerimus
1619 428 1652 490 et
1665 427 1846 504 indignum,

1054 525 1199 586 nondum
1214 525 1393 602 procedere
1408 525 1596 587 curavistis.
1610 523 1771 598 Qu'ocirca
1785 525 1849 586 dis-

1054 623 1195 685 cretioni
1209 623 1330 684 vestrae
1342 638 1403 700 per
1413 623 1604 700 apostoliea
1620 621 1850 700 scriptapree-

1055 719 1422 798 cipiendomandamus,
1440 720 1796 797 quatenusoccasione,
1812 735 1852 781 ac

1055 819 1271 880 excusatione
1283 817 1501 890 cessantibus,
1518 819 1553 879 in
1565 817 1702 895 praelato
1714 818 1851 892 negotio

1056 913 1144 975 inira
1174 915 1318 991 quatuor
1338 931 1468 976 menses
1497 917 1572 991 post
1596 914 1851 991 susceptionem,

1052 1012 1149 1089 juxta
1158 1010 1297 1072 sormam
1306 1011 1400 1072 vobis
1411 1011 1853 1087 traditam,rationepraevia

1057 1109 1254 1185 procedatis.
1276 1109 1433 1186 Alioquin
1454 1109 1638 1171 venerabili
1658 1109 1754 1170 fratri
1770 1125 1852 1170 nos-

1057 1206 1146 1268 tro...
1164 1207 1319 1284 episcopo
1331 1208 1563 1267 Convenarum
1581 1209 1614 1269 et
1631 1207 1762 1268 dilectiS
1775 1207 1854 1267 illiis

1058 1305 1097 1365 R.
1127 1303 1289 1365 Willelmi
1314 1303 1354 1364 de
1377 1304 1551 1380 Lingonio,
1573 1307 1606 1366 et
1629 1304 1800 1366 Bernardo
1815 1305 1857 1365 de

1057 1401 1194 1476 Angelis
1213 1399 1384 1462 canonicis
1405 1403 1563 1463 Vasates.
1590 1401 1713 1463 nostris
1738 1401 1855 1462 damus

1058 1499 1178 1560 litteris
1191 1499 1226 1558 in
1241 1499 1416 1570 mandatis,
1432 1500 1468 1560 ut
1482 1499 1546 1576 ipsi
1568 1513 1611 1560 ex
1627 1500 1706 1561 tunc
1721 1501 1761 1560 ad
1778 1515 1854 1560 cor-

1058 1595 1240 1657 rectionem
1282 1595 1433 1657 ecclesiae
1470 1597 1636 1673 praedictae
1677 1597 1857 1674 procedant

1054 1694 1152 1770 Juxta
1197 1693 1345 1768 priorum
1381 1693 1620 1755 continentiam
1653 1693 1852 1755 litterarum.

1059 1791 1176 1852 Datum
1206 1791 1378 1863 Laterani,
1416 1791 1531 1868 quinto
1557 1791 1632 1852 idus
1660 1791 1855 1864 decembris,

1061 1887 1272 1964 pontificatus
1288 1889 1392 1950 nostri
1409 1904 1496 1949 anno
1514 1889 1640 1966 quinto.

1381 2083 1537 2169 CXXIX

1062 2218 1114 2279 Ad
1133 2203 1346 2290 priorissam
1365 2217 1399 2278 et
1422 2216 1628 2278 convectum
1651 2219 1856 2279 monialium

1107 2318 1148 2376 dc
1163 2316 1388 2376 Rvereoruuda
1407 2312 1645 2376 Cistercieosts
1660 2317 1804 2378 ordiaris.

1321 2435 1356 2492 ro
1369 2433 1499 2492 decemb.
1517 2435 1596 2493 tite.

1181 2539 1331 2605 [Maurique.
1344 2539 1412 2590 Anu.
1426 2540 1596 2602 cisterciens,
1611 2541 1653 2596 lli.
1666 2541 1733 2606 tte]

1058 2647 1227 2707 Priorissam
1236 2653 1443 2704 etoonventum
1457 2647 1665 2705 monialiumde
1674 2650 1855 2708 Ruremunda

1119 2737 1172 2794 sub
1188 2735 1263 2794 beati
1278 2737 1352 2794 Petri
1366 2744 1394 2793 et
1404 2751 1456 2793 sua
1472 2737 1649 2809 protectione
1664 2737 1793 2810 suscipit.

1097 2853 1359 2915 confirmaverat
1385 2853 1552 2915 Honorius
1579 2869 1664 2931 papa
1685 2855 1730 2916 ΙΙΙ
1746 2856 1855 2916 Rure-

207 2921 602 2998 ξωθῖῡῖῑῐθῑῗθΛΡΟθῑΟῙῘῦ8
614 2921 848 2982 ⁰⁰¹¹fl¹⁹ffl³mus
864 2922 897 2983 et
911 2936 1002 2997 prae‘
1059 2952 1240 3013 mundense
1251 2951 1438 3012 coenobium
1453 2951 1531 3013 aute
1541 2952 1722 3014 triennium
1735 2952 1854 3014 litteris

208 3020 311 3081 sentis
327 3019 441 3097 scripti
453 3019 638 3095 patrocimo
647 3018 898 3128 communimus.
910 3016 1003 3128 liulli
1057 3049 1143 3111 datis
1167 3049 1208 3110 ad
1224 3049 1431 3124 priorissam,
1455 3049 1488 3110 et
1507 3051 1704 3111 conventum
1721 3051 1854 3112 monia,

156 3223 158 3228 ,
207 3133 288 3194 01'80
303 3117 438 3179 ⁰mni¹¹0
452 3115 832 3227 h⁰¹¹{in¹†m‚¹¹⁰‘³·ath³¹¹⁰
847 3131 1002 3225 9³3¹,nam
1058 3147 1139 3208 lium
1159 3146 1201 3207 de
1223 3146 1437 3208 Ruremunda
1464 3147 1693 3208 cisterciensis
1714 3147 1852 3219 ordinis,

208 3217 331 3277 nostrae
346 3213 607 3277 confirmatronrs
622 3213 816 3290 iufringere,
832 3213 884 3273 vel
897 3227 928 3273 er
942 3228 1004 3272 au·
1058 3257 1140 3320 quas
1165 3241 1353 3320 Hemiquez
1376 3241 1520 3313 adducit,
1546 3242 1582 3302 in
1603 3241 1722 3318 quibus
1743 3243 1854 3304 tamen

208 3329 250 3374 su
264 3312 443 3376 temerario
468 3311 645 3374 contraire.
665 3311 699 3372 Si
724 3311 797 3387 quis
812 3311 922 3372 antem
941 3310 1003 3371 hoc
1059 3355 1124 3402 non
1148 3340 1308 3417 specialia
1337 3339 1435 3412 bona,
1464 3355 1537 3417 quae
1559 3337 1705 3401 nondum
1728 3340 1855 3402 instru,

208 3411 372 3473 attentare
391 3409 650 3486 praesumpserit,
663 3407 926 3484 indignationem
938 3423 1003 3468 om·

209 3507 459 3584 nipoteutisbei
482 3509 515 3568 ei
530 3507 726 3568 Sanctorum
739 3504 830 3567 Petri
853 3507 886 3566 et
907 3505 1003 3566 Pauli

208 3605 433 3682 apostolorum
460 3607 544 3681 ejus,
566 3619 602 3665 se
626 3603 756 3666 noverit
777 3602 1001 3664 incursurum.

210 3702 328 3763 Datum
343 3701 510 3770 Laterani,
525 3703 553 3763 V
571 3700 644 3762 idus
658 3699 852 3773 decembris,
863 3699 1001 3777 pontill-

209 3802 306 3862 catus
318 3799 424 3862 nostri
437 3814 526 3861 auno
537 3799 662 3877 quinto.

508 3959 706 4046 CXXVIII

254 4087 306 4147 Ad
323 4084 479 4145 abbatem
497 4086 749 4144 olomucensem
764 4083 798 4143 ei
808 4084 950 4155 priores

330 4183 443 4242 Scrrcii
466 4183 615 4241 Macaria·
630 4181 664 4241 ei
678 4183 867 4241 clariaceu.

469 4293 487 4352 9
501 4291 629 4351 decemb.
643 4293 722 4350 ttae.

231 4402 350 4466 [Regest.,
364 4400 411 4452 lib.
420 4401 451 4461 V,
465 4399 540 4470 epist.
554 4399 610 4452 223.
621 4401 678 4451 liss.
697 4399 732 4450 La
745 4399 823 4449 Porta
838 4397 871 4448 du
885 4393 979 4462 lircil]

206 4509 339 4582 Prmprit
352 4508 395 4566 eis
414 4514 445 4565 ut
456 4508 519 4564 sine
533 4521 614 4564 mora
637 4504 674 4563 ed
687 4505 893 4562 correctionem
908 4505 1000 4562 eccle·

240 4599 292 4656 sie
307 4597 403 4656 Sancti
417 4597 539 4655 Andreae
559 4594 781 4670 burdegalensis
795 4593 960 4667 procedant.

245 4716 425 4786 Honorius,
451 4715 527 4786 etc,
558 4713 689 4774 dilectis
714 4711 793 4772 tiliis
814 4711 997 4772 Clariacen.

206 4811 318 4875 abbati
326 4817 396 4874 et...
405 4813 518 4874 Sancti
528 4810 668 4872 Macarii
679 4810 904 4874 etClariecen.
915 4810 1002 4886 prio·

206 4909 309 4980 ribus,
325 4913 495 4985 agennen.
518 4911 551 4972 et
564 4909 783 4984 Burdogalen.
808 4907 998 4968 dioecesum.

1058 3439 1170 3500 mento
1185 3437 1315 3499 firmata
1331 3438 1444 3499 esseni
1461 3453 1468 3498 :

1098 3587 1117 3632 a
1131 3569 1193 3632 Sed
1209 3585 1383 3647 personas,
1407 3571 1440 3633 et
1459 3569 1580 3644 locum,
1597 3569 1653 3642 eit,
1671 3571 1706 3633 iu
1721 3587 1786 3649 quo
1799 3571 1855 3632 di-

1058 3667 1137 3730 vino
1154 3668 1234 3730 estis
1256 3666 1414 3746 obsequio
1436 3669 1633 3746 mancipatae
1652 3685 1727 3730 cum
1748 3669 1857 3730 omni-

1058 3765 1119 3826 bus
1134 3765 1240 3838 bonis,
1258 3782 1332 3843 quae
1354 3765 1407 3828 vel
1427 3765 1463 3827 in
1478 3766 1732 3842 presentiarum
1748 3767 1855 3829 ratio-

1058 3862 1215 3926 nabiliter
1236 3863 1432 3940 possidetis,
1458 3863 1566 3924 autin
1581 3863 1728 3925 futurum
1752 3864 1851 3941 justis
1953 3882 1961 3892 ·

1058 3961 1176 4033 medie,
1190 3961 1368 4036 praestante
1378 3959 1528 4034 Domino,
1541 3961 1692 4038 poteritis
1701 3961 1853 4038 adipisci,

1019 4072 1023 4080 ·
1059 4057 1118 4118 sub
1131 4057 1220 4121 beati
1235 4057 1339 4127 Petri,
1356 4057 1389 4119 et
1399 4058 1512 4118 nostra
1525 4057 1730 4134 protectione
1746 4059 1856 4118 susci-

1058 4155 1177 4232 pimus.
1193 4156 1310 4215 Datum
1324 4153 1491 4227 Laterani,
1507 4155 1624 4231 quarto
1637 4154 1712 4215 idus
1727 4153 1856 4217 decem·

1057 4252 1137 4325 bris,
1155 4250 1365 4328 pontificatus
1379 4251 1484 4314 nostri
1499 4267 1587 4314 anno
1602 4253 1728 4332 quinto.
1743 4270 1761 4313 a

1393 4421 1527 4511 CXXX

1058 4559 1110 4618 Ad
1125 4557 1346 4618 Fmdericum
1355 4558 1592 4618 irenaceorum
1606 4537 1854 4632 imperatorem

1296 4654 1331 4716 ei
1346 4668 1464 4730 repam
1477 4656 1614 4716 Sicilire.

1318 4776 1349 4833 ll
1365 4774 1497 4834 decemb.
1515 4775 1594 4834 1220.

1180 4890 1445 4956 [usitatissimae.
1458 4890 1522 4941 nur.
1537 4889 1612 4955 dipl,
1630 4891 1661 4950 u,
1676 4891 1729 4956 eo]

245 5009 294 5068 Ex
307 5007 439 5084 parte...
456 5007 573 5068 decani
592 5007 627 5068 et
651 5005 788 5083 capituli
805 5005 918 5067 Sancti
935 5007 999 5066 Se·
1055 4998 1205 5072 signifieat
1216 5011 1249 5056 ee
1261 4997 1297 5056 sd
1308 4997 1418 5056 ruscia
1431 4997 1676 5070 pertesdtrexteee
1691 5001 1737 5068 lt,
1751 4999 1781 5057 s.
1794 5002 1852 5057 An-

205 5104 314 5168 verini
337 5103 555 5180 Burdegaleu.
581 5102 643 5165 luit
665 5103 869 5181 propositum
888 5117 1000 5164 coram
1090 5087 1148 5161 ΒΘΗ
1167 5086 1330 5156 ditionum,
1346 5092 1378 5143 1¹²
1398 5083 1516 5145 iodrum
1528 5094 1558 5144 θῑ
1576 5101 1691 5145 omnem
1716 5087 1851 5147 honorili-

204 5201 318 5273 nohis,
342 5199 428 5278 quod
463 5215 539 5261 cum
569 5199 810 5262 correctionem
848 5198 1000 5262 ecolesiae
1089 5176 1224 5235 alentiam
1239 5176 1302 5249 regi
1320 5173 1406 5233 lactet
1419 5173 1572 5249 dilgenter
1586 5175 1725 5250 impendi.

205 5299 319 5361 Sancti
333 5297 473 5360 Andreae
502 5297 721 5373 Burdegalen.
750 5295 999 5373 adpetitionem
1095 5293 1262 5356 Houortus
1297 5291 1483 5370 episeopus,
1528 5308 1644 5355 servus
1680 5309 1851 5357 servorum

204 5413 317 5458 eorum
333 5393 428 5458 vobis
443 5393 565 5455 dudum
584 5392 778 5454 duxerimus
791 5393 1001 5456 committen-
1055 5393 1127 5463 Dei,
1166 5389 1344 5455 Friderico.
1377 5391 1601 5452 Romanorum
1640 5391 1849 5468 imperatori,

204 5495 290 5566 dem,
308 5510 378 5565 vos,
392 5492 468 5554 licet
482 5493 550 5568 jam
573 5507 593 5552 a
619 5491 1000 5568 susceptionemandeti
1055 5505 1185 5566 semper
1198 5491 1358 5564 Augusto,
1373 5491 1405 5550 et
1420 5488 1491 5564 regi
1507 5488 1641 5550 Siciliae.

206 5593 308 5654 nostri
325 5608 443 5659 annus,
470 5591 502 5651 et
521 5589 663 5666 amplius
679 5589 721 5650 sit
736 5589 868 5666 elapsus
884 5589 918 5650 in
935 5605 998 5650 ne-
1095 5588 1170 5650 Non
1194 5585 1360 5649 credimus
1375 5585 1460 5664 quod
1478 5600 1625 5662 unquam
1638 5583 1760 5664 aliquis
1780 5590 1849 5652 Ro-
