4250 6404
154 311 158 318 ’
182 313 237 378 lsi
392 321 398 336 “
678 256 689 274 ⁸
811 309 1038 372 epistolari.
1064 311 1140 369 bru.
1166 309 1218 369 iii.
1770 304 1826 364 ltu
1896 335 1899 356 ·

181 474 408 552 apostolicam
432 474 551 536 Mem
579 470 765 536 mistatcrli
792 478 975 548 provocans
1029 467 1191 530 diaconus
1213 466 1313 528 babet
1334 465 1494 530 adversus
1516 463 1739 526 venerabilem
1754 464 1828 524 lra-

180 573 223 634 ud
240 571 419 634 terdonam
437 569 581 647 priorem
594 571 631 630 S.
646 568 814 631 Benedicti
829 568 870 628 de
885 566 975 628 Paulo
1030 559 1113 628 trem
1130 565 1316 628 nostrum...
1341 561 1581 638 Rotlromagen.
1598 559 1827 638 archiepisco-

182 669 329 746 apostol.
342 664 806 744 litterassuperipsorregotio
817 664 975 742 impetra·
1028 677 1106 739 pom
1117 674 1218 740 super
1232 660 1408 739 praebenda
1430 657 1707 736 Rotbomagensis
1721 657 1830 720 eccle·

179 765 241 838 rit,
255 765 313 843 qui
327 776 370 826 ex
383 776 424 826 ec
442 763 528 840 quod
546 765 784 840 procuratores
801 759 975 823 mernorail
1029 759 1089 821 siae
1103 759 1197 822 vobis
1212 759 1405 822 duxerimus
1420 756 1688 820 committendam
1698 754 1830 833 petente

179 862 379 939 tempestate
400 861 505 922 maris
526 859 611 938 qnod
633 860 778 922 mansne
797 857 973 925 debebant,
1026 855 1144 919 eodem
1157 857 1310 928 diacono,
1322 857 1358 920 ut
1372 854 1617 932 cognosceretis
1627 853 1670 915 dc
1686 853 1830 932 appella·

178 963 216 1022 et
240 958 421 1036 asperitate
443 958 604 1034 temporis
629 957 799 1035 impediti,
822 956 865 1016 ad
887 955 974 1016 diem
1029 955 1129 1027 lione,
1150 969 1250 1031 quam
1274 966 1318 1015 ex
1342 953 1499 1029 legitimis
1515 952 1626 1014 causis
1644 951 1680 1012 in
1708 951 1828 1012 litteris

180 1056 357 1134 prmliimm
388 1058 462 1133 ejus
490 1069 527 1115 se
549 1055 757 1132 praesentare
783 1052 975 1129 conspectui
1027 1054 1152 1114 nostrae
1163 1051 1406 1113 commissionis
1420 1050 1589 1127 expressis
1602 1049 1683 1110 lecit
1693 1047 1734 1110 ab
1747 1060 1830 1110 exa-

182 1151 433 1230 eequieserunt,
446 1149 622 1228 prefatam
642 1149 826 1212 infirmavit
839 1151 975 1210 sentem
1030 1148 1121 1210 mire
1158 1149 1309 1226 judicum
1344 1137 1522 1209 Losorion.
1557 1145 1676 1224 qulbus
1713 1146 1829 1207 eadem

182 1249 357 1326 tiumjuris
370 1248 486 1310 ordine
499 1247 732 1325 pretermisso,
745 1246 975 1324 propterquod
1029 1253 1131 1308 causa
1146 1245 1255 1308 iuerat
1270 1245 1312 1307 ab
1324 1243 1513 1322 Apostolica
1536 1243 1620 1305 Sede
1639 1235 1826 1314 commisse,

177 1345 414 1423 procuratores
435 1344 500 1422 ipsi
525 1347 674 1407 nostram
686 1344 891 1406 audientiam
911 1357 974 1420 ap*
1030 1356 1069 1404 ac
1083 1343 1279 1404 revocantes
1292 1343 1328 1403 in
1343 1341 1476 1402 irritum
1490 1339 1648 1418 quidquid
1660 1341 1830 1416 loretpost

179 1440 976 1521 pellentes,superbocadscaenamquondam
1028 1435 1830 1517 appeliationemipsamtemereattentatum,pro

180 1539 459 1602 concordiensem
473 1538 615 1602 electum
629 1539 761 1600 assuas
779 1538 906 1600 litteras
921 1551 977 1598 re-
1028 1536 1192 1598 cedereiis
1207 1537 1242 1597 in
1257 1547 1359 1598 causa
1370 1529 1468 1613 juxta
1483 1534 1669 1598 litterarum
1675 1530 1827 1596 tenorem

179 1638 367 1714 portarunt,
383 1636 441 1713 qui
453 1636 587 1697 demum
601 1634 879 1705 abemuonibus,
893 1635 978 1696 allae
1030 1634 1071 1695 ad
1086 1630 1243 1712 praelatos
1253 1633 1385 1711 judices
1397 1633 1611 1694 directarum.
1629 1633 1829 1694 Procurator

181 1732 372 1808 petionibus
398 1734 432 1794 et
459 1732 646 1794 rationibus
673 1733 846 1808 utriusque
874 1731 976 1807 pertis
1028 1730 1137 1808 ipsius
1149 1731 1393 1808 archiepiscopi
1408 1729 1529 1808 objecit
1537 1729 1674 1807 praelato
1688 1729 1829 1791 macone

180 1830 312 1906 plenius
331 1828 519 1902 intellectis,
536 1829 694 1906 quonlam
704 1828 827 1890 dictum
839 1828 975 1904 episcc-
1030 1828 1116 1905 quod
1131 1827 1438 1893 excommunicatus
1451 1827 1524 1890 erat
1541 1841 1560 1888 a
1576 1825 1746 1905 judicibus
1766 1843 1828 1888 su-

177 1942 259 2004 pum
272 1926 421 2003 legitime
442 1927 633 1989 aromatum
659 1925 890 1996 simoniacum,
901 1939 977 2001 per-
1030 1924 1207 2002 predictis;
1236 1941 1339 2002 quare
1361 1923 1491 1987 dicebat
1517 1925 1603 2002 quod
1629 1924 1829 2002 respondere

177 2026 303 2100 jurum,
320 2024 353 2086 et
374 2023 628 2100 dilapidatorem
647 2022 785 2094 invenlt,
801 2023 835 2084 et
852 2021 916 2082 sibi
933 2021 976 2082 ds
1030 2037 1097 2084 non
1112 2021 1288 2085 tenebatur
1300 2019 1419 2083 eidem.
1434 2021 1500 2082 Vos
1515 2036 1593 2082 vero
1614 2036 1714 2097 super
1733 2021 1831 2083 biset

182 2119 418 2197 impedimento
426 2117 976 2197 procuratorumsuorumsnperius
1030 2119 1108 2180 aliis
1123 2119 1201 2180 binc
1215 2117 1293 2180 inde
1306 2118 1484 2195 propositis
1504 2117 1545 2179 de
1568 2125 1733 2180 consensu
1752 2134 1831 2194 par-

184 2219 343 2280 annotato
367 2216 515 2279 concutit
534 2216 721 2287 evidenter,
746 2216 781 2276 iu
802 2215 976 2293 pristinam
1029 2216 1113 2278 tium
1137 2215 1241 2294 recipi
1256 2216 1358 2278 testes
1384 2215 1488 2292 partis
1506 2215 1678 2292 utriusque
1694 2214 1830 2281 lecistis,

181 2314 410 2392 suspensionis
436 2314 636 2396 sententiam
661 2313 775 2375 reduci
803 2312 975 2385 eumdem,
1031 2315 1064 2376 et
1077 2313 1253 2391 publicatis
1268 2328 1384 2376 eorum
1399 2312 1664 2376 attestationibus
1680 2314 1712 2375 et
1724 2313 1830 2376 ratio-

180 2411 388 2475 uenerabiles
402 2410 503 2472 iidem
512 2411 747 2488 procuratores
759 2407 854 2470 nobis
866 2409 977 2471 buml·
1031 2411 1129 2473 uibus
1144 2412 1287 2488 partium
1299 2410 1476 2486 diligenter
1488 2410 1622 2482 auditis,
1631 2410 1672 2474 de
1685 2411 1830 2488 pruden-

180 2511 235 2572 ter
256 2509 495 2586 supplicarunt,
521 2509 558 2571 ut
581 2523 657 2569 cum
671 2507 779 2570 dictus
802 2507 977 2584 episcopus
1030 2509 1260 2571 tumvirorum
1279 2508 1422 2570 consilio
1443 2507 1593 2585 pertibus
1612 2508 1830 2586 praesentibus

182 2605 411 2683 suspensionis
427 2605 471 2668 sit
484 2604 685 2667 sententiam
703 2604 893 2676 innodatus,
915 2620 976 2682 pro
1017 2605 1221 2683 ¹interlocuti
1250 2604 1381 2676 ruistis,
1409 2604 1495 2683 quod
1527 2605 1634 2668 dictus
1667 2606 1829 2668 Martinus

181 2719 222 2766 eo
237 2702 324 2780 quod
340 2719 440 2780 super
457 2702 596 2780 objectis
610 2701 675 2763 sibi
696 2701 891 2763 criminibus
905 2702 978 2764 cul·
1029 2702 1337 2766 excommunicatus
1353 2715 1419 2764 nou
1434 2702 1518 2774 erat,
1533 2717 1594 2766 uec
1617 2701 1659 2764 ad
1675 2703 1830 2780 pressos

182 2800 303 2878 pabills
327 2801 379 2862 est
395 2801 570 2872 iuventus,
600 2800 751 2862 eamdem
778 2800 976 2885 seutentiam
1027 2800 1158 2878 judices
1191 2799 1430 2872 remittendus,
1468 2815 1543 2862 curu
1576 2800 1830 2878 appellationem

181 2899 382 2960 confirmare
410 2900 548 2975 paterna
575 2897 799 2960 sollieitudine
820 2896 979 2972 dignare-
1031 2909 1126 2960 suam
1151 2898 1333 2974 legitimam
1348 2895 1569 2974 probavissem
1586 2913 1684 2975 aqua
1698 2897 1832 2962 interlo

180 3009 266 3056 mur.
283 2996 366 3068 Quia
381 3011 460 3057 vero
483 3009 588 3072 super
608 2995 792 3072 praemissis
811 2993 975 3068 omnibus,
1031 2996 1160 3059 cutoria
1176 2995 1372 3074 procurater
1390 2995 1496 3074 ipsius
1509 2995 1750 3074 aroniopiscopi
1770 3014 1832 3075 ap-

182 3093 329 3172 episccpi
368 3094 462 3169 parte
490 3092 639 3163 absente,
674 3091 770 3153 nobis
805 3091 878 3153 lleri
911 3107 977 3154 non
1031 3094 1177 3171 pellavii.
1191 3096 1295 3155 Porro
1308 3093 1630 3170 uosappellationem
1642 3093 1831 3172 hujusmodi

180 3190 288 3272 potnit
318 3190 421 3268 plena
457 3190 555 3262 tides,
583 3189 784 3252 fraternitati
817 3191 884 3252 tuoe
918 3205 978 3266 per
1031 3190 1073 3254 de
1087 3191 1285 3269 prudentum
1297 3190 1444 3252 virorum
1453 3190 1592 3254 consilio
1607 3191 1759 3254 frivolam
1774 3209 1831 3256 re·

181 3287 370 3364 apostolica
386 3286 510 3364 scripta
526 3286 756 3364 praecipientes
768 3286 974 3360 mandamus,
1032 3288 1196 3366 putantes,
1226 3289 1353 3350 certum
1377 3288 1464 3350 diem
1490 3288 1554 3366 ipsi
1579 3290 1829 3369 archiepiscopo

180 3385 344 3461 quatenus
358 3383 556 3446 sententiam
578 3383 696 3460 ipsam,
713 3382 800 3446 sicut
821 3384 976 3446 rationa-
1031 3385 1238 3464 assignastis,
1261 3385 1485 3462 exprimentes
1500 3386 1586 3464 quod
1602 3387 1673 3449 sive
1687 3389 1827 3462 veniret,

179 3481 292 3544 biliter
304 3481 637 3559 estprolata‚faciens
652 3481 850 3544 auctoritate
863 3485 977 3546 nostra
997 3565 999 3573 Ι
1031 3484 1103 3546 sive
1117 3499 1195 3557 non,
1219 3499 1278 3546 vce
1298 3483 1515 3546 nibilominus
1530 3484 1754 3562 procederetis
1775 3503 1830 3548 se·

178 3579 341 3656 usquead
354 3578 615 3640 surrectionem
628 3577 839 3655 condignam,
856 3579 975 3657 appel·
1030 3580 1175 3643 cundum
1190 3583 1339 3644 tenorem
1360 3581 1545 3643 litterarum
1564 3582 1766 3646 directarum
1787 3585 1829 3648 ad

178 3676 305 3740 ‘latione
338 3677 481 3748 remota,
516 3675 755 3744 inuiolabiliter
787 3676 973 3750 obseruari,
1027 3678 1157 3757 jndices
1172 3678 1391 3755 supradictos,
1408 3679 1612 3756 proutvobis
1627 3681 1831 3744 incommis-

181 3780 283 3851 super
296 3773 475 3851 principali
488 3774 621 3851 negotio
633 3773 848 3851 audiasque
861 3789 977 3852 propo·
1030 3776 1135 3840 sionis
1149 3777 1273 3838 nostrae
1298 3776 1419 3839 litteris
1438 3776 1667 3840 mandabatur.
1684 3781 1831 3858 Cumque

180 3871 244 3932 sita
259 3870 386 3932 tuerint
395 3870 473 3932 binc
486 3870 573 3943 inde,
585 3872 618 3934 et
627 3883 762 3932 causam
772 3870 976 3934 sufficienter
997 3949 998 3955 ἵ
1030 3873 1165 3938 interim
1182 3873 1359 3950 diligenter
1376 3873 1608 3951 inspexissetis
1623 3879 1697 3939 acta
1718 3893 1831 3940 coram

179 3967 378 4030 instructam
391 3967 433 4030 ad
455 3968 605 4030 nostrum
626 3967 803 4030 tribunalis
822 3975 973 4042 examen,
996 3957 999 3999 ³
1026 3969 1196 4049 judicibus
1212 3973 1368 4048 Bajocen.
1394 3973 1451 4048 qui
1475 3987 1576 4048 super
1596 3973 1659 4036 hoc
1680 3975 1830 4036 auctori-

177 4065 356 4144 pruetigeus
367 4065 519 4143 partibus
531 4065 710 4128 terminum
722 4067 972 4144 competentem,
1029 4069 1097 4132 tate
1109 4068 1297 4145 apostolica
1313 4068 1511 4130 sententiam
1527 4071 1788 4146 promulgarant,
1798 4073 1831 4133 et

179 4178 245 4240 quo
258 4179 294 4226 se
309 4163 422 4225 nosue
440 4163 630 4241 conspectui
643 4165 894 4241 repraesentent,
906 4168 976 4242 jus·
998 4217 999 4234 2
1029 4182 1050 4228 a
1069 4164 1275 4242 jurisperitis
1295 4164 1388 4226 vobis
1401 4165 1588 4226 consultum
1603 4166 1722 4230 luisset
1733 4184 1830 4230 eum·

179 4263 260 4333 tam,
271 4263 407 4323 auctore
421 4261 780 4332 Domino,sentenilum
796 4262 972 4339 recepturi.
1029 4264 1103 4324 dem
1119 4277 1195 4326 esse
1208 4260 1406 4325 sententiam
1421 4261 1692 4336 confirmandam,
1705 4281 1830 4342 procu-

179 4359 298 4420 natum
309 4357 465 4420 Laterani
475 4359 521 4419 111
533 4357 601 4420 kal.
617 4358 729 4420 martii
741 4358 857 4435 pontit.
870 4359 975 4421 notui
998 4369 999 4382 ¹
1030 4361 1158 4424 ratores
1169 4362 1240 4437 jam
1263 4359 1343 4422 dicii
1367 4359 1611 4440 archiepiscopi
1630 4363 1752 4426 statuto
1776 4366 1831 4428 die

179 4454 390 4516 annosorum
498 4465 501 4470 ’
998 4445 999 4502 ἒ
1030 4461 1065 4522 in
1088 4458 1199 4520 restra
1214 4457 1382 4535 presentia
1403 4460 1643 4537 comparentes,
1667 4463 1831 4540 quoddam

494 4573 667 4674 CXXXV
1030 4557 1179 4622 cosmum
1191 4555 1285 4617 vobis
1297 4555 1522 4619 exbibuerunt
1540 4557 1700 4636 scriptum
1715 4559 1758 4620 ad
1768 4563 1828 4637 ju-

675 4724 681 4736 ,
710 4723 715 4734 ,
1029 4653 1120 4716 dices
1136 4652 1309 4716 libroicerr.
1325 4667 1425 4730 super
1439 4653 1554 4716 eadem
1579 4655 1830 4731 quaestionari-

291 4723 343 4782 Ad
367 4721 560 4794 cautorem,
582 4723 864 4784 arclttdtacooum
897 4822 903 4833 ῃ
1031 4753 1171 4822 mmm,
1206 4752 1240 4812 01
1267 4751 1417 4826 ipsorum
1442 4751 1592 4828 judicum
1615 4751 1743 4816 litteras
1772 4769 1831 4833 pm.

226 4819 260 4882 εἰ
274 4821 517 4880 ‘mmmmm
536 4821 686 4880 cmm
707 4821 932 4882 mmmm·
1030 4863 1113 4926 quas
1127 4848 1219 4910 vobis
1243 4846 1414 4909 inhibetur
1435 4847 1478 4910 ab
1503 4847 1598 4926 ipsis,
1626 4865 1674 4912 ne
1691 4851 1830 4916 ulmum

372 4991 375 4998 .
479 4931 514 4990 ²8
528 4929 583 4990 leb.
596 4932 675 4990 ¹²19·
1031 4945 1254 5022 procederetis
1268 4945 1304 5005 in
1319 4945 1452 5021 negotio
1465 4948 1658 5010 memorato.
1668 4949 1760 5013 Licet
1770 4964 1832 5012 au-

208 5037 389 5102 [sugamus.
404 5036 600 5102 uuepseere.
612 5037 948 5102 transcucurrimus
1031 5043 1097 5105 mm
1111 5041 1231 5105 littere
1244 5043 1367 5106 nostra
1393 5043 1435 5104 ad
1457 5059 1516 5106 vos
1539 5043 1674 5106 directae
1693 5046 1734 5108 de
1751 5063 1833 5112 con-
1949 5113 1951 5118 ,

176 5139 220 5196 iia
232 5135 348 5210 uspmio
363 5144 448 5208 super
464 5132 615 5208 paneros
630 5135 704 5192 inter
718 5135 870 5194 uacuum
884 5133 977 5194 diaco·
1031 5155 1131 5202 seusu
1147 5139 1290 5216 partium
1305 5139 1489 5216 inpetrata
1504 5140 1660 5215 tuissent,
1672 5157 1831 5221 expresso

247 5239 316 5284 mim
326 5231 355 5282 0⁸
369 5221 617 5296 efsshisslliflffllluffl
627 5221 900 5298 li⁰l¹1⁰ffl⁰e⁶⁰¹ffl
1032 5238 1069 5299 ut
1091 5235 1315 5313 procederetis
1338 5236 1374 5298 in
1395 5252 1510 5310 causa,
1536 5254 1602 5300 non
1626 5239 1831 5304 obstantibus

217 5330 396 5402 Honorius,
417 5329 492 5400 etc,
518 5328 649 5392 dilectis
670 5329 748 5390 tiliis
772 5332 811 5392 it.
836 5331 975 5402 cantori,
1031 5333 1162 5405 litteris,
1183 5333 1213 5394 si
1238 5347 1312 5410 quae
1327 5332 1470 5398 obtentae
1490 5351 1510 5396 a
1531 5335 1616 5397 Sede
1642 5338 1832 5414 apostolica

178 5427 472 5500 lberonidiscono,
486 5425 590 5490 etPlt.
603 5425 975 5490 macellarioparisien.
1029 5431 1153 5508 prmter
1177 5445 1350 5495 assensum
1377 5433 1523 5509 partium
1544 5435 1832 5510 apparuerimus

219 5527 352 5589 Littera
376 5526 495 5588 vestras
520 5522 615 5586 nobis
642 5521 799 5586 enbibitee
826 5525 979 5586 confine-
1032 5529 1154 5599 minen,
1169 5528 1210 5590 ad
1224 5528 1418 5590 instantiam
1437 5529 1552 5608 ipsius,
1568 5545 1758 5606 processum
1772 5549 1833 5596 ne-

176 5622 378 5700 hartnand
404 5637 503 5699 quum
530 5631 667 5684 causatu
695 5633 794 5697 quam
816 5621 978 5686 Martinus
1032 5625 1114 5702 gutli
1138 5625 1231 5690 vobis
1259 5626 1405 5690 duxistis
1429 5641 1487 5704 per
1511 5627 1631 5688 seriem
1655 5643 1728 5692 esse
1748 5631 1830 5694 intl-
