4280 6404
175 249 235 308 277

176 404 275 466 aetate
293 405 409 466 tenera
436 420 510 466 esse
532 405 737 481 dignoscitur
762 407 970 480 constitutus,

178 503 255 564 dum
284 501 409 562 favoris
432 503 614 579 apostolici
636 503 783 564 brachiis
805 505 973 566 srrstenta-

175 597 368 669 insiderit,
407 598 571 670 roborari,
606 600 788 676 adjuvante
820 601 970 672 Domino,

176 696 298 766 valeat,
314 697 347 757 et
359 697 528 773 suscipere
539 696 790 760 incrementum.

218 792 319 868 Regis
344 793 457 869 itaque
497 793 793 871 supplicationibus
819 794 972 856 inclinati

178 905 354 967 personam
366 890 454 966 regis
465 891 624 967 ejusdem,
636 893 971 968 regnumdragoniae,

177 990 301 1052 terram
315 987 508 1060 cataloniae,
525 988 653 1058 villam,
673 990 705 1050 et
731 992 854 1050 terram
876 991 973 1052 Mon-

177 1084 403 1162 tispessuiani,
421 1100 495 1146 oum
510 1084 664 1148 omnibus
686 1085 763 1148 aliis
785 1084 881 1147 bonis
902 1086 973 1146 suis

178 1197 251 1258 quae
259 1181 554 1258 inpraesentiarum
564 1181 970 1258 rationabiliterpossidet,

177 1277 231 1339 vel
259 1278 294 1338 in
325 1277 473 1339 futurum
501 1279 601 1356 Justis
636 1278 754 1351 modis,
791 1280 972 1356 praestante

176 1375 327 1446 Domino,
342 1375 464 1451 poterit
478 1374 630 1451 adipisci,
650 1375 711 1436 sub
725 1376 815 1438 beati
834 1377 926 1438 Petri
941 1377 974 1438 et

178 1473 291 1533 nostra
315 1471 519 1550 protectione
541 1473 758 1552 suscepimus.
779 1477 878 1546 Sane,
895 1474 971 1550 quia

178 1567 218 1628 de
230 1570 289 1630 lua
310 1567 485 1631 devotione
509 1569 664 1635 fiduciam
680 1571 828 1647 gerimus
843 1571 975 1646 specia-

178 1665 254 1738 lem,
272 1664 367 1728 sicto
385 1665 557 1732 nobiscum
577 1667 741 1730 credimus
768 1669 970 1738 unanimem,

179 1764 306 1838 utquos
322 1761 492 1837 diligimus
512 1763 549 1824 in
563 1764 703 1828 Domino
723 1764 855 1841 diligas,
879 1763 976 1826 illos-

179 1875 244 1936 que
258 1859 381 1931 foveas
397 1874 471 1922 cum
487 1860 566 1922 crdo
577 1861 691 1940 exigat
714 1861 867 1932 rationis,
891 1864 928 1923 ut
941 1861 975 1922 et

180 1955 328 2016 membra
343 1956 566 2032 respondeant
580 1957 692 2036 capiti,
708 1960 741 2020 et
753 1961 866 2036 partes
888 1974 973 2020 con-

178 2052 316 2113 veniant
331 2069 391 2116 suo
413 2053 484 2116 toti.
506 2056 612 2126 Quum
634 2055 739 2132 igitur
754 2055 842 2116 inter
864 2055 973 2118 terras

179 2148 286 2226 ipsius
298 2151 399 2226 regis,
416 2153 450 2212 et
462 2151 582 2222 terras,
597 2167 671 2230 quae
696 2151 732 2212 in
757 2153 972 2224 Massiliensi,

180 2249 214 2308 et
238 2247 404 2308 auxitana
431 2248 627 2324 provinciis,
655 2248 852 2312 auctoritate
879 2250 973 2312 Sedis

180 2343 381 2418 Apostolicae
418 2344 618 2416 detinentur,
652 2346 810 2422 tauquam
847 2346 972 2408 firmari

185 2439 463 2512 mandaverimus,
480 2442 513 2502 et
526 2442 671 2512 servari,
692 2441 884 2506 discretioni
907 2446 973 2506 tue

180 2550 241 2610 per
253 2536 444 2612 Apostolica
459 2537 581 2614 scripta
594 2538 798 2610 mandamus,
812 2541 978 2616 quatenus.

183 2631 306 2693 dictum
319 2648 431 2709 regem
446 2637 618 2710 parentem
630 2635 794 2696 mandatis
807 2636 977 2712 Apostoli-

183 2729 232 2790 cis
246 2730 281 2792 in
297 2730 360 2792 bac
372 2733 477 2808 parte,
493 2734 650 2808 tanquam
665 2733 842 2809 specialem
855 2733 973 2794 Eccle-

180 2825 240 2888 siae
278 2828 434 2890 Romanae
474 2827 590 2900 lilium,
615 2829 742 2890 babens
776 2831 974 2906 propensius

180 2925 455 2996 commendatum,
472 2927 580 2986 terras
595 2941 684 2998 suas,
698 2927 885 3002 praesertim
899 2944 973 2988 cum

180 3020 312 3082 infectae
335 3037 401 3083 non
426 3023 493 3086 sint
518 3022 675 3085 haeretica
699 3024 875 3100 pravitate,
907 3041 973 3088 non

180 3118 319 3193 patiaris
354 3118 395 3179 ab
423 3119 535 3196 aliquo
560 3119 762 3196 impugnari,
792 3121 872 3198 quin
905 3123 973 3184 imo

181 3217 396 3278 manuteneas
408 3231 484 3276 eum
503 3216 625 3287 taliter,
642 3217 675 3277 et
696 3215 865 3289 defendas,
887 3219 972 3295 quod

183 3311 270 3388 idem
286 3328 347 3374 rex
360 3315 507 3374 nostram
520 3329 621 3389 penes
631 3314 663 3374 te
678 3312 742 3374 sibi
757 3315 878 3377 sentiat
892 3331 974 3391 gra-

184 3410 265 3472 tiam
294 3408 472 3471 effioaciter
504 3409 726 3486 profuturam,
754 3412 789 3472 et
821 3427 882 3476 nos
908 3413 973 3476 tuae

183 3504 429 3578 sollicitudinis,
446 3505 478 3569 et
492 3505 673 3582 diligentiae
694 3506 838 3570 studium
864 3508 973 3585 dignis

183 3603 348 3678 possimus
363 3603 398 3664 in
412 3603 551 3664 Domino
562 3603 716 3664 laudibus
729 3606 972 3668 commendare.

180 3699 300 3762 Datum
319 3701 432 3770 Reate,
449 3700 508 3761 Vll
528 3699 688 3762 kalendas
707 3703 851 3778 augusti,
864 3705 975 3780 ponti-

182 3795 298 3858 ficatus
312 3797 418 3858 nostri
432 3812 520 3858 anno
536 3800 589 3858 iv.

557 3947 598 4036 Il

220 4073 271 4131 Ad
286 4071 489 4133 abbatemet
507 4073 713 4134 convectant
729 4073 935 4136 monasterti

480 4171 673 4242 Farsecsts.

464 4279 689 4355 mmm.

331 4385 674 4450 [condoluerimus.
689 4392 708 4437 t.
723 4387 755 4442 11.
767 4385 836 4450 asu]

181 4483 237 4540 Pro
266 4482 468 4542 reformatione
497 4483 664 4542 monasterii
693 4483 845 4542 farfensis-
869 4489 974 4542 statuta

323 4579 482 4644 opportune
493 4571 671 4634 observanda
688 4573 831 4646 proponit.

221 4679 387 4744 Honorius
403 4679 578 4758 episcopus
588 4696 704 4742 servus
713 4695 885 4743 servorum
903 4681 973 4753 Dei,

180 4775 313 4837 dilectis
334 4776 412 4836 tiliis
427 4775 549 4848 abbati,
564 4777 597 4838 et
609 4777 785 4842 couventui
800 4777 933 4840 Farien.

220 4873 269 4936 Ad
308 4872 578 4936 reformationem
628 4874 824 4938 monasterii
872 4876 976 4938 vestri

181 4968 273 5034 lanto
288 4970 464 5032 sollicitius
476 4970 696 5042 intendentes,
713 4973 836 5047 quanto
846 4972 977 5049 specia-

181 5066 249 5132 lius
268 5068 308 5134 ad
331 5068 555 5144 apostoticam
571 5068 687 5133 sedem
709 5069 858 5132 noscitur
872 5069 977 5146 perti·

181 5180 273 5237 nere,
289 5165 412 5228 statuta
422 5167 573 5243 quaedam
583 5165 623 5227 de
635 5164 774 5228 fratrum
786 5167 976 5229 nostrorum

181 5261 321 5324 oonsilio
335 5262 490 5324 duximus
505 5262 669 5334 facienda,
683 5263 977 5341 penquaelldeliter

181 5359 369 5430 observata,
393 5358 634 5422 monasterium
658 5359 777 5436 ipsum,
807 5363 976 5422 annuente

769 234 1024 312 'nersronm
1047 251 1126 312 uie.
1150 253 1204 312 1v.

1762 251 1822 312 278

1027 423 1118 483 ergo,
1140 409 1177 472 ut
1205 409 1247 470 ad
1276 425 1389 471 curam
1418 412 1566 472 omnium
1588 409 1820 486 temporalium

1027 505 1237 595 interiorum,
1252 509 1285 570 et
1305 509 1520 578 exteriorum,
1552 523 1639 568 unus
1664 505 1820 568 cellarius

1027 605 1218 666 assumatur
1230 605 1286 682 qui
1302 605 1458 675 decimas,
1476 604 1670 675 mortuaria,
1687 603 1822 679 pensio·

1027 715 1097 771 nes,
1111 717 1169 762 seu
1184 715 1315 773 census,
1326 704 1360 764 et
1373 703 1450 773 alia,
1469 717 1541 778 quae
1555 701 1594 762 de
1603 699 1818 776 agricultura,

1026 796 1081 858 vel
1096 797 1324 875 undecumque
1339 798 1559 876 proveniant,
1576 797 1716 874 recipiat
1740 796 1820 856 uni-

1028 907 1144 968 versa,
1160 895 1257 971 eique
1279 895 1320 956 ad
1349 896 1503 957 solatium
1528 895 1730 970 adjiciantur
1755 893 1820 952 duo

1027 991 1182 1052 monachi
1197 992 1276 1054 boni
1291 992 1484 1064 testimonii,
1501 994 1535 1054 et
1557 990 1822 1052 administratio-

1027 1087 1079 1148 nis
1111 1087 1270 1163 probatae.
1307 1089 1463 1166 idemque
1503 1088 1714 1159 cellerarius,
1745 1101 1820 1146 cum

1027 1183 1155 1250 abbatis
1174 1186 1207 1246 et
1221 1186 1365 1246 sanioris
1380 1186 1484 1262 partis
1505 1187 1688 1247 conventus
1710 1183 1822 1245 consi-

1028 1279 1084 1352 lio,
1103 1281 1203 1357 ponat
1215 1297 1276 1359 per
1288 1283 1397 1344 castra
1410 1281 1525 1343 fideles
1538 1281 1679 1351 balivos,
1699 1296 1719 1340 a
1740 1280 1819 1356 qui-

1026 1377 1088 1440 bus
1102 1377 1292 1455 frequenter
1306 1379 1446 1456 recipiat
1459 1377 1633 1449 rationem,
1651 1379 1684 1438 et
1702 1376 1820 1438 matri·

1027 1474 1088 1535 bus
1100 1475 1168 1540 tam
1183 1475 1335 1547 infirmis,
1353 1491 1452 1553 quam
1467 1475 1558 1536 sanir
1576 1473 1764 1534 necessaria
1786 1473 1820 1534 in

1027 1571 1117 1632 victu
1131 1572 1314 1649 provideat,
1330 1573 1362 1634 et
1387 1573 1520 1634 vestitu.
1545 1571 1593 1632 Ab
1612 1571 1685 1648 ipso
1708 1569 1820 1641 etiam,

1028 1668 1178 1741 sacrista,
1189 1669 1438 1745 hospitalarius,
1452 1670 1487 1730 et
1496 1669 1555 1729 alii
1563 1667 1738 1728 inferiores
1749 1665 1823 1726 otii-

1028 1765 1130 1827 ciales
1143 1765 1270 1837 domus,
1284 1765 1458 1843 recipiant,
1476 1765 1657 1826 secumdum
1677 1762 1824 1823 faculta-

1027 1863 1077 1924 tes
1099 1861 1261 1933 ecclesiae,
1275 1878 1349 1939 quae
1370 1862 1562 1925 necessaria
1586 1862 1672 1931 sunt,
1699 1859 1740 1922 ad
1761 1873 1821 1919 sua

1028 1959 1138 2021 officia
1157 1959 1385 2036 exsequenda3
1411 1958 1575 2020 reddituri
1597 1957 1638 2017 de
1665 1956 1818 2032 receptis,

1029 2058 1060 2116 ei
1068 2056 1236 2132 expensis,
1247 2056 1354 2117 eidem
1365 2055 1550 2126 cellerario,
1564 2069 1675 2116 coram
1689 2053 1819 2123 abbate,

1029 2148 1822 2228 singulismeustbusrationem.ipsaverocelle-

1028 2251 1138 2312 rarius
1161 2249 1197 2310 in
1220 2249 1400 2326 praesentia
1426 2247 1555 2309 abbatis
1582 2249 1618 2310 et
1641 2246 1825 2308 conventus

1029 2346 1251 2422 praesentibus
1264 2346 1328 2417 bis,
1344 2345 1401 2422 qui
1411 2346 1445 2406 si
1462 2345 1609 2422 deputati
1635 2343 1758 2404 fuerint
1779 2342 1822 2402 'ad

1029 2443 1193 2514 solatium,
1205 2443 1238 2504 et
1251 2443 1328 2504 aliis
1343 2441 1542 2503 officialibus
1551 2441 1678 2512 domus,
1693 2451 1822 2500 necnon

1027 2540 1147 2602 balivis
1163 2539 1406 2610 castrorum,de
1421 2537 1583 2608 omnibus,
1599 2552 1673 2614 quae
1686 2550 1824 2612 recepe·

1027 2637 1081 2708 rit,
1094 2635 1299 2713 expenderit,
1311 2635 1428 2696 reddat
1438 2635 1580 2708 singulis
1588 2631 1716 2693 duobus
1727 2647 1823 2692 men-

1028 2733 1120 2794 sibus
1146 2733 1320 2794 rationem.
1348 2731 1506 2792 Monaubi
1530 2745 1609 2791 vero
1635 2729 1678 2790 de
1704 2727 1823 2790 castris

1028 2830 1226 2892 revocentur
1240 2829 1281 2890 ad
1296 2829 1489 2899 claustrum,
1507 2827 1539 2888 et
1553 2826 1638 2887 nulli
1657 2824 1820 2886 monacho

1029 2929 1173 2989 castrum
1206 2925 1339 3002 aliquod
1368 2925 1510 2986 ulterius
1534 2923 1767 2984 committatur.
1791 2925 1820 2982 Α

1029 3023 1257 3100 praeposituris
1284 3023 1395 3093 etiarm
1422 3023 1459 3081 in
1500 3019 1619 3097 quibus
1649 3018 1823 3096 pauciores

1029 3137 1128 3198 <quam
1146 3121 1287 3198 quatuor
1312 3119 1468 3180 monachi
1493 3119 1739 3179 commorantur
1770 3115 1824 3176 vel

1029 3219 1138 3290 cellis,
1152 3221 1185 3279 et
1198 3217 1275 3279 aliis
1289 3216 1452 3287 ecclesiis,
1469 3215 1705 3276 adclaustrum
1714 3213 1821 3272 nihil-

1029 3309 1821 3390 ominusrevocentur.1psiqueprioratus,cellae,

1029 3428 1088 3474 scu
1103 3412 1264 3484 ecclesie,
1281 3413 1440 3486 regantur
1455 3425 1514 3486 per
1526 3409 1666 3470 clericos
1680 3407 1823 3474 saecula-

1030 3525 1094 3580 rer,
1123 3509 1165 3570 ab
1193 3508 1311 3570 abbate
1340 3506 1527 3583 ponendos.;
1558 3505 1613 3566 cui
1646 3505 1824 3566 teneantur

1028 3606 1164 3668 vincum
1174 3605 1356 3682 juramenti
1371 3605 1405 3667 et
1416 3604 1506 3668 abeo
1534 3603 1639 3665 libere
1658 3616 1823 3663 revocen-

1028 3703 1093 3776 tur,
1110 3719 1184 3766 cum
1195 3701 1316 3764 viderit
1330 3700 1498 3778 expedire.
1516 3703 1621 3762 Porro
1643 3699 1824 3760 dioecesani

1030 3801 1188 3879 episcopi,
1203 3800 1257 3862 vel
1271 3799 1331 3860 alii
1355 3797 1576 3860 ecclesiastici
1599 3797 1730 3874 praelati
1756 3809 1824 3856 non

1030 3898 1104 3976 plus
1119 3897 1182 3959 sibi
1197 3897 1368 3964 vindicent
1381 3897 1423 3956 in.
1433 3895 1555 3961 talibus
1570 3893 1712 3964 clericis,
1726 3907 1824 3969 quam

1029 3998 1063 4056 in
1092 3994 1275 4066 monachis,
1304 3993 1373 4071 qui,
1390 3991 1598 4070 ponebantur
1633 3989 1767 4080 ibidem,
1795 3990 1824 4048 si

1030 4093 1273 4154 consueverant
1298 4089 1481 4152 vindicare.
1508 4090 1578 4148 Nec
1596 4086 1823 4164 praepositurae
1912 4141 1918 4154 ,

1030 4191 1121 4266 ipsae,
1134 4187 1238 4260 cellae,
1252 4188 1305 4248 vel
1321 4185 1471 4248 ecclesiae
1490 4184 1525 4246 in
1548 4183 1709 4245 beneflcio
1723 4181 1824 4243 alicui

1029 4285 1264 4350 concedantur.
1275 4286 1346 4344 Hoc
1354 4284 1464 4344 autem
1472 4281 1631 4343 statutum
1643 4279 1683 4340 de
1694 4295 1826 4356 praepo·

1029 4382 1154 4454 situris,
1164 4387 1268 4459 usque
1278 4381 1319 4442 ad
1332 4379 1514 4442 triennium
1524 4377 1728 4448 observetur,
1736 4377 1770 4438 et
1780 4390 1824 4436 ex

1028 4482 1107 4544 tunc
1118 4479 1282 4557 superbis
1294 4477 1335 4540 ad
1349 4481 1534 4540 Romanum
1550 4473 1744 4537 Pontificem
1764 4489 1823 4534 re-

1029 4580 1194 4641 curratur.

1069 4675 1179 4738 tubas
1193 4675 1316 4741 autem,
1327 4673 1380 4734 vel
1393 4670 1668 4743 cellerarius,seu
1679 4669 1826 4747 quicum-

1029 4791 1093 4853 que
1105 4772 1268 4843 offlcialis,
1286 4771 1432 4832 debitum
1451 4768 1584 4846 aliquod
1607 4783 1674 4828 nou
1689 4767 1827 4828 contra-

1029 4873 1097 4943 hat,
1110 4887 1171 4932 nec
1186 4867 1344 4940 infeudet,
1361 4882 1421 4928 nec
1434 4865 1531 4937 locat,
1544 4880 1604 4926 nec
1612 4864 1823 4941 impignoret,

1029 4985 1091 5031 noc
1117 4967 1214 5030 modo
1241 4965 1388 5043 quolibet
1400 4963 1534 5034 alienet,
1557 4962 1599 5024 de
1618 4963 1660 5022 iis
1683 4977 1757 5039 quae
1777 4962 1826 5024 in·

1028 5066 1182 5129 consulto.
1193 5068 1343 5127 Romano
1353 5061 1513 5123 pontifice
1523 5059 1663 5122 alienari
1675 5060 1823 5136 possunt,

1024 5164 1101 5260 sine
1127 5162 1255 5232 notitia,
1278 5161 1311 5222 et
1325 5158 1562 5236 approbatione
1578 5159 1771 5220 conventus.
1789 5158 1824 5217 Si

1028 5278 1109 5324 voro
1133 5259 1341 5330 cellerarius,
1364 5257 1417 5318 vel
1437 5256 1550 5333 quivis
1566 5255 1656 5316 alius
1673 5253 1825 5316 officialis

1029 5361 1184 5421 inventus
1214 5356 1320 5418 fuerit·
1345 5354 1431 5415 male
1464 5353 1732 5422 administrasse,
1765 5365 1826 5426 per

181 5457 332 5528 Domino,
347 5459 380 5519 et
392 5455 633 5532 temporalibus
646 5457 837 5528 commodis,
859 5458 892 5519 et
906 5458 976 5534 spi·
1025 5457 1192 5528 abbatem,
1214 5455 1378 5532 praesente
1396 5452 1572 5522 conventu,
1600 5466 1620 5510 a
1640 5463 1701 5508 suo
1715 5463 1827 5508 remo-

181 5553 358 5614 ritualibus
377 5553 528 5630 proficiat
547 5553 771 5644 incrementis.
794 5554 975 5615 statuimus

1029 5557 1147 5617 veatur
1161 5552 1282 5623 officio,
1310 5551 1351 5613 ad
1368 5550 1494 5611 nullum
1523 5547 1564 5607 de
1587 5547 1708 5606 caetero
1730 5561 1828 5606 assu·
