4230 6388
754 283 984 350 nrrsrotn.
1007 239 1085 346 run.
1109 285 1148 348 r.
1715 293 1776 357 aaa
1868 255 1875 260 ’
1949 293 1951 301 “

412 473 640 564 CCCCXXX
750 441 752 444 ’
976 445 1119 516 satione,
1135 447 1214 520 Deo,
1229 445 1263 510 et
1274 447 1463 510 bominibus
1476 449 1554 512 sunt
1566 451 1707 530 accepti,
1723 453 1777 516 fa-

979 544 1089 616 cilius,
1110 543 1144 606 at
1164 544 1295 619 melius,
1320 563 1418 624 quam
1439 563 1499 624 per
1520 546 1605 610 alios
1629 550 1776 613 creditur

185 626 240 686 Ad
253 627 437 702 Hittlfflissm
452 627 643 690 Otitfiiissm
656 630 862 702 trimodum,
978 641 1244 704 reformandum:
1262 645 1389 705 atinde
1404 645 1504 706 iidem
1524 645 1677 707 canonici
1690 647 1777 709 libe-

280 723 481 796 AfvilOliOw
497 726 595 788 Sedit
610 724 771 798 fedatum·
978 738 1052 799 rius
1079 740 1235 802 insistere
1259 743 1414 818 poterunt
1440 741 1651 818 regularibus
1678 745 1777 806 insti-

422 863 455 919 13
466 861 539 935 jung
553 863 632 920 4221·
978 835 1070 908 tutis,
1089 837 1144 914 qui
1168 839 1329 901 hactenus
1349 839 1384 899 i'n
1400 840 1515 901 eadem
1530 841 1671 906 ecclesia
1687 855 1776 920 saepe

258 993 410 1058 ruer
425 993 512 1046 aa·
526 995 586 1048 ⁰³¹¹·
600 995 676 1054 rr·
690 994 797 1060 rr]
980 949 1071 1092 Ξζέῗὲ
1093 937 1778 1097 tssssiffissaiii?iiiiiitiiftffi'siffi.

22 1077 29 1089 ⁵
1074 1074 1082 1102 ἲ
1333 1079 1341 1106 5

123 1120 240 1192 Ῑιθθθίθ
255 1118 795 1192 pstquunnullomodosparetquod
809 1133 923 1178 ffl⁰¹i¹⁵⁹
981 1127 1113 1189 modum
1131 1130 1358 1206 nequiverunt,
1380 1147 1454 1207 quae
1477 1133 1529 1193 sui
1552 1133 1634 1290 sur*
1651 1133 1777 1194 ordinis

164 1207 267 1264 terium
291 1208 320 1266 S.
343 1207 419 1264 Petri
436 1207 466 1262 in
489 1207 566 1266 Coelo
590 1221 679 1266 aureo
696 1222 748 1281 per
768 1207 927 1268 monacbm
981 1225 1151 1287 comm0d0
1171 1226 1358 1288 ohservare.
1381 1229 1451 1289 Nos
1470 1228 1574 1304 igitur
1590 1247 1610 1306 p
1625 1245 1721 1290 enam
1737 1229 1778 1292 de

165 1296 265 1367 nigros
274 1295 369 1354 valeat
378 1293 538 1364 reformari,
552 1294 670 1353 mandat
679 1303 710 1354 ut
721 1295 927 1358 transferantur

164 1382 201 1440 nd
218 1382 323 1440 dictum
340 1385 543 1441 monasterium
558 1383 690 1441 canonici
705 1383 814 1442 ordinis
830 1385 927 1443 Sancti

163 1471 319 1546 Augustini
332 1471 527 1528 llortarieusis
541 1471 681 1530 ecclesia.

981 1321 1189 1385 fraternitate
1219 1325 1276 1386 tua
1312 1323 1469 1386 fiduciam
1502 1325 1688 1388 obtinentes
1718 1343 1779 1406 per

980 1421 1170 1496 apostolica
1183 1421 1242 1482 tibi
1257 1421 1379 1498 scripta
1390 1423 1598 1494 mandamus,
1612 1425 1777 1500 quatenus

982 1533 1083 1594 super
1110 1519 1184 1589 boc,
1212 1518 1431 1582 consideratis
1461 1519 1603 1596 singulis
1632 1521 1779 1583 circum-

170 1606 844 1683 Honoriusapisoopus,serrasserrornm
854 1609 926 1681 Dei,
982 1614 1124 1686 stantiis,
1150 1617 1346 1678 auctoritate
1372 1617 1498 1685 nostra,
1524 1633 1598 1678 cum
1627 1633 1678 1691 ea,
1702 1634 1777 1695 quae

21 1675 30 1802 ἰ
126 1702 316 1764 venerabili
332 1703 428 1764 fratri
448 1704 603 1782 episcopo
623 1704 768 1766 Ostiensi
787 1707 928 1782 Aposio-
982 1711 1136 1774 convenit
1160 1713 1360 1785 maturitate,
1388 1713 1558 1790 procedas,
1582 1715 1691 1794 prout,
1717 1731 1775 1776 se·

21 1801 29 1888 ‚⁸
124 1799 205 1860 licae
228 1799 323 1860 Sedis
344 1800 467 1876 legato,
491 1801 633 1862 salutem
654 1802 690 1864 ct
710 1802 927 1878 apostolicam
982 1810 1124 1870 cundum
1137 1812 1239 1871 Deum
1253 1810 1376 1871 videris
1389 1811 1644 1887 procedendum.
1659 1811 1778 1874 Datum

21 1905 29 1996 ζ
124 1895 408 1960 benedictionem.
982 1907 1149 1979 Laterani,
1187 1906 1261 1968 idus
1287 1907 1389 1986 junii,
1426 1907 1637 1986 pontificatus
1670 1909 1778 1970 nostri

168 1992 319 2068 Benigne
345 1995 419 2054 tuas
445 1995 632 2070 recepimus
659 1995 791 2058 litteras
820 1996 929 2057 couti·-
982 2019 1071 2064 auno
1087 2004 1214 2080 quinto.
1267 2044 1269 2048 -

24 2155 27 2165 ,
125 2091 260 2162 nentes,
287 2090 373 2167 quod
403 2093 433 2152 te
457 2091 634 2154 accedente
663 2093 812 2167 Papiam,
840 2091 928 2153 inter

23 2205 25 2210 ·
126 2187 199 2249 alia
214 2187 370 2264 reperisti
381 2188 618 2250 monasterium
636 2191 669 2248 S.
681 2188 772 2250 Petri
786 2187 822 2248 in
837 2188 927 2248 Coelo

21 2269 30 2328 =²
127 2300 235 2346 aureo
257 2284 352 2346 nobis
376 2284 565 2346 immediata
585 2283 779 2362 subjectum,
796 2284 879 2346 adeo
892 2286 927 2345 in
1255 2253 1506 2342 CCCCXXXI

127 2381 373 2457 spiritualibus
394 2384 427 2444 et
447 2381 685 2458 temporalibus
704 2397 779 2443 esse
800 2381 929 2458 collap-
983 2405 1034 2465 Ad
1043 2407 1272 2466 fredericum
1283 2409 1519 2467 Romanorum
1529 2405 1779 2478 imperatorem

127 2494 220 2553 sum;
238 2478 404 2554 quodnisi
420 2493 479 2555 per
495 2479 589 2540 Sedis
604 2479 803 2554 apostolica
815 2480 929 2555 prori—
1221 2502 1256 2564 ep
1269 2515 1388 2578 reygm
1401 2505 1537 2566 Spem,

128 2575 277 2636 dentiam
301 2575 478 2646 relevetur,
501 2590 672 2651 nunquam
694 2575 841 2652 adiicere
869 2591 929 2651 po·
1321 2640 1327 2651 ,
1372 2641 1388 2654 Η

127 2672 221 2743 terit,
247 2673 283 2734 ut
302 2674 465 2748 resurgat.
493 2671 583 2732 Idem
606 2686 735 2748 quoque
754 2673 927 2734 monaste·
1272 2643 1390 2715 ¹3³¹¹¹¹¹¹
1406 2642 1484 2699 ¹²²¹·

127 2768 219 2828 rium
253 2783 312 2844 pro
343 2771 470 2844 majora
498 2769 592 2845 parte
623 2773 674 2830 est
703 2768 867 2841 dirutum,
897 2773 930 2830 et
1015 2761 1373 2828 [amburi-Brabollasrtist.
1387 2764 1753 2857 uipr.‚rr,1ea‚0t1uynali,

129 2865 243 2926 debito
272 2867 397 2941 septem
423 2865 564 2928 millium
590 2865 751 2926 librarum
782 2869 923 2928 mouetae
1195 2845 1400 2903 3⁸⁰0⁸d²¹¹¹¹⁰
1417 2844 1562 2910 ἰωὰ]

128 2962 272 3037 Papinni
285 2977 496 3038 oppressumr
517 2978 634 3024 rursus
656 2961 758 3023 abbas
774 2964 928 3039 ejusde-m
983 2960 1126 3018 Honorius
1150 2959 1331 3018 fredericum
1358 2963 1552 3019 Romanorum
1576 2962 1780 3034 imperatorem

128 3059 197 3120 1001
210 3075 250 3120 ea
266 3059 452 3126 0003310110,
466 3059 551 3136 quod
566 3059 605 3122 ad
623 3059 760 3120 nimiam
771 3064 841 3137 jam
857 3075 929 3122 me.
1019 3047 1146 3108 hortatui
1158 3048 1195 3106 dd
1205 3049 1307 3122 gflledfl
1319 3063 1390 3121 quas
1405 3064 1566 3122 pl'oelfflfiil'fl
1580 3049 1648 3107 secli
1659 3052 1689 3107 in
1700 3051 1780 3108 auxi·

21 3163 23 3168 ·
128 3157 296 3217 mol-apum
316 3156 554 3218 monasterium
574 3155 827 3220 dissolupflnem
849 3173 927 3234 per,
1017 3137 1086 3196 lium
1104 3136 1253 3200 christiani
1268 3141 1412 3198 exercitus
1428 3138 1674 3208 transmittendas,
1701 3139 1779 3196 cele·

21 3383 23 3424 3
130 3354 237 3428 perte
258 3351 427 3426 religiosis
449 3351 601 3427 personis
626 3352 667 3412 ad
683 3352 771 3413 bona
794 3367 930 3412 monas-

21 3295 24 3334 ,
128 3253 232 3324 venit,
249 3254 445 3316 noviterast
467 3254 609 3316 occisus.
628 3255 718 3316 Sane
738 3255 927 3317 constitutis
1019 3225 1098 3324 ‘5²9³’
1116 3240 1182 3326 ΨΒ
1203 3226 1283 3324 ¹f¹¹¹¹⁰
1302 3225 1412 3326 3³¹¹¹f¹⁹
1429 3227 1781 3327 fl'fffflejfffifflfflmuaem

1018 3313 1129 3385 srluque
1143 3311 1309 3370 dilationem
1324 3321 1382 3372 vau
1397 3329 1540 3388 praecipue
1555 3321 1705 3389 imputent.

129 3447 207 3509 terii
225 3447 430 3522 procuranda
450 3447 486 3508 in
501 3449 700 3509 solutionem
720 3448 823 3511 debiti
842 3465 927 3510 cou-
1022 3448 1696 3525 Honoriusepiscopus,servusservorum
1707 3448 1779 3522 Dei,

129 3544 301 3615 vertenda,
319 3547 351 3605 et
371 3544 542 3604 monacbis
562 3544 696 3606 iuterim
720 3545 825 3606 donec
844 3545 927 3606 illud
984 3543 1106 3606 dilecto
1129 3545 1197 3606 tilio
1219 3545 1409 3618 frederico
1431 3549 1656 3608 Romanorum
1675 3547 1782 3624 impe-

21 3691 22 3728 3
131 3640 174 3701 ab
196 3641 385 3718 hujusmodi
412 3641 555 3717 respirat
583 3656 694 3723 onere,
723 3643 758 3701 in
787 3642 927 3704 diversis
983 3643 1098 3716 ratori,
1123 3643 1265 3705 salutem
1302 3644 1335 3707 et
1369 3644 1586 3722 apostolicam
1619 3643 1781 3707 benedic-

131 3739 343 3800 mouasteriis
362 3737 543 3810 collocatis,
565 3754 640 3800 cum
662 3754 830 3816 uunquam
851 3756 928 3816 spe-
984 3739 1119 3800 tionem.

21 3887 22 3924 3
130 3836 233 3908 retur,
263 3835 349 3912 quod
376 3836 467 3898 locus
495 3836 644 3912 ipseper
668 3837 791 3912 Nigros
816 3836 929 3900 valeat
1023 3837 1059 3897 Si
1079 3837 1205 3913 aliqua,
1227 3838 1289 3898 etc.
1311 3838 1445 3899 Utinam
1471 3837 1658 3900 attenderes
1679 3853 1781 3914 quam

21 4015 22 4024 ἵ
131 3933 311 3994 monachos
327 3931 512 4004 reformari,
530 3933 752 3994 considerasti
766 3948 840 3994 esse
853 3949 928 3994 con·
982 3933 1248 3995 desiderabiliter
1288 3935 1321 3994 ie
1360 3935 1572 4010 praestolatur
1611 3935 1781 3996 exercitus

132 4044 262 4104 gruum,
290 4029 323 4090 et
347 4027 577 4089 reformationi
598 4029 746 4106 ejusdem
770 4030 927 4104 expedire
983 4030 1185 4091 christianus
1218 4030 1366 4091 militans
1402 4031 1541 4092 Domino
1565 4031 1600 4090 iu
1629 4031 1779 4107 partibus

131 4125 256 4196 vidisti,
284 4125 313 4184 si
345 4125 577 4185 Mortarieusis
612 4125 763 4186 ecclesiae
799 4125 927 4186 ordinis
982 4127 1281 4192 transmarinis.et
1302 4125 1666 4205 adverteresquantam
1689 4127 1729 4190 de
1747 4130 1781 4191 te

21 4211 22 4218 '
134 4223 246 4283 Sancti
270 4221 447 4296 Augustini
471 4218 512 4282 ad
541 4221 735 4296 praedictum
756 4225 927 4291 monaste·
983 4237 1075 4300 spem
1108 4224 1302 4300 promiseris
1329 4225 1486 4286 Ecclesiae
1517 4225 1678 4301 generali,
1706 4241 1782 4287 cre-

132 4321 229 4390 rium,
247 4317 302 4378 ubi
323 4331 441 4394 corpus
458 4317 564 4394 ipsius
575 4318 785 4394 requiescere
797 4319 929 4394 dignos·
982 4321 1073 4389 denti
1099 4336 1159 4398 pro
1193 4331 1294 4389 certo,
1329 4322 1415 4400 quod
1447 4337 1635 4400 proponens
1658 4323 1781 4385 Hieru-

133 4418 229 4488 citur,
249 4415 483 4487 transferatur,
505 4431 579 4475 cum
602 4415 757 4486 canonici
779 4415 926 4493 ejusdem
982 4418 1085 4479 salem
1107 4419 1143 4479 iu
1167 4417 1331 4496 principio
1353 4420 1478 4482 laetitiae
1495 4423 1573 4494 tuaa,
1588 4421 1779 4499 postpositis

133 4515 281 4576 ecclesiae
299 4511 466 4574 laudabile
481 4511 627 4573 habeant
640 4511 878 4586 testimonium,
895 4515 928 4576 et
982 4516 1070 4588 aliis,
1084 4515 1124 4578 ad
1135 4517 1421 4593 recuperationem
1430 4521 1503 4596 ejus
1515 4519 1592 4579 totis
1605 4518 1781 4580 desideriis

133 4613 254 4674 dictum
270 4610 508 4672 monasterium
523 4610 605 4670 satis
621 4609 722 4671 fuerit
732 4609 927 4672 honorabile
982 4615 1160 4690 aspirares,
1177 4615 1361 4690 praesertim
1385 4631 1460 4676 cum
1485 4615 1606 4676 adhoc
1630 4615 1692 4677 tibi
1714 4619 1782 4677 Do-

133 4708 219 4770 inter
238 4713 358 4770 caetera
381 4706 563 4784 provinciae
583 4707 925 4783 bombardiae31usu-
981 4713 1091 4772 miuus
1127 4727 1259 4774 omnam
1293 4712 1450 4773 obtulerit
1482 4712 1686 4775 facultatem.
1716 4713 1780 4775 Sed

132 4805 336 4882 paranobis
353 4806 390 4866 in
405 4804 666 4866 eisdemlitteris
682 4805 869 4881 postulasti,
893 4807 928 4868 ut
981 4825 1070 4870 nuno
1102 4809 1198 4872 multi
1235 4809 1454 4881 murmurant,
1496 4810 1593 4872 multi
1632 4810 1780 4874 clamant

133 4906 282 4964 nostrum
313 4916 413 4978 super
443 4902 506 4963 boo
532 4902 775 4979 beneplacitum
800 4903 928 4965 scribe-
981 4905 1067 4982 quod
1083 4907 1252 4984 postponis
1273 4907 1414 4984 exsequi
1435 4907 1547 4968 votum
1568 4909 1678 4985 tuum3
1696 4910 1730 4972 at
1743 4909 1781 4972 ut

133 5016 253 5061 remus.
262 5000 441 5060 Multorum
453 4999 542 5060 euim
553 5000 766 5075 praelatorum
777 5001 925 5078 ejusdem
980 5004 1065 5066 velle
1080 5004 1162 5064 illud
1182 5005 1320 5080 exsequi
1338 5003 1486 5066 ridearis
1502 5005 1617 5082 galeas
1630 5023 1713 5084 quas
1729 5007 1780 5068 fe-

132 5098 311 5175 provinciae
318 5096 504 5172 recepimus
513 5096 642 5158 litteras
653 5098 924 5174 supplicantium,
980 5117 1075 5163 ceras
1090 5101 1273 5179 praeparari
1288 5101 1428 5173 detines,
1441 5102 1537 5179 quasi
1551 5105 1661 5165 tecum
1674 5103 1709 5163 in
1722 5105 1778 5166 tuo

133 5195 222 5256 ulad
236 5193 430 5271 praedictum
444 5195 684 5254 monasterium
699 5195 849 5256 eamdem
865 5211 924 5257 ec·
980 5200 1138 5261 comitatu
1158 5200 1320 5260 ducturus
1343 5199 1475 5260 easdem
1499 5221 1506 5260 ι
1531 5217 1605 5278 quae
1628 5201 1656 5260 sl
1678 5200 1780 5261 forsi-

133 5293 267 5356 clesiam
279 5289 531 5362 transferamus,
546 5306 586 5352 ac
597 5293 851 5370 proponentium
863 5292 926 5356 boc
979 5299 1036 5359 tan
1054 5313 1143 5358 nuuc
1162 5296 1347 5359 transirent
1362 5313 1517 5374 maguum
1535 5299 1671 5375 possent
1692 5313 1777 5359 con-

132 5391 194 5467 ipsi
209 5388 423 5460 monasterio,
441 5389 473 5449 et
487 5387 612 5449 eisdem
633 5389 804 5450 canonicis
818 5403 924 5466 expe·
980 5393 1067 5455 ferra
1082 5394 1246 5454 auxilium
1267 5394 1431 5456 exercitui
1453 5396 1637 5456 christiano
1661 5395 1716 5474 qui
1737 5411 1779 5458 eo

134 5487 213 5558 dire,
238 5503 298 5564 pro
318 5501 357 5548 eo
378 5485 466 5562 quod
489 5485 663 5563 praefatum
684 5489 924 5550 monasterium
979 5491 1107 5567 indiget
1121 5492 1348 5553 vehementer.
1366 5493 1408 5554 Ut
1423 5492 1526 5568 igitur
1545 5493 1608 5553 hoc
1626 5509 1645 5553 a
1662 5493 1695 5554 te
1711 5509 1776 5570 op-

134 5585 337 5661 pereosdem
352 5584 542 5657 canonicos,
561 5583 619 5662 qui
634 5586 715 5653 rita,
735 5585 926 5647 et1conrer·
979 5589 1148 5666 probrium
1163 5587 1309 5658 auferas,
1326 5605 1388 5652 uec
1401 5605 1467 5651 nos
1488 5589 1593 5651 facias
1608 5590 1650 5653 ab
1667 5589 1778 5653 bomi-
