4250 6404
168 347 208 406 119
786 341 1015 404 brts'roblu.
1039 341 1116 402 LlB.
1143 341 1196 402 [ΙΙ.
1774 345 1813 400 to

167 505 246 575 ruit,
259 503 414 565 intuitum
425 503 557 579 erigens
568 498 791 573 tenebrosum,
803 501 963 564 desistere

167 603 295 663 etanta
317 600 423 676 ipsius
442 599 594 661 ecclesiae
610 599 841 675 persecutione
860 613 963 674 eoga-

166 701 233 761 tur.
256 699 375 759 Datum
394 695 562 766 Laterani,
589 697 649 756 VII
667 695 742 757 idus
765 694 962 768 decembris,

167 794 379 872 pontificatus
395 792 500 855 nostri
515 809 603 854 anno
617 792 726 855 tertio.

502 960 627 1046 LXIV

165 1101 216 1157 Ad
226 1095 467 1156 Bertronnom
478 1094 680 1166 apostoncae
694 1095 792 1154 Sedis
804 1093 963 1169 leodium.

432 1213 593 1272 ldccemb.
621 1215 699 1272 1118.

172 1319 177 1325 “
191 1319 312 1386 [Regest.,
324 1321 370 1371 lib.
386 1321 428 1376 111,
442 1321 516 1385 epist.
528 1319 582 1371 ibt.
597 1321 700 1370 blss.La
712 1319 786 1369 Porta
796 1319 829 1368 du
841 1317 934 1382 Theti]

166 1426 283 1486 Mandat
306 1434 336 1485 ut
359 1426 469 1484 idoneis
491 1427 624 1500 personis
648 1424 816 1500 prebendas
830 1431 967 1482 vacantes

494 1513 632 1573 conterat.

207 1625 385 1696 Honorius,
399 1625 473 1696 919,
491 1623 611 1684 dilecto
627 1621 849 1683 linostimis
865 1623 967 1682 Sanc·

166 1723 276 1782 torum
292 1721 454 1782 1911911113
470 1721 502 1780 91
517 1719 613 1781 Pauli
632 1719 825 1796 presbytero
852 1716 965 1778 cardi-

166 1819 248 1889 nali,
264 1817 462 1893 Apostolicae
477 1815 572 1877 Sedis
585 1815 706 1891 legato,
722 1813 874 1886 salutem,
902 1813 965 1874 919.

207 1915 338 1975 Nostris
353 1913 416 1975 ruit
428 1913 565 1974 auribus
575 1913 765 1973 intimatum
778 1912 862 1988 qnod
888 1911 966 1987 qui-

167 2013 456 2090 dampersonatuS,
469 2009 655 2086 praebendae
666 2025 705 2070 ac
714 2008 864 2068 ecclesiae
873 2023 968 2084 paro·

168 2109 294 2170 chiales
304 2110 424 2169 vacant
438 2109 471 2168 et
483 2107 687 2168 vacaverunt
699 2105 827 2166 tamdiu
843 2105 878 2165 in
889 2101 968 2164 civi·

168 2209 262 2278 tate,
288 2221 327 2266 ac
356 2205 492 2266 dioecesi
519 2203 753 2274 Narbonensi,
782 2201 968 2262 venerabili

168 2303 271 2364 fratre
304 2304 456 2364 nostro...
490 2301 680 2362 Narbonen.
717 2299 967 2376 archiepiscopo

168 2399 328 2478 quasdam
344 2415 387 2460 911
401 2399 483 2475 ipsis
508 2398 548 2459 ad
571 2413 689 2458 manus
712 2397 864 2474 proprias
881 2396 967 2456 reti-

171 2494 735 2573 191119,1931131119999193191111
763 2494 797 2554 91
822 2492 966 2569 plebium

169 2609 261 2662 cura,
281 2609 354 2670 quae
377 2591 496 2653 debitis
522 2591 690 2667 obsequiis
716 2588 966 2651 demandantur.

169 2692 312 2767 Ideoque
344 2689 536 2750 discretioni
567 2689 633 2750 tuae
676 2703 735 2765 per
779 2686 967 2763 Apostolioa

128 2861 137 2878 ι
169 2789 292 2864 scripta
323 2786 540 2854 mandamus,
568 2789 730 2862 quatenus
758 2783 965 2860 personatus,

169 2883 376 2962 praebendas
393 2885 425 2944 et
440 2882 599 2943 eeclesias
613 2881 758 2942 civitatis
773 2879 967 2942 etdioecesis

170 2981 390 3059 supradictae,
422 2995 495 3057 quae
529 2980 706 3056 antequam
729 2978 817 3038 idem
836 2976 969 3037 archie-

170 3079 327 3156 piscopus
355 3077 397 3138 ad
425 3077 573 3138 nostram
599 3075 730 3137 veniret
756 3074 967 3152 praesentiam

169 3179 317 3253 tempore
330 3176 422 3236 tanto
433 3173 643 3244 vacaverant,
661 3173 746 3250 quod
763 3172 804 3237 ad
819 3187 879 3232 193
897 3172 969 3232 erat

168 3290 284 3335 earum
304 3273 438 3334 donatio
451 3271 615 3342 devoluta,
632 3273 736 3332 Deum
759 3269 886 3330 babens
899 3285 967 3346 prae

169 3369 286 3437 oculis,
308 3368 505 3429 auctoritate
524 3369 639 3428 nostra
663 3365 814 3442 personis
840 3363 968 3425 idoneis

169 3466 322 3528 conseras
335 3465 536 3539 etassignes,
548 3462 810 3525 contradictores
820 3476 880 3538 per
895 3477 969 3521 cen·

170 3559 968 3638 suramecclesiasticamappellationepostposita

169 3659 418 3738 compescendo.
449 3660 553 3719 Porro
577 3657 619 3718 ad
647 3672 687 3718 ea
712 3655 874 3717 beneficia
895 3671 967 3732 quae

168 3759 470 3834 vacarecosperunt
485 3757 658 3831 postquam
674 3749 762 3814 idem
777 3751 967 3828 archiepis-

169 3869 271 3931 copus
285 3854 350 3914 iter
364 3853 506 3928 arripuit
520 3851 561 3912 ad
581 3853 728 3912 nostram
743 3849 966 3925 praesentiam,

171 3951 325 4011 nolumus
341 3963 473 4009 manum
495 3945 684 4017 extendere,
708 3962 783 4007 cum
798 3945 833 4006 in
853 3959 967 4005 eorum

170 4045 347 4107 collatione
361 4045 532 4120 negligens
545 4059 618 4104 esse
631 4059 697 4103 non
713 4042 865 4103 videatur
879 4041 966 4102 idem

170 4143 451 4218 archiepiscopus
476 4157 574 4218 quam
601 4156 662 4201 sua
687 4141 794 4216 potest
816 4137 967 4199 absentia

169 4254 344 4301 excusare.
375 4239 491 4300 Datum
519 4237 685 4308 Laterani,
713 4235 852 4312 septimo
891 4234 966 4295 idus

171 4333 366 4409 decembris,
383 4333 594 4412 pontificatus
608 4332 714 4394 nostri
728 4346 817 4394 3119
828 4331 936 4391 tertio.

370 4637 421 4696 Ad
433 4634 578 4696 electum
587 4635 766 4694 Bolvooen.

438 4759 453 4814 7
470 4754 600 4812 decemb.
617 4754 695 4811 1118.

194 4869 311 4936 [Regem.
324 4871 369 4921 lib.
380 4869 423 4932 111,
438 4869 578 4935 9111311119.
592 4869 649 4918 Nes.
663 4866 700 4917 La
711 4867 787 4917 Porta
800 4865 940 4930 11111911]

172 4978 242 5050 Ejus
253 4976 404 5036 ecclesiam
415 4990 482 5034 eum
495 4974 629 5032 omnibus
641 4971 727 5030 bonis
740 4971 794 5030 sub
805 4971 882 5030 beati
892 4969 966 5030 Petri

355 5071 385 5122 et
395 5079 447 5122 sua
460 5063 636 5136 protectione
650 5061 780 5133 suscipit.

212 5173 391 5244 Honorius,
405 5171 482 5239 etc„
493 5170 614 5232 dilecto
624 5169 695 5232 titio
697 5211 758 5230 .....
769 5167 876 5230 919919
891 5165 968 5228 Bel·

171 5285 382 5427 vagintalem
407 5376 466 5440 per
493 5361 554 5422 Dei
581 5361 723 5438 gratiam
747 5357 901 5429 exhibes,
932 5359 968 5418 ut

171 5460 363 5538 Apostolioa
385 5458 486 5521 Sedes
501 5456 561 5519 tibi
576 5456 724 5520 favorem
739 5456 858 5517 merito
873 5453 967 5516 debe·

173 5560 209 5619 at
222 5555 391 5618 exhibere.
412 5555 493 5616 dum
506 5553 609 5632 igitur
620 5566 782 5614 accensus
800 5550 872 5611 zelo
890 5548 966 5610 ddei

174 5652 377 5724 christiana,
391 5651 522 5726 signum
537 5649 680 5714 viviflcae
692 5647 800 5710 erucis
815 5661 967 5722 assump-

1019 501 1103 562 seris
1124 501 1159 562 in
1173 501 1283 562 serra
1301 500 1430 562 Sanctae
1445 497 1627 559 subsidium
1648 499 1814 574 prolectu-

1020 614 1087 670 rus,
1111 611 1172 658 nos
1187 597 1253 658 tuis
1263 597 1365 676 justis
1384 595 1537 674 precibus
1552 594 1731 672 benignum
1750 597 1814 656 tm-

1020 692 1200 771 partientes
1222 710 1406 766 assensum,
1430 693 1604 754 ecclesiam
1626 694 1716 754 tuam
1739 709 1813 755 9111

1020 790 1173 853 omnibus
1184 791 1279 854 bonis
1294 791 1361 852 tuis
1373 790 1432 851 sub
1443 791 1530 851 beati
1542 789 1642 862 Petri,
1656 791 1688 851 et
1701 793 1814 852 nostra

1021 889 1225 966 protectione
1252 889 1460 964 suscipimus.
1490 888 1690 956 statuentes,
1714 892 1749 950 ut
1772 904 1815 948 ex

1021 1001 1085 1062 quo
1109 987 1174 1046 iter
1196 985 1300 1045 119113
1324 985 1602 1062 peregrinationis
1624 1001 1812 1062 aggressus

1021 1083 1146 1144 nemini
1160 1081 1259 1142 liceat
1270 1081 1334 1160 ipsi
1350 1082 1499 1143 ecclesiae
1514 1097 1648 1143 movere
1663 1083 1815 1160 quaestio·

1021 1194 1097 1240 nem
1123 1194 1224 1256 super
1250 1178 1320 1251 his,
1349 1193 1487 1255 quorum
1515 1180 1546 1239 ei
1570 1180 1814 1256 possessionem
1876 1192 1879 1200 ·

1021 1277 1199 1352 reliqueris
1222 1276 1394 1354 pacilicam
1409 1277 1442 1336 et
1456 1276 1611 1353 quietam,
1630 1277 1686 1337 sed
1703 1275 1813 1337 omnia

1022 1375 1082 1437 sub
1109 1376 1249 1452 speciali
1277 1373 1475 1451 Apostolicae
1502 1375 1596 1436 Sedis
1624 1374 1816 1437 defensione

1022 1473 1132 1550 quieta
1157 1472 1389 1549 permaneant,
1415 1469 1519 1532 donec
1543 1472 1583 1533 de
1607 1472 1714 1532 reditu
1740 1474 1812 1544 tuo,

1022 1569 1074 1631 rel
1108 1568 1198 1631 obitu
1236 1569 1422 1630 certissime
1456 1571 1685 1644 cognoscatur.
1723 1569 1816 1630 Nulli

1023 1682 1113 1742 ergo,
1143 1667 1218 1738 eto,
1242 1666 1328 1727 113119
1354 1665 1508 1742 paginam
1533 1668 1655 1727 nostrae
1680 1668 1814 1743 proteo-

1025 1764 1122 1824 tionis
1143 1763 1337 1840 infringere,
1361 1764 1423 1823 etc.
1450 1764 1486 1823 Si
1510 1764 1583 1838 quis
1605 1766 1728 1834 autem,
1750 1765 1813 1824 etc.

1022 1861 1141 1922 Datum
1162 1861 1329 1932 Laterani,
1356 1860 1496 1936 septimo
1519 1860 1594 1922 idus
1616 1860 1813 1931 decembris,

1023 1956 1235 2018 annotertio.

1357 2097 1480 2183 LXVI

1063 2233 1115 2292 Ad
1140 2231 1284 2292 electum
1308 2233 1599 2301 archidiaconum,
1623 2232 1779 2294 abbatem

1121 2327 1240 2388 Surtctt
1260 2330 1425 2396 Vincentio·
1441 2329 1717 2389 Mediolanensis.

1289 2442 1303 2497 7
1325 2438 1455 2496 decemb.
1473 2441 1551 2496 1118.

1049 2547 1167 2608 [segem.
1179 2543 1224 2594 lib.
1236 2545 1280 2605 111,
1295 2545 1369 2609 epist.
1383 2545 1436 2594 1118.
1452 2546 1509 2594 1133.
1521 2546 1557 2594 La
1569 2546 1644 2596 Porta
1657 2547 1691 2596 du
1703 2547 1795 2610 Thali]

1023 2644 1067 2702 Ad
1080 2642 1282 2700 discretionem
1296 2643 1408 2700 illorum
1419 2642 1820 2702 remittitexamensententia

1058 2746 1074 2788 a
1097 2729 1238 2802 prioribus
1260 2729 1404 2800 judicibus
1427 2729 1523 2788 datam
1550 2731 1622 2788 inter
1647 2739 1820 2790 conventum

1059 2820 1154 2876 suncti
1169 2820 1240 2877 Sixti
1249 2826 1277 2875 et
1289 2826 1461 2876 conventum
1472 2820 1551 2877 casa
1562 2821 1624 2877 Dei.

1062 2927 1241 2998 Honorius,
1262 2929 1337 3000 eto,
1359 2927 1490 2988 dilectis
1506 2928 1622 2988 liliis...
1638 2927 1818 2990 91991991-

1023 3024 1218 3086 chidiacono
1230 3027 1297 3086 91...
1315 3023 1426 3085 abbati
1443 3025 1557 3086 Sancti
1568 3025 1734 3087 Vincentii
1745 3027 1818 3088 119-

1023 3121 1202 3192 diolanen.,
1221 3121 1372 3192 salutem,
1397 3124 1458 3182 eto.

1063 3218 1181 3280 Dileoti
1196 3217 1295 3284 tilii...
1316 3217 1418 3278 abbas
1441 3221 1474 3279 et
1500 3223 1681 3282 conventus
1706 3219 1819 3282 Sancti

1025 3315 1111 3376 Sixtt
1135 3315 1318 3378 Placentin.
1338 3315 1534 3376 transmissa
1550 3315 1645 3378 nobis
1661 3317 1819 3393 petitione

1024 3415 1261 3482 monstrarunt,
1276 3411 1362 3489 quod
1375 3428 1449 3472 oum
1460 3412 1548 3473 inter
1562 3413 1651 3489 ipsos
1665 3427 1709 3474 ex
1725 3416 1819 3490 parte

1024 3524 1090 3570 uua
1116 3510 1185 3570 et...
1216 3509 1369 3570 abbatem
1385 3511 1418 3572 et
1430 3511 1628 3570 conventum
1655 3512 1746 3570 Casae
1761 3513 1820 3571 Dei

1023 3606 1303 3667 claromontensis
1329 3606 1484 3667 dioecesis
1510 3623 1553 3668 ex
1575 3607 1691 3678 altera,
1721 3623 1821 3684 super

1024 3702 1227 3780 subjectione
1253 3719 1351 3780 quam
1379 3704 1443 3780 ipsi
1465 3703 1568 3764 abbas
1582 3707 1616 3765 91
1639 3707 1820 3768 conventus

1023 3803 1115 3862 Casae
1136 3800 1197 3862 Dei
1220 3802 1390 3876 exigunta
1413 3802 1614 3862 monasterio
1629 3802 1820 3864 eorumdem

1023 3913 1134 3959 coram
1158 3897 1341 3959 venarabili
1369 3899 1470 3959 fratre
1496 3901 1621 3971 nostro,
1638 3900 1819 3960 Mutinensi

1023 3996 1195 4072 episcopo,
1220 3995 1253 4055 et
1276 3991 1504 4071 conjudicibus
1527 3996 1597 4055 suis
1621 3998 1819 4061 auctoritate

1021 4092 1211 4168 Apostolioa
1226 4091 1364 4166 quaestio
1373 4091 1679 4162 verteretur,lidam
1687 4092 1819 4169 judices

1020 4188 1168 4250 tulerunt
1181 4186 1391 4248 diffinitivam
1405 4187 1602 4248 sententiam
1617 4193 1733 4249 contra
1747 4204 1816 4260 eos,

1021 4300 1116 4362 aqua
1130 4283 1208 4344 lieet
1225 4286 1372 4343 nostram
1387 4282 1590 4344 audientiam
1603 4284 1815 4360 appellarint,
1899 4271 1901 4275 Α

1021 4383 1054 4443 91
1080 4381 1144 4458 ipsi
1166 4380 1296 4457 judices
1322 4381 1390 4440 tam
1416 4381 1476 4450 eis,
1494 4397 1628 4458 quam...
1646 4381 1752 4459 priori
1778 4381 1819 4444 de

1022 4479 1166 4541 Rocbeta
1179 4480 1331 4538 Parmen.
1341 4477 1494 4539 dioecesis
1504 4479 1560 4554 qui
1569 4478 1658 4538 vices
1666 4479 1819 4555 jamdicti

1021 4573 1149 4636 abbatis
1160 4575 1252 4634 Casae
1269 4574 1328 4634 Dei
1343 4574 1430 4650 gerit
1444 4573 1479 4634 11
1495 4574 1643 4650 partibus
1658 4575 1738 4643 illis,
1757 4575 1819 4636 ses-

1020 4671 1817 4748 tumOmniumSanctorumproximopraeteritum

1022 4769 1198 4831 terminum
1214 4767 1368 4828 veniendi
1388 4770 1522 4844 propter
1549 4767 1612 4829 boc
1631 4767 1672 4828 ad
1700 4768 1816 4830 Sedem

1020 4865 1243 4943 Apostolicam
1256 4864 1471 4940 assignarint,
1497 4863 1609 4925 nullus
1629 4866 1742 4928 tamen
1756 4881 1816 4942 pro

1021 4964 1114 5040 parte
1129 4960 1297 5038 sepedicti
1312 4957 1440 5021 abbatis
1454 4962 1545 5022 Casae
1558 4961 1617 5023 Dei
1633 4963 1817 5039 comparuit

1021 5059 1235 5136 procurator,
1265 5057 1479 5134 procuratore
1517 5059 1621 5132 partis
1654 5057 1814 5131 alterius,

1022 5157 1145 5218 diutius
1182 5153 1267 5232 apud
1297 5153 1414 5214 sedem
1441 5154 1664 5231 Apostolioam
1690 5171 1815 5231 expec-

1021 5255 1122 5316 tante.
1140 5250 1233 5313 Unde
1245 5251 1339 5327 petiit
1352 5253 1546 5327 procurator
1555 5253 1627 5327 jam
1644 5251 1723 5313 dicti
1744 5267 1816 5313 119-

1022 5349 1159 5412 19319111
1171 5348 1282 5409 Sancti
1295 5345 1380 5408 Sixti
1392 5347 1428 5408 ut
1443 5347 1719 5408 committeremus
1733 5361 1816 5407 exa-

1022 5447 1235 5507 minationem
1244 5441 1392 5521 ejusdem
1401 5443 1815 5505 sententiaeetcondemna·

1020 5556 1132 5605 remus
1148 5543 1273 5620 partem
1289 5541 1428 5602 alteram
1440 5539 1650 5615 inexpensis.
1672 5537 1813 5618 ldeoque

1022 5638 1214 5702 discretioni
1243 5639 1363 5700 uestrae
1390 5651 1449 5712 per
1471 5636 1660 5711 Apostolica
1690 5638 1813 5713 scripta
