4280 6404
205 333 263 394 201
810 331 1051 422 smmum.
1076 330 1152 388 hle.
1177 331 1232 390 111.
1288 321 1292 328 ¹
1336 345 1338 355 ’
1789 326 1850 386 202

203 491 264 552 tua
286 490 436 566 tempora
461 503 688 550 conservasse.
707 489 826 549 Datum
847 488 1001 550 Laterani
1047 488 1268 566 concedimus
1278 487 1739 566 tacui....em,rils1101·ie,.,.1od
1749 483 1846 556 absit,

209 591 254 650 lll
287 587 362 650 idus
390 587 522 664 aprilis,
554 587 765 664 pontificatus
789 587 893 648 nostri
914 602 1001 647 anno
1049 571 1139 646 ¹adeo
1154 587 1242 646 esset
1256 571 1368 661 gravis
1380 588 1412 646 et
1427 585 1571 647 enormis
1584 599 1751 655 excessus,
1762 582 1848 661 quod

206 685 320 746 tertio.
1058 683 1246 760 hujusmodi
1275 699 1431 744 manuum
1461 684 1638 759 injectores
1667 681 1848 742 adsedem

247 785 416 844 Eemdem
438 785 578 844 moenem
599 782 768 856 scriptum
788 781 898 842 estad
922 784 1016 842 Ber-¹
1057 781 1280 858 apostolicam
1295 781 1527 846 torentmerito
1543 779 1741 866 destinandi.
1756 779 1849 839 Nulli

207 879 358 941 tboldum
374 879 524 941 abbatem
537 879 821 954 staingadensem.
837 880 953 940 Datum
968 882 1003 939 ut
1057 894 1136 953 ergo
1152 878 1285 938 omnino
1313 878 1483 939 hominum
1493 877 1684 938 liceathanc
1694 876 1849 953 paginam

209 993 319 1054 snpra.
1058 978 1179 1036 nostrae
1195 957 1418 1036 concessionis
1435 977 1628 1051 intringere,
1650 975 1702 1036 vel
1718 976 1851 1034 clausu

498 1083 720 1168 CLXXXIX
772 1119 773 1122 ,
1057 1073 1234 1133 temerario
1263 1073 1439 1132 contraire.
1476 1069 1510 1134 Si
1543 1073 1616 1148 quis
1645 1075 1754 1133 aulem
1788 1072 1851 1132 hoc

1058 1171 1220 1256 attentare
1239 1171 1496 1246 praesumpserit,
1514 1169 1771 1244 indignationem
1786 1185 1853 1236 om·

1043 1265 1236 1348 unipotentis
1253 1268 1322 1338 liei,
1339 1270 1372 1327 et
1397 1267 1569 1328 beatorum
1588 1267 1678 1327 Petri
1701 1269 1734 1327 et
1754 1267 1849 1328 Pauli

1058 1364 1283 1440 apostolorum
1309 1367 1381 1440 ejus
1410 1379 1445 1424 se
1475 1363 1604 1424 noverit
1627 1363 1849 1424 incursurum.

243 1219 295 1278 Ae
312 1219 489 1279 Simonem
506 1217 661 1276 abbatem
676 1217 973 1290 aquierere-asem

407 1316 564 1375 dioecesis
583 1314 807 1374 Arelatensis.

485 1427 515 1483 ll
533 1427 630 1498 aprilis
646 1425 723 1484 lale.

208 1535 258 1600 [Ex
265 1533 400 1586 cartulario
408 1533 541 1584 abbatissae
551 1532 635 1585 Sancti
643 1515 781 1585 salvatoris
788 1533 1001 1598 aquicinctensim

301 1615 423 1664 eihlioth
432 1615 501 1667 Nat..
510 1613 703 1671 iondsbloreau,
717 1619 735 1663 t.
745 1615 798 1673 lae,
809 1614 909 1678 prin]

193 1715 263 1770 *bet
284 1714 392 1772 Simoni
412 1721 439 1770 et
463 1713 526 1786 ejus
551 1712 765 1769 suecessoribus
785 1727 868 1769 usum
888 1711 1001 1784 pontiti·
1407 1669 1500 1756 CXC

243 1802 346 1860 ealiurn
371 1809 400 1858 et
414 1803 539 1858 minores
552 1801 666 1860 ordines
680 1799 1004 1859 conterendimonachis
1116 1795 1168 1853 Ad
1189 1796 1485 1868 arehiepiscopum
1505 1793 1789 1868 samosatensem.

243 1891 441 1963 Aqulcinelen.
458 1889 630 1948 facultatem.
1249 1905 1395 1978 (3103de
1408 1921 1507 1963 mense
1521 1913 1549 1964 01
1564 1903 1663 1979 anno.)

250 1999 418 2060 Honorius
437 1999 611 2075 episcopus
627 2012 743 2060 servus
758 2015 929 2060 servorum
944 1999 1004 2060 Dei
1183 2002 1311 2063 [Theium
1328 2003 1441 2052 nonum.
1460 2001 1605 2066 uulgaria.
1626 2015 1651 2051 n.
1675 2000 1727 2066 η]

209 2096 328 2158 dilecto
351 2083 419 2157 filio
434 2095 559 2158 Simoni
582 2094 753 2174 abbati-(l)
774 2097 1003 2172 aquicincteu.
1058 2098 1281 2174 archiepiscopo
1309 2101 1496 2174 strigoniensi
1519 2108 1550 2159 ut
1575 2115 1609 2157 ex
1634 2114 1685 2156 sua
1707 2099 1852 2172 provincie

209 2193 351 2254 salutem
368 2193 400 2254 et
414 2192 630 2269 apostolicam
649 2191 921 2254 benedictionem.
1094 2191 1245 2248 nonnullos
1255 2189 1453 2248 viresidoneos
1464 2189 1626 2261 sihimittat‚
1636 2189 1854 2260 pulsationibus

250 2290 292 2351 ut
304 2291 338 2350 in
351 2305 408 2367 spe
421 2305 537 2366 gerere
550 2290 856 2367 quodtandemjure
870 2289 1004 2350 habehit
1093 2279 1223 2350 gentium
1239 2277 1356 2336 Verbum
1371 2279 1553 2376 elflsssseljfflfl
1565 2277 1720 2350 lllaefflssil⁰
1732 2278 1850 2350 ll⁰⁸ii¹¹b

209 2405 245 2450 se
271 2388 473 2450 demonstret
498 2387 649 2460 ecclesia,
671 2389 705 2448 et
722 2388 902 2449 raritatem¹
918 2403 1005 2464 pree·
1098 2387 1266 2446 Honorius
1277 2387 1451 2463 episcopus
1464 2401 1580 2447 servus
1596 2399 1767 2447 servorum
1781 2385 1852 2456 Dei,

209 2485 333 2547 indicet
352 2485 582 2562 pertlguram,
597 2485 700 2556 variis
723 2485 899 2550 decoratur
921 2485 1005 2544 insi·
1058 2483 1242 2544 venerabili
1267 2483 1400 2545 bairi...
1420 2483 1641 2558 strigoniensi
1663 2481 1852 2558 archiepis·

208 2581 327 2659 guibus
339 2581 536 2658 dignitatum
543 2597 602 2659 per
608 2599 685 2659 ques
698 2582 838 2660 pulchra
852 2581 1004 2642 fidelihus
1058 2595 1142 2656 copo
1153 2580 1294 2642 salutem
1307 2580 1339 2641 et
1353 2579 1851 2656 apostolicambenedictionem.

208 2682 243 2743 et
256 2667 446 2746 infidelibus¹
469 2681 629 2757 appareat
649 2679 685 2740 ut
705 2679 889 2741 castrorum
915 2679 1005 2740 acies
1098 2677 1150 2738 Ne
1164 2676 1192 2737 si
1207 2692 1303 2738 secus
1320 2678 1451 2739 vineam
1466 2677 1596 2738 Domini
1618 2677 1740 2738 nostres
1764 2691 1853 2738 curae

208 2777 374 2838 ordinata.
392 2778 501 2847 Quare
527 2793 588 2838 nos
617 2777 672 2853 qui
701 2777 852 2837 decorem
888 2776 1004 2837 domus
1060 2773 1267 2835 commissam
1298 2774 1422 2851 positas
1445 2773 1590 2851 undique
1614 2772 1853 2835 sollicitudines

209 2874 340 2935 Domini
368 2875 521 2935 tenemur
547 2891 591 2934 es
615 2873 725 2935 cilicio
741 2873 836 2934 nobis
858 2872 1004 2950 injuncto
1059 2871 1211 2948 redigere
1226 2873 1470 2948 neglexerimus
1485 2871 1712 2941 adculturam,
1729 2874 1761 2932 et
1776 2886 1855 2948 pro-

191 2973 359 3048 ·diligere,
376 2972 531 3032 decentes
552 2987 711 3048 personas
728 2970 870 3032 libenter
883 2970 1005 3031 talibus
1060 2985 1183 3046 pagare
1195 2971 1229 3030 in
1245 2970 1293 3030 eis
1307 2969 1517 3046 propagines,
1535 2969 1721 3046 questiones
1741 2969 1853 3030 odoris

207 3071 415 3141 decoramus,
431 3069 605 3145 sperantes
615 3069 651 3130 ut
662 3069 753 3136 tanto
768 3069 809 3129 ad
822 3083 936 3129 eorum
952 3069 1004 3129 si·
1060 3068 1093 3128 et
1117 3067 1259 3128 tructam
1287 3067 1429 3128 afferant
1452 3067 1658 3135 honestatis,
1688 3067 1853 3144 possimus

208 3165 376 3241 gniflceta,
402 3166 583 3228 studiosius
612 3181 648 3227 se
663 3166 855 3237 informent,
882 3167 1010 3242 quanto
1060 3164 1178 3227 merito
1193 3165 1234 3225 de
1256 3165 1389 3241 torpore
1402 3179 1461 3225 seu
1483 3163 1610 3224 desidie
1626 3161 1853 3241 reprehendi:

190 3286 193 3294 ·
209 3261 475 3338 significantibus
491 3279 527 3324 se
542 3262 704 3325 denostra
716 3265 917 3338 cognoscant
928 3279 1007 3338 gra·
1036 3293 1037 3298 .
1060 3261 1137 3324 lieet
1152 3261 1326 3324 undecima
1342 3263 1385 3323 sit
1395 3263 1489 3332 hora,
1504 3262 1677 3339 operarios
1692 3263 1801 3322 tamen
1817 3261 1852 3320 in

1058 1462 1175 1522 Datum
1191 1463 1347 1522 Laterani
1360 1463 1405 1522 ΙΙΙ
1422 1461 1496 1523 idus
1512 1461 1629 1540 aprilis
1641 1461 1851 1538 pontificatus

1058 1559 1162 1620 nostri
1177 1575 1264 1620 anno
1279 1559 1388 1620 tertie.
1632 1569 1637 1572 “

191 3359 255 3421 tia
280 3358 459 3435 specialius
480 3359 648 3434 insigniri.
665 3361 857 3436 Eapreptsr,
886 3359 1006 3421 dilecte
1060 3361 1150 3438 ipsas
1179 3361 1392 3438 proponimus
1417 3360 1602 3426 destinare,
1638 3360 1695 3437 qui
1721 3357 1853 3420 sarculo
1956 3325 1985 3418 s

210 3457 246 3517 in
270 3456 410 3518 Domino
433 3455 496 3529 lili,
512 3457 580 3518 tuis
603 3455 757 3532 precibus
771 3471 811 3518 ee
833 3455 1011 3518 lavorabi-
1061 3457 1307 3534 praedicationis
1339 3473 1382 3518 ex
1403 3457 1756 3534 circumadjacentibus
1789 3471 1853 3517 na-

110 3575 112 3578 ·
208 3552 274 3612 lius
300 3552 484 3613 annuentes
506 3567 571 3630 quo
595 3551 769 3627 religionis
795 3551 1006 3614 observantia
1060 3554 1206 3615 tionibus
1216 3555 1852 3632 vitiorumspinasevellentosetvepres,

208 3651 243 3711 et
265 3650 440 3711 honestate
468 3649 545 3710 vitae
569 3647 665 3710 nobis
693 3651 726 3710 te
753 3649 865 3710 reddis
888 3649 1006 3711 merito
1043 3655 1095 3714 ·et
1122 3653 1337 3715 extendentes
1362 3655 1410 3714 iu
1428 3654 1573 3714 easdem-v
1591 3653 1743 3730 palmites
1778 3652 1854 3712 lidei

208 3747 383 3818 cariorem,
396 3745 438 3806 ad
451 3745 551 3806 decus
563 3745 755 3807 etdecorem
765 3747 887 3808 nobilis
897 3745 1005 3822 Aqui·
1062 3749 1352 3825 compluentesque
1374 3749 1448 3810 illas
1463 3750 1572 3826 aqrris,
1589 3765 1662 3827 quae
1679 3749 1856 3810 transeunt

209 3844 351 3906 cineten.
363 3842 514 3904 ecclesiae
525 3844 578 3904 cui
589 3859 707 3920 praees,
719 3843 825 3904 mitrae
836 3859 877 3904 ac
891 3843 1007 3904 annuli
1061 3845 1304 3908 intermedium
1318 3847 1489 3917 montium,
1500 3847 1717 3922 ipsastlorere
1731 3846 1856 3908 iaciant

209 3955 306 4001 usum
331 3938 394 4001 tihi
416 3941 450 4000 et
477 3940 725 4000 successorihus
751 3940 818 4002 tuis
837 3940 878 4001 de
893 3943 1007 4002 nostra
1062 3943 1095 4003 et
1117 3943 1276 4005 virtutum
1301 3943 1451 4018 germina
1480 3943 1669 4018 germinare
1698 3965 1706 4002 ε
1737 3959 1775 4003 ac
1806 3942 1855 4003 sio

208 4037 420 4104 concedimus
430 4037 538 4112 gratia
551 4036 764 4108 liberali,neo
774 4052 841 4098 non
852 4037 1008 4099 altariset
1062 4037 1251 4100 effundente
1277 4040 1419 4099 Domine
1438 4039 1592 4114 spiritum
1614 4039 1654 4100 de
1671 4041 1805 4102 excelso
1820 4040 1855 4100 in
1895 4023 1913 4049 “

153 4129 157 4138 ’
209 4134 392 4197 sacerdotis
408 4134 603 4196 ornamenta
615 4133 835 4195 benedicendi
845 4136 878 4196 et
891 4149 1008 4196 mona·
1061 4135 1239 4196 solitudine
1247 4135 1499 4210 judiciumque
1514 4151 1550 4196 se
1565 4152 1639 4196 oum
1661 4139 1728 4196 lieo
1744 4137 1777 4196 et
1790 4151 1852 4196 eo-

209 4232 283 4294 ellis
297 4232 363 4293 tuis
377 4231 509 4291 ordines
523 4230 881 4302 conterendiminores,
896 4246 1007 4292 mona·
1061 4249 1133 4294 ram
1150 4235 1227 4302 Dee,
1251 4246 1292 4292 ne
1311 4231 1352 4292 ab
1367 4247 1406 4293 eo
1420 4232 1597 4309 judicetur,
1615 4233 1778 4294 dividicus
1794 4233 1856 4293 ha-

208 4330 354 4406 chosque
384 4328 417 4389 et
442 4343 620 4388 conversos
649 4327 843 4388 monasterii
863 4328 922 4399 tui,
949 4329 1008 4404 qui
1061 4330 1154 4402 bitet,
1165 4330 1465 4406 fiatquenationum
1476 4331 1641 4392 desertum
1652 4331 1854 4403 inGhermel,

186 4445 191 4476 ι
208 4427 342 4504 propter
355 4441 514 4486 manuum
535 4423 748 4501 injectionem
774 4423 863 4486 inter
877 4440 913 4486 se
930 4439 1008 4485 sen·
1060 4427 1196 4488 inverse
1212 4427 1476 4488 circumcisionis
1489 4428 1660 4490 scientiam
1673 4429 1855 4490 veniendo:

207 4526 344 4588 tentiam
359 4523 712 4585 excommunicationis
729 4521 914 4597 incurrunt,
926 4527 1008 4602 jux-
1062 4526 1094 4585 et
1117 4527 1298 4608 postquam
1313 4525 1489 4618 intraverit
1511 4527 1658 4601 gentium
1674 4527 1854 4602 plenitudo,

207 4627 241 4685 ta
269 4622 407 4683 formam
429 4621 579 4682 ecclesiae
601 4620 795 4682 absolvendi
820 4624 854 4683 et
874 4624 1008 4700 propter
1060 4621 1194 4683 tandem
1232 4621 1515 4683 reconciliationis
1534 4624 1665 4700 justitia
1694 4624 1807 4684 serieat
1822 4624 1857 4684 in
1913 4671 1915 4679 ,

208 4721 271 4782 hoc
292 4719 487 4797 injungendi
503 4718 552 4779 eis
567 4719 795 4795 poenitentiam
817 4721 1009 4796 competen÷
1062 4720 1211 4780 Chermel
1242 4719 1276 4779 in
1302 4720 1486 4780 israelitico
1516 4720 1652 4796 populo,
1682 4721 1739 4798 qui
1768 4737 1857 4782 nunc

206 4818 288 4889 tem,
320 4817 459 4877 liberam
486 4815 547 4878 tibi
573 4816 772 4878 auctoritate
793 4817 1007 4892 praesentium
1061 4818 1237 4894 reputatur
1251 4817 1285 4876 in
1300 4817 1386 4877 saltu
1399 4815 1458 4895 (2).
1469 4819 1591 4877 Verum
1604 4833 1678 4878 cum
1690 4819 1784 4880 multi
1800 4833 1859 4896 per

243 4949 288 5022 (1),
306 4945 523 5006 L'eutbenticitd
545 4946 580 5003 de
595 4955 669 5004 cette
684 4947 759 5004 bulte
784 4953 827 5004 est
840 4947 954 5004 donnde
968 4964 1006 5004 en
1062 4947 1140 5004 dtant
1155 4955 1235 5004 entre
1247 4946 1321 5004 deux
1332 4949 1477 5004 vohteseu
1493 4947 1561 5005 bont
1571 4948 1606 5005 du
1621 4948 1736 5020 demetr,
1746 4951 1783 5008 du
1794 4949 1857 5008 cete

206 5036 256 5076 ces
275 5027 381 5076 termes
397 5017 469 5075 dans
489 5019 515 5073 le
529 5019 686 5074 manuscrit
710 5016 775 5075 d'ob
803 5033 876 5074 nous
899 5019 1007 5076 l’avons
1061 5019 1096 5075 do
1110 5018 1219 5090 teglise
1232 5017 1437 5090 ayantoroisee
1452 5016 1638 5077 bl'orient.-·
1651 5023 1814 5088 Qrinursnr.
1833 5043 1843 5071 ι

206 5092 327 5150 extraiie
343 5091 433 5156 χιιι),
454 5087 618 5160 soussigue,
634 5089 773 5161 religieux
785 5087 821 5146 de
835 5091 861 5146 la
881 5087 1004 5162 congre·
1097 5091 1207 5158 Simon,
1235 5089 1251 5146 'a
1272 5090 1319 5162 qui
1343 5097 1417 5146 cette
1453 5089 1527 5147 bulle
1548 5099 1596 5148 est
1622 5092 1766 5162 adressee,
1789 5093 1858 5150 eicit

206 5163 305 5236 galion
319 5161 354 5218 de
374 5160 567 5227 saint-llam,
587 5161 695 5216 cortilio
718 5160 797 5216 avoir
822 5163 956 5217 transcrit
979 5167 1007 5218 et
1062 5161 1160 5216 Simon
1182 5163 1217 5228 ll,
1236 5159 1307 5216 abbe
1329 5160 1364 5218 de
1385 5161 1555 5219 Salui-llam
1574 5162 1727 5235 d'hnchin,
1746 5163 1859 5222 diocese

205 5229 381 5290 collationne
396 5231 421 5285 la
458 5227 572 5285 resente
587 5231 668 5301 copie
690 5243 738 5284 sur
754 5245 791 5286 uu
812 5232 874 5287 titre
888 5245 923 5287 en
940 5246 1005 5302 par·
1061 5229 1186 5287 d’Arras.

206 5304 321 5360 chemin
337 5245 467 5372 largetfe
480 5307 735 5371 quatorzepouoes
756 5300 829 5358 deux
852 5301 945 5374 lignes
959 5315 1007 5357 sur
1098 5301 1139 5373 (i)
1160 5303 1197 5360 ce
1218 5309 1303 5368 texte,
1323 5300 1339 5358 d
1364 5303 1452 5374 paritr
1472 5301 1507 5358 de
1530 5318 1579 5360 ces
1601 5313 1695 5362 mets:
1761 5319 1795 5360 ae
1817 5306 1858 5362 sie

202 5376 293 5436 rreize
307 5387 413 5446 pouces
426 5371 489 5428 huit
499 5369 593 5444 lignes
607 5369 643 5426 de
656 5369 786 5440 hauteur,
797 5379 857 5430 tout
870 5371 1003 5446 compris,
1061 5373 1228 5444 effarcdeute,
1243 5372 1376 5444 jusqu’au
1396 5373 1447 5430 bas
1466 5373 1501 5430 de
1521 5375 1545 5431 la
1567 5383 1712 5450 pegasei
1730 5375 1857 5432 elidem-

206 5444 310 5516 auquel
328 5443 455 5500 tiennent
475 5442 517 5498 les
532 5439 688 5497 sceauxdu
711 5440 938 5568 popellonorius
954 5445 1006 5500 lll⁰
1063 5450 1141 5500 mont
1168 5440 1300 5515 tronqud.
1329 5446 1408 5501 licus
1434 5445 1543 5502 l’avons
1575 5447 1719 5518 reproduit
1746 5445 1859 5520 d'aprbs

205 5515 243 5574 du
269 5527 346 5581 eom,
363 5513 380 5570 a
400 5511 503 5569 double
518 5525 611 5583 queue
628 5509 663 5566 de
676 5525 737 5568 see
757 5527 848 5585 rouge
862 5521 890 5568 et
902 5527 1007 5570 scaeua
1062 5513 1197 5580 Theiner,
1214 5515 1481 5587 serupuleusemeut
1494 5515 1680 5588 collationue;
1698 5517 1769 5574 mals
1788 5535 1859 5576 nous

206 5585 364 5656 emprclnis
382 5597 431 5641 sur
446 5585 549 5658 pieque
564 5580 653 5639 ronde
672 5581 709 5638 de
729 5582 834 5654 plomb,
851 5583 950 5640 trouve
971 5599 1007 5640 au
1063 5583 1100 5640 lui
1117 5599 1153 5641 en
1168 5585 1292 5642 laissous
1306 5586 1332 5643 le
1349 5587 1575 5660 responsabilite.

207 5656 347 5740 chartrier
363 5655 398 5712 de
413 5653 541 5726 l'ebbaye
559 5653 593 5711 de
611 5653 834 5712 Salui-Sauveur
852 5653 1005 5728 d’nnchin,
