4248 6410
161 371 218 430 68'1
789 373 1017 434 EPISTOLAE.
1041 373 1118 432 LIB.
1142 374 1180 432 V.
1745 371 1805 431 682

161 528 292 590 facinus
307 531 339 590 et
356 527 544 607 plurimum·
559 527 804 592 abhorrendum
824 544 883 609 per
898 529 954 591 di·
1010 545 1076 592 non
1091 531 1246 604 curastis,
1263 529 1350 592 sicut
1371 531 1517 608 ipsorum
1533 527 1627 592 nobis
1642 529 1803 594 instantia

161 641 279 687 versas
297 625 412 687 mundi
435 628 547 704 partos
567 627 755 704 accepimus
776 627 952 703 pullulare,
1010 629 1235 706 lacrymabilis
1261 627 1426 706 patefecit,
1454 627 1490 688 in
1519 627 1739 700 occasionem,
1768 627 1805 690 ut

162 723 248 801 quod
259 717 394 800 'quidam
410 725 561 786 avaritiae
576 740 689 786 amore
707 725 834 796 caecati,
847 724 956 801 potius
1010 726 1109 787 iidem
1125 726 1291 798 asserunt,
1308 725 1549 803 praetendentes
1563 725 1649 802 quod
1662 725 1805 786 ecclesia

163 837 261 900 quam
274 821 344 882 zelo
360 821 533 898 religionis
546 822 812 898 accensi‚nigras
827 837 953 892 cruces,
1010 825 1121 885 vestra
1147 824 1187 885 de
1208 823 1362 886 mandato
1381 824 1494 884 nostro
1509 822 1619 884 fuerat
1638 822 1802 894 ordinata,

164 935 246 998 quas
258 918 379 980 fratres
389 919 571 998 Hospitalis
589 921 719 982 Sanctae
729 919 957 980 MariaeTheu·
1011 923 1043 981 ei
1058 936 1144 981 unus
1167 921 1203 981 in
1225 935 1264 980 ea
1284 919 1319 980 in
1346 919 1543 980 canonicum
1567 918 1618 980 est
1638 919 1802 996 receptus,

162 1016 349 1078 tonicorum
377 1015 671 1092 Hierosolymitani
699 1016 862 1088 deferunt,
893 1014 956 1076 sibi
1012 1003 1807 1093 qrramvis'illereceptusapraedecessoronostro

162 1114 333 1191 imponere
353 1114 386 1175 ot
405 1129 462 1175 eas
478 1116 610 1190 portare
633 1115 768 1175 minime
786 1120 954 1184 verentur,
1012 1114 1139 1175 litteras
1160 1115 1369 1200 executorias
1383 1114 1600 1190 impetrasset,
1618 1114 1651 1176 et
1665 1116 1739 1191 post
1751 1129 1808 1175 or-

163 1213 201 1274 ut
220 1211 270 1273 sic
294 1211 422 1288 possint
440 1211 502 1272 suh
522 1211 583 1274 tali
605 1211 791 1273 velamento
812 1196 957 1272 eleo'mo-
1012 1210 1213 1272 dinationem
1236 1210 1425 1288 hujusmodi
1448 1210 1517 1271 tres
1537 1197 1690 1272 canonici
1715 1210 1803 1272 viam

163 1324 264 1386 synas
276 1306 478 1386 pauperihus
489 1309 662 1385 deputatas
679 1307 836 1386 colligere
849 1308 882 1370 ot
894 1306 957 1368 sibi
1012 1306 1079 1368 sint
1106 1307 1271 1368 universae
1304 1306 1415 1367 carnis
1447 1306 1608 1380 ingressi,
1636 1322 1698 1367 nec
1731 1307 1804 1368 loco

163 1407 352 1467 animarum
380 1405 562 1482 perniciem
588 1421 763 1482 generare.
796 1407 956 1478 Quocirca
1012 1418 1127 1465 eorum
1141 1404 1185 1466 sit
1203 1403 1323 1480 aliquis
1341 1403 1549 1464 substitutus.
1567 1403 1805 1479 Nolentesigi-

164 1502 376 1564 universitati
397 1504 519 1564 rostrae
539 1518 601 1580 per
620 1502 811 1580 apostolica
835 1503 958 1579 scripta
1012 1503 1066 1562 tur
1075 1501 1161 1577 quod
1172 1500 1212 1564 de
1223 1500 1547 1577 ipsisinchoavimus
1560 1502 1694 1577 propter
1702 1502 1804 1562 Deum

164 1599 372 1672 mandamus,
393 1599 557 1676 quatenus
580 1615 649 1672 eos,
675 1601 732 1677 qui
751 1615 882 1660 crucem
902 1599 958 1659 ni·
1012 1598 1202 1675 relinquere
1222 1598 1438 1674 inexpletum,
1456 1598 1666 1660 universitati
1686 1599 1806 1661 vestrm

163 1711 258 1773 gram
287 1696 482 1772 portandam
514 1697 687 1757 assumunt
718 1697 777 1758 aut
808 1697 955 1772 signum,
1013 1711 1073 1772 per
1084 1695 1273 1772 Apostolica
1294 1696 1417 1772 scripta
1432 1695 1656 1772 praecipiendo
1669 1696 1809 1758 manda·

165 1793 251 1870 quod
275 1792 439 1856 dictorum
463 1792 603 1854 fratrum
627 1793 779 1855 homines
805 1792 959 1854 deferunt
1013 1809 1102 1864 mus,
1125 1793 1288 1870 quatenus
1307 1792 1381 1854 leco
1405 1791 1635 1854 defunctorum
1659 1794 1807 1870 ipsorum

165 1893 198 1952 el
219 1889 333 1958 oblati,
354 1905 428 1951 cum
453 1905 519 1950 non
545 1890 612 1952 sint
632 1889 672 1951 de
695 1889 899 1968 professione
919 1906 958 1950 ac
1013 1889 1168 1967 praefatos
1178 1891 1218 1952 Η.
1231 1890 1264 1952 et
1278 1891 1331 1950 W.
1343 1889 1513 1966 recipiatis
1529 1889 1563 1950 in
1579 1890 1760 1954 canonicos
1775 1893 1808 1953 ei

165 1987 306 2062 collegio
329 1987 477 2063 ipsorum
501 1986 652 2059 fratrum,
675 1987 766 2048 omni
788 2001 863 2047 cum
889 1987 959 2046 dis·
1013 1987 1049 2051 in
1067 1987 1198 2059 fratres,
1216 2003 1316 2064 quum
1339 2002 1406 2047 non
1427 1986 1637 2048 intendamus
1654 1987 1806 2065 proeliis

163 2083 322 2146 frictione
348 2083 547 2160 compellere
570 2083 741 2156 studeatis,
765 2085 801 2146 ut
823 2099 843 2144 a
866 2083 957 2144 tanta
1013 2083 1054 2144 de
1076 2085 1197 2145 caetero
1219 2099 1279 2145 vos
1303 2099 1457 2159 gravare.
1479 2083 1637 2160 Alioquin
1656 2085 1806 2148 nolentes

165 2180 305 2243 stultitia
327 2182 361 2244 ei
381 2196 494 2242 errore
516 2181 678 2242 desistant
697 2181 731 2242 et
749 2195 880 2242 crucem
902 2181 959 2242 aut
1014 2183 1050 2242 ut
1063 2181 1105 2242 ad
1121 2197 1181 2243 nos
1197 2180 1333 2241 verbnm
1354 2182 1504 2241 nostrum
1524 2197 1666 2242 vacuum
1688 2198 1806 2244 rever·

166 2277 291 2340 dictum
315 2277 446 2355 signum
466 2278 558 2339 nulla
581 2278 711 2341 ratione
736 2276 876 2340 ulterius
901 2277 960 2339 de·
1011 2279 1113 2351 tatur,
1131 2278 1260 2340 dilectis
1282 2278 1411 2349 filiis...,
1433 2277 1671 2342 archidiacono
1691 2279 1732 2343 de
1754 2281 1808 2342 Si-

165 2373 254 2437 ferre
269 2377 482 2452 praesumant.
501 2375 536 2436 Si
551 2373 625 2452 quis
638 2381 718 2438 vero'
731 2391 750 2436 a
765 2375 858 2435 vobis
874 2391 960 2435 com·
1013 2375 1158 2452 galonia,
1186 2375 1366 2437 Bituricen.
1397 2375 1561 2447 dioecesis,
1587 2378 1621 2440 ot
1648 2378 1807 2453 magistro
1848 2389 1851 2402 ·

164 2473 310 2534 monitus
325 2487 344 2533 a
360 2487 420 2532 sua
444 2471 589 2534 noluerit
607 2471 795 2534 temeritate
814 2487 956 2544 cessare,
1014 2477 1105 2535 Bono
1119 2473 1245 2545 Amico,
1258 2473 1291 2534 et
1301 2473 1469 2548 Stephano
1482 2473 1523 2534 de
1535 2473 1627 2536 Fieri
1636 2475 1807 2536 canonicis

164 2569 200 2630 in
217 2585 291 2630 eum
307 2569 542 2630 ecclesiasticae
564 2568 864 2632 animadversionis
884 2569 958 2644 gla-
1014 2570 1207 2638 Bituricen.,
1217 2570 1340 2632 nostris
1354 2567 1470 2629 damus
1485 2569 1605 2632 litteris
1619 2570 1655 2631 in
1670 2572 1810 2634 manda·-

166 2665 256 2726 dium
277 2666 473 2727 auctoritate
492 2666 616 2738 nostra,
633 2665 723 2727 omni
739 2665 913 2726 occasione
928 2667 960 2728 et
1013 2668 1068 2738 tis,
1083 2667 1120 2728 ut
1133 2682 1195 2731 vos
1212 2665 1253 2727 ad
1275 2667 1308 2727 id
1330 2681 1389 2744 per
1410 2681 1586 2728 censuram
1603 2668 1809 2731 ecclesiasti·
1880 2733 1883 2738 ,

165 2763 388 2840 appellatione
415 2762 618 2840 postpositis,
647 2762 805 2825 exeratis.
841 2764 959 2823 Datum
1015 2780 1099 2836 cam,
1122 2764 1344 2841 appellatione
1358 2765 1498 2836 remota,
1514 2765 1724 2842 compellant.
1742 2767 1810 2828 Da·

165 2859 331 2924 Laterani·
344 2861 405 2920 Xll
421 2859 552 2920 kalend.
570 2857 729 2920 februarii
749 2858 959 2940 pontificatus
1013 2863 1083 2924 tum
1104 2861 1272 2934 Laterani,
1295 2863 1325 2922 X
1344 2861 1505 2924 kalendas
1524 2861 1695 2936 februarii,
1720 2879 1807 2928 anuo

166 2956 273 3018 nostri
285 2971 372 3017 anno
387 2955 514 3034 quinto.
1015 2959 1140 3037 quinte.

476 3143 648 3232 CCXXII
1056 3100 1220 3177 Scriptum
1236 3099 1624 3178 estsuperhooeisdom.

186 3287 237 3348 ild
249 3287 474 3362 prepositum
491 3285 525 3347 ct
541 3285 725 3359 capitatam
745 3287 780 3346 S.
796 3287 941 3347 lutitant
1314 3313 1506 3402 CCXXIII

452 3385 665 3446 Lemovices.

459 3505 566 3578 2313,
585 3504 663 3562 ml.
1015 3461 1067 3520 Ad
1077 3461 1235 3534 priorem
1249 3456 1282 3522 ct
1297 3457 1430 3532 rfatres
1443 3459 1478 3518 S.
1495 3459 1616 3534 Arinen·
1634 3461 1674 3520 ae
1689 3459 1806 3521 Monte

203 3611 322 3675 [flesset.
333 3609 377 3662 lib.
391 3609 423 3668 V,
434 3609 507 3674 epist.
518 3609 573 3660 358.
585 3610 642 3660 llas.
654 3609 689 3660 La
698 3609 774 3660 Porta
785 3609 820 3662 dn
830 3609 923 3674 lircil]
1335 3557 1487 3618 Foliam·

167 3717 300 3790 Pracipit
310 3716 352 3774 eis
366 3724 396 3774 ut
409 3717 443 3774 il.
461 3714 561 3785 David,
577 3723 606 3773 et
616 3715 663 3775 W.
677 3717 748 3775 Goet
757 3716 960 3790 compatriotas
1306 3677 1416 3750 ²31⁰&
1433 3677 1512 3737 ¹²²1·

201 3807 340 3880 ipsorum,
352 3804 431 3878 juxta
452 3804 618 3862 mandatum
638 3805 832 3878 apostolicum
850 3803 886 3862 de
906 3803 960 3861 hoc
1139 3791 1290 3858 [uanaque.
1305 3791 1549 3852 nnn.uisverc.,1v,
1564 3806 1589 3856 r·
1601 3791 1671 3858 Μ]

197 3895 258 3967 18η]
272 3894 340 3952 ⁰liss¹
359 3893 467 3964 datum,
479 3893 510 3954 in
530 3893 686 3952 0³110ss100³
711 3901 739 3950 st
760 3891 862 3952 smiles
885 3893 958 3950 reci·
1014 3899 1150 3957 Concedit
1165 3899 1339 3956 monasterio
1359 3899 1454 3957 Sancti
1469 3899 1573 3972 lngell
1588 3898 1624 3956 de
1641 3899 1737 3957 Monte
1752 3901 1805 3958 Fo·

201 3984 289 4058 piant.
1050 3987 1126 4046 liano
1144 3988 1288 4045 licentiam
1304 3986 1477 4059 suscipiendi
1492 3988 1623 4060 regulam
1643 3989 1740 4046 Sancti
1753 3989 1806 4046 Be·

205 4099 383 4171 Honorius,
405 4100 481 4170 etc„
499 4097 628 4160 dilectis
648 4097 763 4160 ΜΒΝ
783 4099 959 4176 praepossto
1049 4074 1165 4144 nedicli,
1181 4076 1254 4133 sicui
1269 4074 1412 4132 inordina
1429 4076 1608 4135 cisterciensi
1630 4075 1807 4136 observatur.

165 4197 199 4257 et
213 4195 358 4272 capitulo
380 4196 492 4258 Sancti
507 4196 644 4258 Juniani
661 4197 884 4268 lemovicem,
902 4211 959 4256 sa·
1054 4193 1242 4254 (laudemus
1264 4193 1299 4253 in
1326 4193 1476 4264 Domino,
1500 4193 1587 4270 quod
1613 4195 1807 4258 aemulautes

166 4293 279 4364 lutem,
296 4293 358 4354 etc.
1014 4290 1216 4352 charismata
1236 4290 1386 4362 meliora,
1410 4292 1443 4352 et
1462 4290 1571 4352 adhuc
1592 4291 1810 4354 excellentio-

206 4391 330 4452 Saltem
351 4389 416 4458 his,
439 4388 496 4466 qui
518 4388 558 4451 de
585 4390 677 4451 terra
700 4391 810 4452 vestra
835 4390 960 4454 ducunt
1014 4404 1084 4449 rem
1094 4387 1183 4449 viam
1193 4387 1330 4464 aggredi
1341 4387 1523 4464 cupientes,
1534 4388 1809 4452 nobishumilitor

165 4486 328 4562 originem
350 4500 416 4545 non
437 4484 544 4545 solum
563 4483 712 4546 caritatis
733 4483 879 4554 obtentu,
901 4501 961 4547 ve-
1014 4485 1237 4562 supplicastis,
1252 4487 1288 4548 ut
1299 4485 1504 4562 suscipiendi
1522 4485 1673 4562 regulam
1694 4489 1808 4550 Sancti

166 4601 238 4645 rum
254 4583 354 4645 otiam
372 4581 536 4644 naturalis
551 4582 675 4642 amoris
690 4580 823 4654 intuitu,
838 4582 886 4644 ita
900 4598 959 4644 vos
1014 4582 1195 4655 Benedicti,
1213 4582 1299 4644 sicut
1316 4583 1353 4644 in
1375 4583 1589 4645 Cisterciensi
1609 4584 1725 4646 ordine
1744 4584 1807 4646 ob-

165 4681 325 4743 exhibere
338 4679 496 4742 decuerat
507 4678 675 4751 liberales,
689 4679 726 4741 ut
739 4679 830 4755 ipsos
846 4695 905 4755 pro
920 4695 959 4741 eo
1014 4681 1177 4752 servatur,
1193 4680 1287 4742 vobis
1305 4680 1475 4742 licentiam
1489 4681 1672 4744 concedere
1690 4681 1810 4758 digna-

166 4778 251 4855 quod
267 4779 307 4838 de
327 4777 443 4838 nostra
460 4778 507 4838 eis
530 4776 668 4853 potestis
686 4775 794 4852 gralia
809 4776 958 4854 elargiri,
1014 4793 1137 4839 remur.
1154 4779 1224 4840 Nos
1240 4777 1343 4853 igitur
1354 4778 1475 4840 vestris
1488 4778 1590 4854 justis
1605 4768 1807 4856 postulatio-

166 4890 231 4936 non
245 4873 441 4951 pateremini
452 4873 492 4934 ad
505 4873 622 4934 sedern
636 4874 859 4950 apostolicam
873 4873 962 4935 labo·
1013 4873 1111 4936 nibus
1140 4876 1235 4950 grato
1266 4875 1503 4936 concurrentes
1536 4890 1688 4948 assensu,
1715 4876 1809 4949 vobis

166 4987 253 5034 rare.
271 4970 365 5032 Unde
379 4987 444 5032 nou
461 4971 534 5032 sine
554 4986 656 5032 causa
675 4971 847 5044 miramur,
874 4971 960 5048 quod
1015 4971 1226 5034 concedimus
1252 4973 1430 5049 postulata,
1446 4973 1479 5034 et
1499 4971 1572 5046 tibi,
1592 4973 1643 5034 fili
1656 4975 1757 5050 prior,
1775 4977 1811 5038 ut

166 5085 240 5132 cum
265 5084 324 5145 pro
351 5068 549 5145 pauperibus
581 5068 712 5130 clericis
734 5069 960 5146 compatriotis
1015 5068 1150 5130 novitiis
1170 5069 1245 5146 post
1264 5067 1452 5144 regularem
1473 5069 1712 5146 probationem,
1729 5086 1811 5134 con-

166 5166 302 5238 vestris‚
329 5167 368 5225 Η.
394 5166 499 5227 David
525 5167 632 5242 primo
663 5181 703 5227 ac
736 5166 958 5243 postmodum,
1015 5166 1109 5227 sueta
1122 5165 1354 5228 benedictione
1369 5167 1553 5243 praemissa,
1575 5168 1738 5230 cucullam
1752 5170 1811 5232 tri·

165 5268 218 5326 W.
232 5263 430 5326 Goetsemel
446 5263 614 5324 etiterum
629 5261 723 5323 vobis
739 5263 961 5325 direxerimus
1015 5262 1108 5334 buas,
1139 5263 1336 5326 auctoritate
1371 5265 1585 5340 praesentium
1622 5265 1810 5328 litterarum

166 5362 289 5440 scripta
305 5363 430 5432 nostra,
447 5361 483 5421 ut
495 5375 552 5420 eos
566 5359 602 5420 iu
619 5359 759 5421 ecclesia
777 5363 887 5423 vestra
904 5378 961 5422 re·
1016 5361 1235 5437 indulgemus.
1261 5361 1354 5422 Nulli
1378 5378 1469 5438 orgo,
1493 5366 1555 5424 etc.
1578 5363 1695 5425 Datum
1712 5366 1811 5426 Late·

167 5460 321 5538 ciperetis
337 5459 372 5520 in
385 5457 563 5519 canonicos
574 5458 607 5518 et
621 5457 656 5518 in
672 5457 803 5529 fratres,
818 5457 961 5520 diversis
1015 5459 1101 5530 rani,
1115 5461 1145 5522 X
1157 5458 1289 5521 kalend.
1298 5458 1469 5535 februarii,
1482 5459 1693 5536 pontificatus
1704 5463 1809 5526 nostri

168 5557 216 5617 sis
236 5556 453 5620 monitoribus
471 5555 794 5633 deputatisstvoseos
813 5555 962 5635 recipere
1016 5571 1104 5622 anno
1119 5557 1244 5634 quinto.
