4280 6404
229 314 235 346 i

167 340 228 402 213

169 515 311 562 moerore
324 498 466 572 deficiat,
482 500 591 562 sinon
610 495 763 562 babuerit
772 497 960 577 adjutorem
980 489 984 575 ξ

169 597 211 658 ad
236 595 516 673 comprimendam
544 597 702 674 apostatae
720 597 870 674 99911911
884 613 961 657 ma·
980 593 983 668 s

170 695 288 763 litium,
304 693 460 756 insistere
474 685 697 769 dignaremur.
715 693 876 766 Quocirca
890 691 962 755 dis·-
981 704 983 764 !

165 792 310 854 'crationi
325 792 445 854 vestrae
464 804 524 869 per
532 791 722 869 apostolica
735 791 857 870 scripta
868 806 963 852 man·
980 803 984 821 ²

170 891 298 961 damus,
307 889 469 966 quatenus
480 889 601 951 dictam
610 888 962 951 excommunicationis
981 893 983 901 “

170 979 369 1051 sententiam
387 984 610 1063 persingulas
629 985 754 1048 circum
774 986 973 1060 adiacentes¹

169 1083 361 1164 provincias
380 1085 413 1145 et
426 1083 600 1155 dioeceses,
614 1082 754 1159 singuiis
770 1083 884 1145 diebus
899 1081 963 1143 do·

170 1181 302 1244 9191919
317 1182 350 1244 91
363 1180 502 1254 festivis,
519 1177 657 1269 pulsatis
668 1181 838 1256 campanis
851 1180 964 1241 etcan·

170 1276 254 1341 detis
275 1275 436 1350 accensis,
462 1263 592 1338 'tamdiu
615 1273 747 1339 factatis
768 1277 964 1339 auctoritate

171 1379 286 1438 nostra
299 1375 496 1438 solemniter
509 1373 682 1452 publicari,
702 1373 777 1436 loca
793 1375 827 1435 in
844 1371 964 1452 quibus

170 1474 243 1551 ipse
251 1472 286 1534 B.
301 1488 428 1534 moram
443 1467 560 1534 fecerit
573 1471 606 1532 et
620 1463 741 1532 dictam
763 1473 805 1532 M.
820 1469 964 1532 'detineri

171 1569 357 1646 contigerit,
375 1570 597 1646 supponentes
613 1566 837 1630 ecclesiastico
855 1567 964 1629 inter-

171 1661 962 1742 dicto,donecidemvirin'iquus,aberraresuo,

172 1765 202 1826 si
229 1777 248 1826 a
273 1758 339 1825 Deo
367 1753 478 1824 datum
501 1762 612 1832 fuerit,
636 1763 849 1839 resipiscens,
868 1763 965 1838 Juxta

173 1861 401 1940 praescriptam
416 1861 567 1932 formam,
581 1859 707 1921 ‘dictam
723 1861 766 1920 M.
784 1859 847 1936 ipsi
863 1859 964 1920 resti-

172 1958 439 2030 tuatcotnitissae,
454 1957 662 2018 satisfaciens
676 1971 821 2033 congrue
830 1955 870 2017 de
881 1973 967 2017 com·

174 2057 285 2119 missis
305 2058 342 2118 ¹et
361 2053 402 2116 ad
423 2053 708 2115 conversationem
735 2043 908 2114 honestam
934 2055 966 2113 et

173 2152 418 2216 observantiam
440 2149 605 2212 clericalis
625 2150 752 2212 ordinis
768 2151 964 2212 revertatur.

173 2253 285 2313 Dictos
312 2251 422 2311 autem
458 2247 586 2308 nobiles
615 2249 647 2310 et
682 2247 766 2308 alios
802 2246 967 2324 quoslibet

173 2349 319 2409 fautores
345 2347 504 2424 apostatae
540 2343 737 2421 supradicti,
772 2357 902 2405 necnon
935 2345 967 2406 ot

173 2445 294 2506 dictam
318 2445 419 2508 etiam
440 2445 672 2517 Margaretam,
688 2443 717 2502 si
731 2441 822 2504 tanto
840 2439 966 2516 flagitio

174 2543 311 2604 inventa
332 2541 433 2602 fuerit
451 2537 649 2612 consentire,
666 2554 729 2600 nec
752 2537 876 2600 monita
897 2540 969 2600 stu-

174 2639 294 2708 duerit,
324 2653 400 2699 cum
422 2635 576 2714 potuerit,
599 2653 619 2697 a
643 2651 703 2720 suo
722 2636 878 2697 recedere
893 2649 968 2695 cor-

176 2738 322 2814 ruptore,
338 2733 758 2813 pe'rexcommun‘icationis
773 2731 967 2793 nominatim

175 2834 210 2895 in
225 2846 395 2911 personas,
417 2833 449 2894 et
462 2831 498 2892 in
520 2830 663 2892 familias
686 2823 968 2892 et'terras’eorum

174 2930 343 2993 interdicti
358 2929 540 2991 sententias
553 2943 572 2988 a
585 2927 698 2989 favore
712 2927 826 3004 ipsius,
839 2925 969 2987 sublato

176 3026 409 3106 appellationis
425 3025 606 3095 obstaculo,
624 3024 851 3102 compescatis,
873 3023 906 3085 et
918 3022 970 3084 fa-

176 3125 272 3188 ciatis
286 3126 460 3200 utramque
475 3122 671 3185 sententiam
687 3137 790 3198 usque
808 3120 850 3182 ad
866 3119 968 3182 satis-

176 3221 352 3284 factionem
377 3220 572 3296 condignam
592 3217 831 3282 inviolabiliter
855 3217 972 3280 obser-

176 3320 264 3393 vari;
280 3307 435 3396 praefatos
446 3317 633 3378 sacerdotes
642 3316 675 3377 et
685 3315 823 3377 clericos
830 3315 862 3378 et
872 3314 969 3388 91199,

176 3415 277 3492 siqui
299 3413 411 3477 forsan
428 3413 552 3474 similia
569 3413 759 3490 perpetrare
780 3427 969 3489 praesump-

177 3512 292 3584 serint,
314 3528 411 3589 poena
433 3503 606 3582 canonica,
636 3509 765 3571 sublato
791 3505 972 3586 c'ujmlibet

175 3609 448 3671 contradictionis
472 3609 505 3669 et
525 3601 761 3684 appellationis
786 3605 968 3678 obstaculo,

177 3703 404 3784 percellentes,
418 3705 606 3766 mandatum
622 3705 770 3765 nostrum
783 3699 896 3765 taliter
908 3703 972 3763 im-

178 3804 310 3882 pleturi,
336 3800 421 3879 quod
451 3819 516 3863 999
541 3802 676 3879 99991119
702 3802 742 3862 de
769 3799 971 3877 negligentia

175 3899 392 3978 reprehendi,
428 3891 461 3961 e't
494 3915 554 3960 nos
587 3897 819 3960 sollicitudinis
850 3899 970 3959 vestrae

177 3995 321 4058 studium
330 3995 439 4072 dignis
453 3996 617 4072 possimus
627 3995 662 4054 'm
671 3991 971 4055 Domibolaudibus

177 4091 518 4164 commendare.Quod
530 4093 633 4152 sinon
643 4105 768 4164 omnes,
780 4093 842 4151 etc.
854 4093 971 4152 Datum

176 4191 300 4262 Romae,
325 4188 411 4265 apud
434 4189 596 4250 'Sanctum
624 4181 776 4257 Petrum,
804 4184 881 4250 Vlil
898 4181 968 4247 'kal

178 4285 269 4358 maii,
283 4285 494 4364 pontificatus
504 4283 609 4346 nostri
620 4285 708 4346 anno
720 4283 829 4346 tertio.

355 4591 589 4676 ,4911999199
608 4610 806 4686 capitulum.

453 4734 488 4792 9
503 4733 600 4806 aprus
613 4732 695 4790 199.

210 4847 328 4913 thegen,
339 4847 383 4898 lib.
393 4847 437 4906 111,
447 4847 523 4912 99191.
535 4843 705 4898 11999999
718 4837 791 4898 rdrts
801 4846 834 4897 du
846 4843 939 4910 Tim]

177 4954 402 5012 fraudationem
415 4951 542 5025 episcopi
558 4949 750 5025 lingonensis
762 4948 798 5008 ad
813 4949 970 5024 archiepis·

264 5049 398 5116 99991919
416 5039 588 5100 Remcns'em
603 5039 742 5114 approbat
754 5037 891 5114 pontifex.

213 5154 395 5242 Honorius,
421 5167 498 5240 etc,
521 5159 650 5228 dilectis
665 5163 744 5227 filiis
759 5167 896 5228 Reman.
915 5157 974 5227 ca-

176 5265 319 5346 pitulo...

216 5363 359 5426 Litteras
382 5364 512 5424 vestras
537 5355 725 5438 'recepimus
752 5359 971 5430 continentes,

158 5460 280 5564 99911,
296 5445 438 5522 ecclesia
461 5459 573 5520 vestra
595 5457 726 5534 pastore
738 5458 891 5528 vacante,
913 5470 973 5518 vos

178 5557 413 5620 convenientes
428 5555 463 5617 in
476 5553 578 5616 utrum
587 5545 797 5616 deelectione
809 5553 973 5630 pontificis

177 5653 366 5726 tractaturi,
389 5651 465 5716 vota
481 5653 633 5716 ¹o'mn‘ium
648 5652 684 5715 in
700 5650 811 5713 decem
827 5653 973 5739 vestrum

784 340 1012 402 EPISTOLAE.
1036 341 1113 402 LIB.
1138 341 1193 402 111.
1276 400 1280 414 ,

1753 310 1812 403 ait

1016 516 1155 578 quorum
1181 501 1274 562 vobis
1298 499 1380 561 tides
1405 499 1504 578 atque
1532 498 1704 577 prudentia
1733 503 1811 563 nota

1016 599 1099 670 erat,
1121 597 1323 660 unanimiter
1337 597 1542 670 contulistis,
1558 597 1690 674 recepto
1703 596 1745 659 ab
1762 597 1813 658 eis

1016 696 1235 774 corporaliter
1252 697 1452 773 juramento,
1475 695 1560 772 quod
1580 694 1645 772 ipsi
1663 693 1813 757 ecclesia

1019 809 1077 870 per
1088 793 1283 855 electionem
1298 809 1358 854 seu
1374 792 1629 870 postulationem
1643 792 1731 853 bona
1747 791 1813 852 fide

1017 890 1058 952 de
1074 905 1217 967 persona
1236 891 1356 952 idonea
1372 888 1545 968 providere
1566 891 1733 952 curarent.
1750 889 1814 960 Qui

1019 987 1220 1050 unanimiter
1233 988 1269 1050 in
1278 988 1501 1050 venerabilem
1510 985 1648 1050 fratrem
1662 988 1813 1049 nostrum

1019 1086 1200 1161 Lingonen.
1226 1087 1428 1162 episcopum,
1444 1085 1552 1146 virum
1570 1085 1649 1156 vita,
1670 1083 1812 1144 scientia

1018 1169 1051 1244 e't
1074 1183 1162 1244 fama
1187 1183 1399 1260 conspicuum
1429 1181 1678 1253 concordantes,
1705 1181 1814 1257 ipsum

1020 1277 1253 1358 postulandum
1272 1296 1292 1341 a
1307 1277 1402 1342 nobis
1417 1279 1452 1340 in
1462 1279 1607 1356 ca'pitulo
1623 1273 1815 1340 solemniter

1020 1379 1244 1452 nominarunt,
1260 1377 1345 1456 quod
1360 1379 1419 1438 'vos
1439 1377 1513 1454 pari
1526 1378 1604 1438 voto
1620 1379 1653 1437 et
1664 1373 1814 1437 unanimi

1020 1476 1184 1538 desiderio
1199 1477 1408 1552 acceptantes
1426 1473 1522 1536 nobis
1537 1472 1708 1536 humiliter
1730 1489 1814 1548 sup-

1020 1573 1178 1650 plicastis,
1205 1574 1242 1636 ut
1262 1571 1411 1634 eumdem
1445 1573 1636 1649 episcopum
1661 1569 1756 1632 vobis
1780 1569 1816 1630 in

1020 1674 1186 1748 pastorem
1196 1669 1378 1733 concedere
1388 1669 1613 1745 dignaremur.
1627 1668 1696 1729 Nos
1713 1663 1817 1742 igitur

1022 1785 1212 1846 processum
1231 1771 1377 1830 vestrum
1400 1782 1459 1844 per
1484 1765 1622 1827 dilectos
1647 1764 1735 1825 illios
1759 1763 1813 1823 W.

1021 1869 1189 1928 cantorem
1198 1867 1231 1928 et
1243 1866 1429 1928 Jobannem
1440 1861 1751 1948 canonicumipsius
1764 1875 1817 1921 eo·

1021 1963 1143 2035 clasiae,
1162 1976 1245 2040 quos
1266 1962 1399 2040 propter
1413 1961 1476 2022 boc
1496 1960 1537 2022 ad
1556 1961 1704 2021 nostram
1729 1973 1818 2033 prae-

1021 2061 1163 2122 sentiam
1173 2059 1375 2130 destinastis,
1385 2055 1570 2119 e'raminari
1584 2057 1624 2118 de
1637 2055 1729 2116 more
1742 2062 1816 2138 cum

1022 2157 1194 2234 diligentia
1225 2155 1399 2227 facientes,
1426 2153 1682 2231 postulationem
1709 2151 1816 2227 ipsam

1022 2255 1210 2317 invenimus
1226 2253 1421 2316 canonicam
1437 2251 1469 2312 et
1489 2249 1698 2312 concordem.
1722 2247 1815 2310 Unde

1022 2369 1096 2414 cum
1109 2353 1272 2430 praeclara
1291 2351 1358 2412 sint
1372 2349 1490 2411 merita
1502 2347 1671 2425 postulati,
1688 2361 1749 2406 nos
1762 2361 1819 2406 ec-

1022 2451 1133 2512 919919
1143 2446 1274 2521 vestrae,
1284 2462 1381 2524 quam
1397 2445 1534 2524 speciali
1547 2443 1687 2532 caritate
1700 2441 1816 2518 diligi-

1023 2565 1106 2620 mus,
1120 2533 1260 2625 paterna'
1274 2544 1462 2620 satagentes
1474 2533 1697 2604 sollicitudine
1712 2537 1819 2616 provi·

1023 2645 1112 2717 dere,
1135 2642 1389 2722 postulationem
1401 2641 1507 2718 ipsam
1520 2637 1676 2700 duximus
1696 2635 1819 2698 admit-

1024 2741 1165 2812 tendam,
1190 2741 1342 2802 eumdem
1363 2739 1553 2816 episcopum
1570 2749 1682 2797 acura
1699 2734 1819 2808 Lingo-

1024 2826 1814 2909 9999991999919919199919199199991119919

1024 2936 1252 2999 concedentes.
1280 2935 1442 3007 Quocirca
1468 2929 1676 2993 universitati
1696 2931 1817 2992 vestras

1026 3051 1083 3112 per
1096 3032 1286 3110 apostolica
1297 3032 1420 3108 scripta
1432 3029 1639 3101 mandamus,
1652 3028 1818 3104 quatenus

1024 3133 1057 3195 ei
1071 3135 1228 3210 tanquam
1244 3130 1330 3208 patri
1347 3132 1380 3192 et
1396 3128 1521 3208 pastori
1537 3127 1647 3189 vestro
1661 3133 1820 3186 reveren-

1025 3231 1104 3292 tiam
1121 3231 1158 3304 et
1180 3226 1400 3290 obedientiam
1417 3227 1580 3297 devotam,
1603 3223 1636 3285 et
1659 3221 1820 3283 humilem

1025 3326 1231 3398 exiiibentes,
1248 3323 1437 3387 salubribus
1449 3322 1594 3392 19991119,
1606 3321 1639 3382 91
1654 3317 1818 3406 mandatis

1025 3425 1130 3504 ipsius
1151 3417 1331 3486 intendatis
1352 3420 1533 3493 humiliter,
1551 3421 1584 3480 et
1601 3417 1728 3479 devote.
1754 3415 1823 3476 Da-

1025 3524 1094 3586 tum
1118 3525 1231 3584 Romae
1251 3520 1337 3598 apud
1358 3505 1520 3580 'Sanctum
1548 3517 1681 3604 Petrum
1703 3514 1821 3574 octavo

1026 3615 1186 3681 kalendas
1221 3615 1312 3692 maii,
1339 3613 1551 3696 pontificatus
1585 3611 1692 3676 nostri
1731 3625 1820 3672 anno

1025 3714 1137 3778 tertio.

1364 3821 1487 3910 CCIII

1164 3953 1217 4013 Ad
1241 3929 1429 4025 9991191199
1452 3953 1679 4025 1199999999.

1301 4063 1336 4122 tl
1351 4062 1449 4137 aprilis
1465 4060 1544 4121 itit.

1056 4167 1176 4234 [Regest.‚
1188 4167 1234 4218 lib.
1246 4167 1290 4226 111,
1305 4168 1379 4232 epist.
1390 4165 1446 4216 tlt.
1457 4166 1559 4216 119919
1570 4165 1645 4214 Porta
1656 4161 1690 4213 du
1699 4161 1794 4226 finit]

1114 4263 1229 4324 limmat
1244 4273 1274 4324 ut
1287 4265 1396 4341 eligant
1411 4263 1733 4336 999991919919999919.
1837 4292 1840 4302 ‚

1065 4377 1243 4451 Honorius,
1255 4378 1331 4450 etc,
1347 4375 1477 4438 dilectis
1490 4371 1569 4435 111119
1583 4370 1729 4449 99911919
1740 4369 1823 4432 Lin-

1025 4491 1146 4554 gonen.

1067 4576 1172 4645 Quum
1207 4576 1343 4636 Romen.
1380 4570 1563 4648 capitulum
1598 4564 1822 4632 venerabilem

1026 4669 1162 4734 fratrem
1177 4673 1326 4738 nostrum
1347 4669 1400 4732 W.
1415 4669 1608 4747 episcopum
1621 4667 1766 4728 vestrum
1782 4661 1824 4724 ad

1027 4768 1177 4831 ecclesiae
1192 4785 1262 4830 suae
1284 4767 1433 4844 regimen
1453 4763 1655 4827 unanimiter
1675 4761 1826 4851 postula-

1027 4866 1105 4938 rint,
1122 4867 1155 4928 et
1169 4883 1230 4927 nos
1245 4864 1500 4943 postulationem
1515 4863 1624 4938 ipsam
1642 4857 1824 4920 admitten-

1024 4967 1087 5037 tes,
1104 4963 1255 5025 eumdem
1273 4962 1465 5039 episcopum
1483 4959 1581 5021 eisin
1599 4955 1788 5036 pontificem
1804 4971 1824 5016 a

1027 5077 1107 5123 cura
1133 5061 1316 5136 Lingonen.
1340 5057 1493 5120 ecclesia
1522 5049 1720 5127 absolutum,
1748 5052 1824 5114 unl-

1026 5156 1178 5221 1999119ῐί
1190 5155 1309 5219 vestrae
1324 5151 1582 5234 per-lipostolic'a
1597 5151 1721 5229 scripta
1735 5165 1825 5211 man·

1022 5255 1155 5328 damus,
1172 5257 1336 5332 quatenus
1347 5259 1539 5331 personam,
1550 5265 1623 5329 quas
1637 5251 1729 5312 tanto
1744 5258 1825 5308 oon·

1027 5356 1126 5428 cruat
1151 5351 1245 5415 oneri
1271 5354 1304 5414 91
1335 5349 1578 5423 bonori,'vobis
1602 5345 1761 5410 canonice
1789 5341 1824 5402 in

1028 5455 1195 5531 pastorem
1206 5451 1239 5512 et
1253 5449 1446 5528 episcopum
1463 5445 1607 5524 eligatis.
1624 5443 1826 5506 1191919119-

1029 5566 1091 5611 mae
1107 5549 1193 5628 apud
1208 5549 1366 5610 Sanctum
1383 5547 1519 5610 Petrum
1533 5543 1648 5605 octavo
1665 5538 1825 5602 kalendas

1030 5647 1110 5711 maii
1124 5661 1212 5709 anno
1225 5645 1333 5709 tertio.
