4248 6410
162 295 222 358 029
786 288 1013 352 EPISTOLAE.
1037 288 1115 348 LIB.
1139 288 1177 348 V.
1738 281 1800 344 630

160 441 290 514 dilectis
314 449 431 512 filiis...
458 449 568 512 abbati
592 450 633 510 de
661 451 745 511 Curc
774 445 893 527 (zircz)
918 447 953 508 ln
989 427 1133 525 posuit,
1170 447 1361 524 episcopum
1396 443 1621 523 supradictum
1654 442 1800 506 decimas

161 548 276 609 Bokan
291 547 548 625 vesprimiensis
563 547 715 610 dioecesis
734 546 803 608 et...
823 544 953 622 strigo·
1008 545 1209 608 memoratus
1231 545 1428 606 inconcusse
1451 542 1576 606 diutius
1600 539 1799 618 possedisse,

161 644 270 705 niensi
285 645 352 705 et...
371 643 545 705 (iconiensi
561 643 758 720 praepositis,
769 641 909 702 salutem
921 642 954 702 et
1008 656 1162 704 asserens
1177 641 1405 713 nihilominus,
1420 639 1506 718 quod
1521 638 1609 702 dicta
1620 651 1709 716 pars,
1726 651 1800 713 quae

162 741 378 817 apostolicam
392 739 666 802 benedictionem.
1008 738 1096 800 ultra
1114 740 1256 800 bravum
1280 736 1405 809 existit,
1429 738 1577 812 tempore
1600 735 1669 796 dati
1691 732 1799 810 privi-

200 837 285 899 Olim
307 838 394 898 inter
417 837 554 898 dilectos
581 836 705 897 filios...
737 835 889 897 abbatem
921 834 954 896 et
1008 833 1087 910 legii
1100 835 1141 896 de
1151 835 1309 898 comitatu
1318 850 1385 896 non
1395 833 1512 896 fuisset
1524 833 1652 902 eodem,
1666 830 1700 892 et
1714 828 1800 908 quod

163 936 361 995 conventum
377 933 489 995 Sancti
504 931 638 994 Martini
657 933 696 994 de
720 932 892 993 Pannonia
911 946 954 990 ex
1008 931 1176 1006 praedictae
1191 916 1339 1008 capellae,
1351 947 1425 1008 ques
1435 931 1524 992 circu
1537 920 1678 991 brivam
1691 925 1798 996 eraut,

161 1033 255 1108 parte
283 1031 371 1098 unas
395 1032 428 1091 et
452 1029 676 1091 venerabilem
701 1028 835 1090 fratrem
870 1043 953 1088 nos·
1008 1042 1083 1088 cum
1096 1027 1309 1103 parochianis
1324 1028 1393 1088 suls
1408 1026 1520 1088 essent
1539 1026 1574 1086 in
1589 1021 1803 1100 Zagrabienst

162 1127 288 1188 trum...
325 1128 514 1204 episcopum
549 1126 582 1188 et
617 1126 794 1187 canonicos
831 1127 955 1200 zagra-
1008 1122 1143 1184 dioecesi
1167 1124 1366 1196 constitutae,
1391 1139 1465 1199 ques
1495 1121 1606 1183 omnia
1628 1119 1747 1181 obtulit
1766 1132 1803 1180 se

162 1223 293 1285 bienses
304 1239 347 1284 ex
357 1224 581 1300 altera,super
590 1223 727 1285 decimis
737 1221 953 1300 quarumdam
1007 1216 1801 1309 tunctemporisprobaturum.Undesaepedictus

161 1321 406 1397 possessionum
418 1321 451 1382 et
465 1319 607 1381 aliarum
620 1335 731 1381 rerum
745 1319 781 1379 in
797 1315 955 1379 comitatu
1008 1316 1235 1393 praedecessor
1257 1318 1381 1384 noster,
1408 1331 1483 1377 cum
1504 1331 1564 1392 per
1584 1313 1801 1375 assertionem

163 1417 352 1492 Simigiensi
372 1417 585 1478 existentium
606 1415 788 1492 quaestione
806 1414 952 1486 suborta,
1009 1429 1124 1474 eorum
1135 1413 1198 1474 sibi
1213 1414 1253 1476 de
1266 1429 1374 1475 causes
1389 1414 1518 1475 meritis
1530 1410 1660 1489 plenius
1675 1409 1804 1486 liquere

160 1510 954 1590 tandem,postmultascommissionesabeodem
1009 1525 1075 1569 non
1100 1510 1222 1585 posset,
1249 1508 1433 1572 venerabili
1458 1507 1554 1570 fratri
1583 1506 1696 1568 nostro
1721 1506 1805 1565 Wa-

162 1609 401 1688 abbatepsuper
421 1609 474 1669 his
498 1625 517 1670 a
541 1607 637 1670 bonae
658 1607 826 1669 memoriae
849 1610 954 1669 Inno-
1009 1605 1114 1665 ciensi
1140 1607 1296 1682 episcopo
1324 1606 1358 1666 et
1390 1605 1528 1682 collegis
1561 1603 1632 1664 suis
1667 1617 1803 1674 causam

162 1706 270 1766 centio
279 1721 363 1784 papa
375 1705 618 1782 praedecessore
628 1706 741 1766 nostro
752 1705 793 1765 ad
804 1703 953 1765 diversos
1009 1701 1158 1762 eamdem
1170 1703 1334 1764 commisit
1344 1701 1410 1762 tine
1422 1701 1533 1763 debito
1545 1697 1800 1763 terminandam.

158 1803 289 1880 judices
314 1803 510 1878 impetratis,
537 1800 721 1863 venerabili
748 1801 845 1862 fratri
871 1816 954 1860 nos·
1008 1799 1131 1858 Verum
1151 1813 1225 1859 cum
1241 1798 1374 1876 'Judices
1397 1797 1570 1869 nominati,
1584 1797 1654 1858 tum
1669 1795 1805 1874 propter

162 1901 251 1960 tro...
277 1899 454 1960 Gouriensi
485 1899 639 1974 episcopo
663 1898 695 1960 et
725 1896 954 1976 conjudicibus
1009 1893 1115 1970 ipsius
1149 1895 1273 1956 obitum
1306 1895 1521 1966 mandatoris,
1557 1894 1628 1955 tum
1667 1892 1802 1970 propter

162 1995 232 2056 suis
249 1996 290 2057 de
304 1995 476 2072 utriusque
489 1995 594 2071 partis
608 2009 758 2066 assensu,
766 1993 856 2055 dedit
868 1992 955 2054 idem
1009 1990 1093 2051 alias
1111 2006 1230 2051 causas
1245 1991 1455 2068 multiplices,
1467 1991 1503 2051 in
1518 1989 1652 2067 negotio
1667 1987 1803 2049 minime

162 2092 387 2168 praedecessor
418 2093 531 2152 noster
558 2092 628 2151 suls
661 2091 782 2152 litteris
804 2089 838 2149 ln
859 2104 955 2149 man·
1009 2088 1226 2162 procederent
1251 2089 1443 2158 memorato,
1464 2101 1525 2147 nos
1547 2086 1587 2147 ad
1607 2084 1804 2146 instantiam

162 2187 305 2260 datis,ut
317 2187 405 2247 intra
417 2195 574 2258 mensem,
590 2186 647 2247 lite
659 2185 805 2261 legitime
818 2185 953 2245 contes—
1009 2182 1137 2244 abbatis
1156 2183 1322 2260 praefati...
1347 2183 1525 2260 praeposito
1546 2184 1616 2244 et...
1640 2183 1699 2242 S...
1717 2183 1805 2241 ves-

161 2285 241 2355 tata,
259 2299 394 2344 causam
417 2283 522 2359 ipsam
542 2281 746 2342 sufficienter
759 2280 954 2342 instructam
1009 2279 1180 2355 primiensi
1193 2280 1262 2341 et...
1277 2280 1423 2351 Albensi,
1439 2279 1696 2356 vesprimiensis
1720 2277 1806 2338 dioe-
1932 2273 1951 2299 ⁸

161 2381 202 2440 ad
218 2380 400 2441 Concilium
415 2379 622 2449 remitterent
633 2377 800 2455 generale,
813 2391 954 2455 quorum
1009 2377 1094 2436 cesis
1109 2375 1365 2448 archidiaconis,
1378 2378 1499 2438 nostris
1514 2376 1665 2437 dedimus
1677 2375 1798 2436 litteris

161 2491 239 2552 pars
254 2475 484 2553 zegrabiensis
499 2475 663 2537 malitiose
680 2474 850 2535 declinans
867 2488 953 2535 exa·
1009 2473 1044 2532 in
1062 2473 1236 2544 mandatis,
1256 2474 1293 2534 ut
1312 2488 1412 2550 super
1430 2472 1494 2534 hoc
1511 2473 1544 2534 et
1562 2472 1638 2533 aliis
1660 2471 1802 2548 negotiis

165 2589 239 2634 men
251 2574 389 2634 recessit
404 2572 643 2633 contumaciter
657 2571 698 2630 ab
714 2570 850 2641 eisdem,
868 2568 954 2630 sicut
1009 2569 1079 2628 suis
1094 2585 1114 2628 a
1133 2569 1220 2630 dicto
1243 2569 1486 2646 praedecessore
1507 2569 1620 2632 nostro
1634 2567 1802 2645 judicibus

161 2671 197 2730 in
218 2671 380 2731 relatione
399 2669 548 2745 judicum
571 2667 761 2728 eorumdem
780 2665 822 2726 ad
846 2667 955 2742 ipsum
1010 2665 1150 2726 diversis
1172 2665 1368 2737 commissis,
1385 2666 1482 2743 juxta
1496 2671 1644 2727 tenorem
1664 2665 1801 2726 manda-

164 2765 290 2828 directa
306 2764 537 2826 continebatur
550 2777 717 2840 expresse.
734 2765 871 2824 Domum
884 2777 954 2822 me·
1009 2763 1118 2823 torum
1146 2763 1252 2838 ipsius
1280 2762 1459 2839 procedere
1487 2763 1715 2839 procurarent,
1746 2761 1804 2838 qui

162 2866 290 2924 morato
303 2862 421 2923 abbate
438 2877 514 2922 ac...
533 2863 749 2937 procuratore
766 2859 870 2937 partis
890 2858 952 2920 ad·
1011 2859 1095 2919 sicut
1108 2874 1151 2919 ex
1169 2859 1331 2921 relatione
1350 2859 1575 2921 intelleximus
1597 2859 1799 2930 eorumdem,

160 2975 266 3020 uersae
279 2959 314 3018 in
327 2958 438 3019 dilecti
453 2957 513 3018 lilii
525 2957 632 3018 nostri
645 2955 826 3037 G(regorii)
841 2956 955 3018 Sancti
1010 2957 1045 3016 in
1060 2957 1132 3032 ipso
1145 2956 1277 3032 negotio
1287 2957 1391 3018 variis
1401 2957 1441 3018 de
1452 2957 1562 3018 causis
1575 2957 1712 3017 minime
1722 2971 1802 3033 pro-

161 3055 324 3117 Theodori
347 3055 478 3115 diaconi
502 3054 694 3127 cardinalis,
716 3056 796 3115 tunc
820 3053 956 3115 subdia·
1011 3053 1174 3125 cedentes,
1190 3053 1298 3130 ipsum
1317 3055 1425 3116 adbuc
1443 3053 1609 3130 integrum
1626 3054 1668 3114 ad
1684 3053 1811 3128 sedem,

163 3153 249 3224 coni,
267 3154 300 3214 et
311 3151 474 3228 capellani
489 3150 569 3212 dicti
581 3151 837 3228 praedecessoris
849 3151 955 3212 nostri
1009 3151 1231 3227 Apostolicam
1245 3152 1454 3212 remiserunt.
1470 3153 1689 3212 Procuratore
1699 3150 1803 3225 igitur

163 3249 340 3325 praesentia
354 3248 552 3319 constitutis,
571 3247 659 3308 idem
674 3246 775 3308 abbas
788 3263 848 3324 pro
868 3262 905 3308 se
923 3248 957 3308 et
1010 3248 1137 3308 abbatis
1152 3251 1222 3324 jam
1244 3249 1334 3316 dicti,
1354 3263 1394 3309 ac
1410 3248 1530 3310 dilecto
1550 3247 1619 3309 lilio
1639 3247 1799 3323 magistro

150 3346 328 3408 'conventu
340 3361 400 3406 suo
418 3344 459 3405 ab
479 3345 634 3420 episcopo
650 3345 683 3405 et
701 3343 870 3405 canonicis
885 3359 956 3408 me·
1010 3344 1436 3415 Ambrosio,archidiacono
1448 3344 1698 3420 vesprimiensi,
1715 3359 1803 3404 nun·

162 3443 299 3504 moratis
321 3442 466 3503 decimas
490 3442 638 3502 omnium
662 3439 794 3517 bugum
815 3441 849 3502 et
871 3440 956 3501 alia·
1009 3442 1056 3502 tio
1079 3443 1183 3516 partis
1209 3442 1370 3513 adversae,
1394 3442 1527 3518 propter
1547 3442 1611 3502 boc
1631 3441 1667 3503 in
1689 3443 1805 3504 nostra

162 3555 235 3602 rum
253 3554 365 3600 rerum
383 3539 481 3599 terrae
502 3537 599 3598 cultae
620 3551 660 3598 ac
683 3535 827 3609 incultae,
845 3537 957 3616 sylva·
1010 3539 1188 3614 praesentia
1209 3539 1407 3610 constitutis,
1421 3539 1577 3600 dilectum
1596 3538 1701 3598 illium
1723 3553 1804 3599 nos·-

162 3651 246 3708 rum,
259 3635 508 3705 materinorum,
522 3647 699 3710 porcorum
715 3635 748 3694 et
760 3633 955 3695 caeterorum
1010 3637 1097 3695 trum
1111 3637 1159 3707 li,
1173 3637 1368 3696 Sanctorum
1381 3637 1508 3708 cosmae
1520 3636 1553 3698 et
1565 3635 1716 3698 Damiani
1729 3635 1804 3697 dia-

162 3732 366 3804 animalium,
383 3747 481 3808 apum
496 3732 529 3792 et
539 3731 737 3792 tributorum
752 3745 791 3791 ac
802 3732 954 3807 vectiga-
1011 3745 1130 3791 conum
1152 3731 1367 3805 cardinalem,
1387 3735 1436 3794 eis
1462 3733 1686 3795 concessimus
1707 3731 1804 3794 audi-

161 3831 242 3891 lium
262 3829 366 3906 partis
382 3828 558 3889 comitatus
575 3826 794 3902 simigiensis,
816 3829 957 3906 quaeest
1011 3827 1127 3900 torem,
1144 3829 1286 3890 cuicum
1304 3828 1344 3890 de
1364 3844 1474 3890 causae
1493 3829 1620 3891 meritis
1635 3845 1695 3906 per
1713 3831 1803 3906 ipsos

163 3926 250 3988 ultra
266 3925 404 3986 fluvium
417 3927 570 3996 liranum,
588 3923 675 3984 sicut
693 3924 798 4000 ipsius
811 3924 957 4000 cingitur
1011 3939 1078 3984 non
1094 3925 1237 4000 potuerit
1254 3925 1327 3985 ilari
1347 3925 1445 4000 plena
1464 3925 1558 3996 fides,
1583 3941 1644 3986 nos
1668 3940 1803 3986 causam

162 4021 322 4082 limitibus
346 4021 533 4092 comitatus,
559 4035 689 4081 necnon
718 4019 955 4082 decimationes
1010 4021 1117 4097 ipsam
1135 4021 1228 4082 vobis
1251 4021 1406 4082 duximus
1430 4022 1708 4090 committendam,
1731 4020 1804 4081 dis-

163 4117 366 4194 capellarum
377 4116 491 4176 Sancti
502 4114 673 4185 Bersabe,
688 4117 817 4177 sancte
828 4117 964 4188 Crucis,
1011 4116 1150 4178 cretioni
1164 4116 1284 4178 vestre
1297 4133 1357 4194 per
1371 4117 1561 4194 Apostolica
1576 4118 1699 4194 scripta
1713 4133 1804 4178 man-

163 4213 196 4275 et
217 4214 347 4274 Sanctae
361 4212 533 4273 Trinitatis
553 4215 708 4288 exparte
728 4211 830 4273 castri
851 4214 955 4274 Slml-
1010 4214 1137 4286 dantes,
1157 4215 1321 4292 quatenus
1342 4215 1378 4274 in
1399 4213 1532 4291 negotio
1552 4215 1636 4291 ipso,
1652 4230 1718 4275 non
1738 4213 1803 4275 ob-

162 4311 286 4386 giensis
310 4309 345 4369 in
373 4308 509 4370 dioecesi
534 4309 774 4384 vesprimiensi
808 4310 957 4372 existen·
1010 4310 1173 4373 stantibus
1186 4310 1352 4387 aliquibus
1365 4311 1486 4373 litteris
1501 4327 1602 4388 super
1613 4310 1822 4372 bocaSede-

161 4409 243 4469 tium
259 4421 334 4466 cum
346 4404 509 4467 fructibus
524 4405 688 4482 perceptis
703 4420 746 4470 ex
758 4405 818 4478 eis,
836 4407 955 4482 quibus
1009 4408 1199 4483 Apostolica
1221 4408 1417 4484 impetratis,
1438 4423 1543 4485 usque
1563 4409 1605 4469 ad
1624 4407 1803 4470 definitivae

161 4503 303 4574 fuerant,
320 4503 356 4565 ut
374 4501 556 4574 dicebatur,
577 4516 637 4578 per
655 4503 805 4563 eumdem
826 4504 956 4579 episco·
1009 4504 1182 4566 sententiae
1212 4504 1386 4577 calculum,
1415 4503 1546 4588 sublato
1569 4505 1803 4582 appellationis

161 4617 238 4677 pum
254 4599 397 4676 spoliati,
412 4615 487 4660 cum
496 4597 653 4675 expensis
663 4613 746 4674 quas
757 4599 792 4658 in
806 4600 955 4676 ejusdem
1009 4601 1192 4673 obstaculo,
1204 4601 1430 4677 procedentes,
1443 4619 1577 4665 causam
1590 4604 1708 4679 ipsam,
1722 4603 1750 4663 si
1762 4602 1805 4664 de

65 4777 68 4783 Ι
161 4697 393 4771 prosecutione
409 4695 534 4772 negotii
555 4709 659 4772 usque
676 4695 717 4756 ed
732 4695 790 4756 illa
805 4698 953 4774 tempora
1009 4699 1151 4774 partium
1172 4698 1343 4760 voluntate
1364 4699 1575 4776 processerit,
1603 4699 1670 4761 fine
1693 4699 1802 4762 debito

162 4791 318 4864 fecerant,
334 4807 374 4854 ac
388 4791 509 4855 facturi
519 4795 632 4856 essent
645 4792 681 4854 in
695 4793 873 4868 posterum,
890 4793 954 4856 sibi
1008 4793 1203 4865 terminetis,
1219 4793 1379 4856 iacientes
1394 4796 1480 4872 quod
1496 4795 1708 4858 decreveritis
1721 4795 1803 4858 auc'-

160 4888 291 4950 restitui
306 4888 496 4964 postulavit,
512 4904 610 4951 omne
627 4892 684 4965 jus
700 4905 796 4952 suum
811 4890 846 4950 in
857 4891 953 4968 ludi·
1007 4891 1141 4951 toritate
1157 4891 1270 4952 nostra
1290 4891 1429 4954 firmiter
1448 4893 1631 4954 observari.
1647 4893 1802 4972 Alioquin

161 4985 248 5044 cium
269 4983 476 5058 deducend03
499 4985 712 5061 privilegium
734 4987 841 5050 sancti
864 4989 953 5063 regis
1008 5003 1081 5048 eam
1090 4987 1294 5048 sufficienter
1304 4987 1500 5050 instructam
1511 4989 1552 5050 ad
1563 4990 1710 5052 nostram
1721 5005 1802 5068 prac-
1843 4965 1856 4989 “

161 5079 330 5157 Stephani,
345 5081 378 5144 et
389 5081 659 5148 confirmationes
673 5083 782 5148 ielicis
797 5084 954 5148 recorda·
1008 5084 1149 5146 sentiam
1180 5084 1369 5157 remittatis,
1408 5085 1616 5162 praefigentes
1653 5085 1802 5163 partibus

159 5177 260 5242 tionis
275 5177 467 5250 Alexandri,
489 5175 615 5239 Urbani
637 5181 672 5245 et
692 5179 871 5243 Clementis
891 5183 955 5244 Ro·
1006 5181 1183 5241 terminum
1195 5181 1443 5258 competentem,
1457 5199 1522 5260 quo
1535 5183 1647 5244 nostro
1661 5197 1697 5244 se
1710 5199 1802 5245 cons·

159 5290 332 5336 manorum
351 5273 544 5350 pontificum
570 5274 850 5351 predecessorum
874 5293 955 5340 nos·
1008 5279 1117 5355 pectui
1127 5279 1375 5354 repraesentent,
1387 5281 1522 5356 justam,
1538 5280 1637 5342 dante
1649 5279 1799 5351 Domino,

159 5374 285 5434 trorum
318 5371 359 5434 ad
390 5370 609 5438 intentionem
632 5385 727 5436 suam
750 5372 953 5439 fundandam
1008 5374 1205 5436 sententiam
1240 5377 1433 5451 recepturae.
1463 5377 1577 5438 Testes
1609 5380 1720 5438 autem
1745 5377 1802 5452 qui

160 5483 258 5544 super
271 5467 445 5545 principali
460 5465 655 5544 producens.
674 5469 878 5532 Memoratus
892 5485 954 5534 au·
1007 5471 1132 5533 fuerint
1152 5471 1325 5542 nominati,
1342 5472 1371 5532 si
1393 5487 1429 5533 se
1445 5473 1566 5549 gratia,
1584 5471 1660 5534 odio
1683 5473 1736 5533 rel
1758 5473 1803 5533 ti-

159 5566 224 5630 tem
239 5567 435 5642 procurator
448 5579 491 5626 ex
506 5565 646 5626 adverso
661 5565 865 5640 respondens
881 5583 954 5643 pro-
1008 5583 1099 5630 more
1112 5567 1348 5640 subtraxerint,
1366 5583 1610 5646 percensuram
1626 5569 1804 5631 ecclesias-
