4230 6388
151 253 215 316 333
303 288 307 298 .

150 413 252 489 teque
276 407 317 474 ad
341 409 430 473 mam
460 409 861 484 rectitudinisrevocare,
886 425 949 472 no-

151 507 317 570 bilitatem
338 510 430 571 tuam
450 524 621 570 monemus
636 507 669 569 et
683 508 899 570 exhortamur
912 508 948 570 in

151 605 305 678 Domino,
320 622 379 683 per
404 606 594 683 apostolica
617 605 679 666 tibi
705 605 827 682 scripta
847 620 947 665 man-

152 702 947 780 dantesquatenusapudtemetipsumrecogitans

153 802 269 879 quanti
281 801 422 877 periculi
432 802 485 872 sit,
494 801 579 877 quod
590 801 738 876 precisus
748 815 785 860 es
796 799 837 860 ab
848 799 947 860 eccle

153 897 292 960 siastica
302 898 439 971 unitate,
456 897 497 958 ad
509 898 617 958 sinum
628 896 796 965 Ecclesiae,
809 912 882 972 quae
893 911 949 972 pa·

151 997 226 1057 rata
239 999 290 1057 est
302 993 450 1072 recipere
460 993 648 1065 redeuutes,
657 989 829 1054 humiliter
838 1008 949 1054 rever-

152 1089 249 1159 taris,
259 1089 294 1149 in
311 1088 463 1149 manibus
476 1104 552 1148 ven.
566 1087 679 1148 fratris
690 1089 793 1148 nostri
810 1089 843 1148 C.
859 1091 946 1148 Por-

153 1187 246 1249 tuen.
258 1186 415 1263 episcopi,
430 1183 627 1260 Apostolicae
641 1185 735 1245 Sedis
750 1185 852 1260 legati
862 1199 949 1262 prae-

153 1282 950 1359 cisejurando‚etpraestandoaliasidoneascau·

151 1381 272 1452 dones,
286 1380 369 1458 quod
382 1379 513 1457 parebis
529 1379 693 1442 mandatis
708 1379 860 1439 omnibus
875 1395 948 1456 quae

152 1492 215 1539 nos
226 1478 280 1540 vel
291 1479 363 1554 ipse
377 1476 438 1539 tibi
451 1477 644 1538 duxerimus
659 1475 827 1551 facienda3
839 1477 947 1538 sciens

153 1573 294 1652 quodsi
321 1590 401 1635 usus
427 1574 578 1644 consilio,
596 1573 683 1634 inira
706 1574 788 1635 duos
817 1589 951 1635 menses

153 1672 229 1750 post
245 1673 489 1748 susceptionem
501 1672 713 1747 praesentium
728 1669 848 1732 feceris
861 1671 948 1748 quod

153 1769 338 1840 hortamur,
354 1783 414 1830 nos
427 1771 728 1845 quantumcumque
739 1768 834 1829 Sedis
846 1771 949 1845 Apos-

152 1866 264 1929 tolicae
279 1867 421 1942 gratiam
443 1867 658 1938 demerueris
672 1865 713 1928 ad
724 1865 948 1943 provisionem

152 1964 246 2025 tuam
263 1963 305 2024 de
327 1959 392 2039 qua
415 1963 516 2024 Sedes
535 1963 735 2039 Apostolica,
753 1964 789 2025 ut
812 1962 949 2050 pradic-

153 2062 224 2123 tum
237 2062 297 2132 est,
308 2061 361 2138 pie
376 2060 417 2121 ab
432 2060 528 2123 initio
541 2060 699 2135 cogitavit
713 2059 824 2121 taliter
837 2060 949 2120 inten-

88 2237 92 2244 ‚
154 2158 285 2229 demus,
302 2157 387 2234 quod
403 2161 585 2219 Romanam
609 2157 792 2218 Ecclesiam
813 2157 947 2232 ergata

154 2255 272 2317 matris
289 2256 419 2316 viscera
434 2254 590 2315 fateberis
606 2252 775 2314 habuisse.
791 2253 948 2329 Alioquin

154 2353 279 2414 habeas
294 2369 353 2430 pro
368 2351 543 2424 constanti,
561 2351 758 2427 quodetiam
774 2365 832 2427 spe
843 2365 949 2412 reser-

153 2450 239 2511 vatae
261 2449 462 2526 provisionis
480 2451 511 2510 te
527 2448 662 2510 omnino
675 2447 890 2524 privabimus
916 2448 949 2508 et

154 2563 214 2623 per
240 2547 438 2607 senteutiam
471 2560 629 2621 expresse
651 2544 712 2606 tibi
736 2543 947 2621 abjudicabi-

154 2659 228 2704 mus
243 2643 343 2704 etiam
358 2643 480 2704 dictam
493 2643 619 2703 terram
643 2641 726 2702 citra
751 2640 948 2702 Rhodanum

154 2741 361 2812 existentem,
390 2755 453 2800 nec
467 2738 614 2800 confidas
638 2739 673 2798 in
696 2752 736 2798 eo
759 2736 844 2814 qnod
861 2753 949 2798 nunc

152 2837 216 2898 tibi
235 2837 435 2898 successisse
447 2835 588 2906 videtur,
604 2835 701 2912 quasi
716 2835 831 2896 contra
845 2837 949 2896 Deum

155 2934 269 2995 valeas
300 2933 493 3010 praevalere,
516 2933 593 3010 quia
620 2932 649 2992 si
674 2931 735 2993 tibi
764 2930 949 3009 abjudicari

156 3031 333 3105 contigerit
365 3031 490 3092 terram
515 3030 633 3105 ipsam,
662 3044 830 3105 nunquam
856 3028 949 3088 illam

156 3127 462 3189 excommunicatus
477 3126 533 3186 diu
556 3127 680 3204 poteris
700 3126 858 3198 retinere,
874 3141 949 3186 cum

155 3224 197 3285 ab
212 3239 251 3285 ea
264 3223 474 3300 possessione
490 3223 534 3284 sit
548 3222 646 3284 facile
661 3221 772 3299 deJici,
789 3237 862 3298 quae
877 3223 949 3283 siue

152 3321 243 3398 justo
257 3320 355 3382 titulo
369 3321 520 3380 noscitur
540 3318 692 3381 detineri.
717 3320 835 3380 Datum
850 3319 951 3380 Late-

155 3417 241 3492 rani,
255 3418 301 3478 Ill
316 3432 422 3478 nonas
432 3416 521 3493 junii
538 3431 627 3478 anno
640 3416 766 3496 quinto,

444 3675 663 3764 GCCCXIII

155 3811 206 3871 Ad
231 3812 526 3884 archiepiscopum
557 3811 889 3886 Rhothomopensem
914 3809 949 3870 et

192 3899 433 3974 suffraganeos
473 3901 548 3971 ejus
585 3899 869 3973 Rothomagensts
913 3899 949 3957 et

192 3987 372 4046 Remensis
405 3989 683 4059 prouinciarum,
723 3985 758 4044 et
791 3985 948 4058 pravam

193 4086 259 4146 per
274 4076 337 4133 has
346 4076 548 4146 provincias
561 4073 775 4134 constitutos.

449 4192 555 4266 sinnii
575 4193 655 4250 liii.

193 4300 312 4365 [liegest.,
325 4299 369 4349 lib.
380 4290 410 4359 lf,
421 4299 494 4363 epist
509 4298 564 4348 680.
575 4300 632 4350 bles.
644 4300 681 4350 La
689 4298 764 4349 Porte
776 4295 811 4350 du
821 4297 913 4362 reeh]

155 4385 378 4480 archiepiscopo
405 4405 561 4466 hhemensi
578 4407 675 4480 legato
700 4421 750 4479 per
763 4406 817 4464 has
829 4406 944 4480 provin·

189 4487 250 4543 cias
268 4485 405 4544 adversus
433 4484 581 4543 haereticos
600 4486 752 4544 constituto
774 4485 852 4558 ipsos
876 4485 944 4543 obe·

190 4565 303 4624 dientes
317 4579 382 4623 esse
393 4564 483 4639 jubet.

192 4676 380 4743 Honorius,
410 4675 485 4747 ete,
510 4672 758 4735 venerabilibus
788 4673 946 4735 iratribus

790 249 1018 312 EPISTOLAE.
1041 249 1119 310 LIB.
1143 248 1188 308 Vs

1739 247 1798 308 83l

1002 425 1066 487 pue
1089 407 1270 486 proleclsse
1285 405 1402 468 ildeles
1425 405 1481 470 ubi
1508 404 1707 468 videbantur
1726 422 1799 468 am-

1002 507 1088 584 plius
1115 503 1287 566 deiecisse.
1313 503 1352 566 nt
1378 502 1414 564 ut
1437 503 1478 563 de
1501 503 1614 565 multis
1636 502 1798 579 exemplis

1002 602 1113 680 aliqua
1136 601 1355 679 proferamus,
1372 599 1545 671 Philistaei,
1563 615 1642 661 arca
1666 601 1799 660 Domini

1002 699 1109 776 capta,
1139 697 1311 759 israelitas
1337 697 1378 758 ad
1403 697 1470 757 ima
1491 697 1676 774 depressos,
1703 698 1737 756 et
1762 692 1810 757 se'⁴

1003 795 1166 857 exaltatos
1181 794 1222 856 ad
1234 793 1389 856 sublimia
1405 793 1634 868 crediderunt,
1655 792 1800 854 sedmox

1002 893 1183 970 aggravata
1194 889 1799 966 manusDominisupereos,ipsorum
1921 935 1925 962 ,

1002 987 1150 1051 fastuosa
1176 989 1278 1050 elatio
1299 989 1436 1058 corruit,
1454 989 1486 1050 et
1500 986 1723 1048 bumilitatem
1744 988 1801 1046 ls-

1003 1086 1146 1147 raelitici
1177 1085 1292 1162 populi
1329 1085 1529 1146 miraculosa
1570 1083 1678 1160 ipsius
1710 1097 1799 1144 arcae

1002 1181 1119 1244 relatio
1134 1181 1305 1244 exaltavit.
1330 1181 1384 1242 Sic
1407 1181 1559 1242 Samaria
1578 1179 1714 1240 obsessa
1729 1181 1798 1241 tam

1002 1281 1103 1352 arcte,
1114 1281 1147 1341 et
1158 1279 1251 1341 tanta
1265 1279 1363 1340 lamis
1385 1277 1564 1339 afflictione
1579 1291 1748 1354 oppressa,
1763 1278 1800 1338 ut

1001 1379 1101 1454 caput
1134 1377 1222 1438 asini
1259 1375 1427 1452 octoginta
1469 1375 1599 1450 argenti
1636 1373 1800 1434 vendere-

1001 1475 1067 1546 tur,
1093 1489 1154 1535 nee
1168 1476 1239 1552 jam
1253 1472 1422 1535 videretur
1440 1471 1506 1534 nisi
1523 1471 1700 1532 deditionis
1715 1485 1799 1531 con-

1002 1571 1114 1632 silium
1138 1585 1329 1647 superesse;
1347 1569 1460 1630 divina
1495 1568 1643 1645 potentia
1667 1568 1799 1629 saturos

1005 1668 1194 1729 obsessores
1214 1667 1249 1728 in
1268 1667 1380 1743 fugam
1402 1666 1601 1726 miraculose
1623 1664 1798 1736 convertit,

1003 1767 1035 1827 et
1046 1765 1198 1826 obsessos
1213 1764 1383 1825 famelicos
1396 1764 1575 1840 insperatae
1588 1759 1799 1823 abundantiae

1003 1861 1155 1924 satietate
1175 1861 1302 1922 reiecit.
1320 1861 1375 1922 Sic
1389 1875 1468 1936 rege
1482 1859 1694 1936 Assyriorum
1708 1857 1801 1919 obsi-

995 1959 1100 2021 ·dente
1125 1958 1312 2022 Jerusalem
1333 1958 1367 2019 et
1392 1957 1475 2018 adeo
1503 1957 1539 2018 in
1564 1972 1625 2017 sua
1652 1955 1801 2032 potentia

1002 2056 1177 2131 gloriante,
1195 2056 1232 2115 ut
1251 2057 1318 2115 Deo
1333 2054 1458 2114 viventi
1473 2055 1573 2115 etiam
1589 2053 1798 2129 exprobaret,

1002 2151 1189 2223 multitudo,
1201 2151 1237 2211 in
1250 2166 1315 2228 qua
1326 2149 1521 2222 confidebat,
1534 2151 1654 2226 angelo
1668 2149 1800 2210 Domini

1003 2249 1207 2324 percutiente
1236 2263 1303 2308 una
1331 2248 1427 2308 noete
1453 2244 1590 2320 interiit,
1619 2247 1652 2308 et
1672 2246 1799 2323 eosqui

996 2362 1068 2407 non
1082 2345 1122 2406 de
1144 2344 1300 2406 humanis
1323 2344 1461 2417 viribus
1476 2345 1533 2405 sed
1546 2345 1586 2405 de
1602 2344 1674 2405 sola
1688 2344 1801 2405 divina

1003 2441 1233 2502 misericordia
1264 2441 1485 2512 confidebant,
1514 2441 1573 2501 Dei
1588 2440 1734 2518 potentia
1759 2440 1800 2502 de

1003 2537 1185 2598 obsidionis
1208 2538 1363 2613 angustia
1391 2536 1555 2598 liberavit.
1582 2536 1674 2598 Licet
1697 2537 1800 2612 igitur

1003 2634 1172 2710 negotium
1187 2633 1275 2706 fidei,
1288 2649 1348 2711 pro
1361 2649 1425 2710 qno
1438 2634 1473 2694 in
1491 2633 1640 2711 partibus
1656 2633 1809 2695 Provin-‘

1003 2731 1064 2793 ciae
1085 2732 1180 2793 tanto
1204 2731 1326 2792 sudore
1352 2730 1538 2792 laboratum
1567 2732 1627 2804 est,
1655 2732 1689 2793 et
1705 2733 1800 2793 tanto

1003 2828 1116 2889 labore
1127 2829 1452 2900 sudatumvideatur
1461 2828 1607 2904 graviter
1617 2829 1797 2899 corruisse,

1003 2925 1107 2988 animi
1120 2927 1231 2986 tamen
1241 2924 1387 2986 fidelium
1399 2941 1466 2986 non
1482 2925 1624 2987 debeant
1635 2926 1671 2985 in
1684 2926 1799 3002 hujus·

1004 3023 1092 3084 modi
1106 3023 1204 3084 ruina
1217 3021 1403 3094 concidere,
1421 3023 1489 3096 sed,
1500 3023 1585 3099 quod
1602 3024 1651 3084 est
1665 3023 1798 3084 virtutis

1004 3119 1186 3197 proprium,
1218 3119 1371 3181 tortiores
1397 3135 1560 3196 exurgere
1581 3120 1616 3180 in
1636 3121 1797 3188 adversis,

1000 3232 1100 3278 ‘suum
1123 3217 1289 3294 jactantes
1314 3217 1350 3276 in
1372 3218 1511 3278 Domino
1530 3217 1719 3293 cogitatum,
1743 3217 1800 3294 qui

1004 3314 1097 3376 novit
1120 3314 1221 3375 elisos
1250 3314 1379 3390 erigere
1397 3315 1430 3374 et
1451 3330 1529 3375 suos
1549 3315 1583 3374 in
1600 3314 1673 3391 ipsa
1687 3314 1799 3375 tribu·

1003 3411 1137 3474 lationis
1157 3412 1310 3488 angustia
1329 3411 1481 3473 dilatare.
1495 3410 1588 3473 Unde
1604 3427 1665 3472 nos
1684 3413 1725 3473 ad
1741 3428 1799 3473 re-

1004 3510 1206 3573 levationem
1223 3509 1329 3586 ipsius
1347 3510 1483 3585 negotii,
1498 3509 1539 3570 de
1558 3509 1670 3570 divina
1682 3509 1801 3571 conlisi

1003 3606 1235 3668 misericordia
1259 3605 1402 3668 sollicite
1417 3607 1637 3680 intendentes,
1654 3622 1799 3670 venera-

1002 3704 1061 3765 bili
1076 3704 1171 3765 lratri
1184 3705 1297 3766 nostro
1320 3705 1477 3766 Remensi
1500 3705 1749 3782 archiepiscopo
1766 3705 1801 3767 in

1002 3801 1167 3874 omnibus,
1185 3817 1258 3879 quae
1273 3801 1315 3862 ad
1327 3803 1495 3877 negotium
1510 3803 1619 3878 ipsum
1636 3804 1797 3878 spectant,

1002 3897 1179 3974 legationis
1192 3898 1336 3958 officium
1348 3897 1696 3974 inproviuciisvestris
1707 3898 1801 3958 duxi·

1002 4009 1076 4054 mus
1101 3993 1382 4063 committendum,
1405 4008 1564 4056 concessa
1588 3995 1620 4056 ei
1647 3995 1798 4070 plenaria

1003 4090 1163 4170 potestate
1176 4089 1320 4150 faciendi
1332 4091 1446 4152 tamin
1458 4091 1685 4166 indulgentiis
1700 4108 1800 4169 quam

1002 4187 1037 4248 in
1052 4187 1128 4248 aliis
1149 4187 1360 4265 omnisonae
1380 4186 1422 4247 ad
1440 4187 1678 4249 relevationem
1693 4187 1799 4266 ipsius

1002 4283 1127 4360 negotii
1150 4283 1273 4345 viderit
1297 4285 1468 4360 expedire,
1493 4285 1540 4347 ita
1569 4284 1691 4358 amen,
1712 4285 1799 4364 quod

1002 4383 1078 4443 vota
1091 4396 1216 4454 eornm,
1232 4381 1289 4459 qui
1304 4383 1528 4458 crucesignati
1543 4383 1673 4445 suntad
1689 4384 1800 4446 subsi-

1002 4479 1092 4541 dium
1111 4481 1224 4540 Terrae
1250 4480 1380 4541 Sanctae
1408 4481 1563 4542 nolumus
1588 4481 1799 4558 aliquatenus

1002 4577 1215 4638 commutare.
1241 4575 1333 4638 Licet
1353 4577 1457 4653 igitur
1479 4579 1521 4638 ad
1548 4577 1797 4640 subventionem

1001 4673 1127 4748 negotii
1151 4674 1291 4736 animati
1315 4675 1399 4747 sitis,
1417 4677 1453 4737 ut
1474 4675 1651 4748 credimus,
1666 4691 1725 4752 per
1739 4693 1798 4738 vos

155 4771 406 4850 archiepiscopo
426 4765 665 4848 Roihoma'geu.
682 4787 722 4832 ac
744 4772 947 4833 immersat
1000 4773 1092 4848 ipsos
1107 4772 1219 4846 utpote
1235 4773 1291 4847 qui
1311 4773 1383 4849 ejus
1405 4787 1536 4849 semper
1556 4773 1661 4834 luisse
1680 4775 1797 4836 nosci-

155 4869 392 4944 Rothomagen.
423 4869 639 4930 eeclesiarum
665 4867 886 4944 suffraganeis
914 4869 947 4931 et
1001 4869 1082 4929 mini
1099 4869 1271 4939 zelatores,
1290 4868 1533 4933 exabundanti
1552 4871 1663 4933 tamen
1680 4889 1740 4934 vos
1755 4873 1797 4934 ad

155 4965 283 5027 dilectis
313 4965 392 5026 liliis
423 4965 607 5038 abbatibus,
630 4965 798 5043 prioribus
820 4966 853 5026 et
869 4949 966 5025 aliis'
1000 4967 1155 5043 idipsum
1171 4965 1329 5027 attentius
1347 4966 1573 5042 exhortantes,
1586 4969 1798 5033 universitati

154 5063 370 5124 ecclesiarum
400 5062 558 5138 praelatis,
580 5078 620 5124 ac
641 5063 764 5124 Christi
792 5061 945 5123 fidelibus
1000 5064 1119 5125 vestrae
1135 5079 1195 5140 per
1213 5063 1404 5141 Apostolica
1428 5065 1551 5142 scripta
1573 5068 1797 5144 praecipiendo

154 5161 317 5222 universis
332 5175 392 5238 per
410 5149 547 5221 Reme'n.
564 5161 596 5221 et
617 5161 856 5236 Rothomagen.
873 5175 946 5238 pro·
1000 5160 1206 5232 mandamus,
1227 5161 1390 5238 quatenus
1412 5163 1587 5238 praelatum
1607 5165 1797 5242 arehiepis-

152 5258 280 5342 vincias
293 5257 490 5329 constitutis,
508 5254 658 5328 salutem,
672 5258 733 5318 etc.
1000 5273 1118 5336 copum
1133 5257 1426 5334 sicutApostolicae
1439 5260 1534 5320 Sedis
1549 5261 1693 5336 legatum
1708 5262 1798 5323 reci-

191 5355 330 5417 Divinas
353 5354 564 5415 recensentes
583 5353 742 5415 historias
757 5353 945 5425 invenimus
1000 5355 1140 5431 pientes,
1154 5354 1308 5416 hilariter
1334 5357 1367 5416 et
1391 5355 1528 5418 honeste
1545 5358 1727 5420 tractantes
1741 5359 1796 5419 in-

153 5453 198 5514 ibi
217 5467 348 5530 semper
367 5449 518 5512 infideles
537 5451 673 5526 gravius
693 5450 871 5523 corruisse,
888 5450 945 5512 ubi
999 5451 1142 5513 tendatis
1168 5454 1200 5512 et
1226 5451 1387 5513 obediatis
1422 5453 1529 5514 eidem
1563 5453 1734 5517 humiliter
1762 5460 1795 5520 et

155 5551 339 5612 surrexisse
361 5548 461 5611 altius
477 5547 684 5622 videbantur,
702 5547 813 5626 ibique
826 5551 946 5628 praeci·
1000 5549 1127 5611 devote.
1148 5547 1303 5626 Alioquin
1333 5549 1542 5624 sententiam,
1566 5567 1665 5629 quam
1690 5554 1795 5616 ratio-

293 5697 496 5742 rrmonroun
509 5685 559 5741 lll.
1592 5681 1625 5739 27
1655 5689 1656 5692 ’
