4230 6388
316 229 377 302 875

269 538 274 549 “
367 561 419 624 Ad
437 561 721 634 archiepiscopos,
738 561 913 634 episcopos
931 556 966 618 et
982 557 1070 618 citos

511 661 733 720 ecclesiarum
744 656 921 734 promtus.

549 787 686 852 [Strehllre
700 785 774 846 ibid..
786 800 811 836 ιι.
822 785 895 850 idi]

319 904 463 962 llonorius
491 905 531 961 lll
552 902 633 976 jubet
658 902 791 976 prelatos
814 900 922 960 ordinis
946 899 1114 958 'l'beutonici

355 993 430 1050 bons
446 1000 474 1050 et
495 992 558 1066 jura
576 992 660 1060 tueri,
677 991 817 1065 justitiam
832 989 971 1064 querenti
986 1003 1043 1046 non
1062 987 1112 1044 de·

353 1095 475 1154 negare,
497 1079 736 1153 parochianorum
760 1077 836 1152 apud
862 1078 964 1138 iratres
986 1077 1112 1151 sepultu-

353 1184 415 1228 ram
431 1183 488 1226 non
504 1167 654 1242 impedire.

359 1295 527 1357 Honorius
538 1294 850 1372 episcopusservus
860 1307 1033 1355 servorum
1042 1291 1113 1363 Dei,

319 1393 567 1455 venerabilibus
601 1391 759 1454 iratribus
794 1389 1055 1467 archiepiscopis
1083 1389 1116 1450 et

321 1490 487 1568 episcopis
505 1492 540 1552 ot
553 1489 682 1552 dilectis
695 1489 774 1550 liliis
789 1486 976 1560 abbatibus,
992 1485 1117 1564 priori-

321 1587 395 1659 bus,
414 1589 489 1660 etc,
507 1587 547 1648 ad
566 1604 648 1665 quos
667 1586 787 1648 litterae
803 1587 875 1648 istae
890 1583 1115 1662 pervenerint,

321 1685 461 1746 salutem
474 1687 508 1746 et
519 1684 735 1762 apostolicam
758 1683 1033 1745 benedictionem.

361 1783 453 1845 Licet
472 1783 624 1844 omnibus
637 1782 696 1843 Dei
712 1780 865 1842 fidelibus
880 1781 914 1840 iu
928 1779 998 1840 suis
1012 1778 1116 1839 simus

318 1881 459 1958 justitiis
482 1880 659 1952 debitores,
682 1879 850 1954 religiosis
873 1879 985 1938 tamen
1001 1875 1118 1937 fratri-

321 1977 384 2038 bus
407 1977 582 2053 hospitalis
605 1978 734 2039 Sanctae
754 1976 870 2037 Mario
893 1973 1118 2035 Theutonico-

322 2088 397 2138 rum
410 2055 702 2151 Hierosolymitanl
716 2071 911 2151 propensius
921 2071 957 2132 in
970 2085 1030 2132 suo
1040 2073 1117 2146 jure

324 2171 480 2232 convenit
491 2186 552 2232 nos
567 2170 695 2231 adesse.
713 2169 792 2230 Inde
810 2167 961 2245 estquod
977 2167 1117 2228 univer·

323 2267 412 2332 sitati
428 2269 548 2330 vestrm
572 2283 631 2344 per
644 2265 833 2344 Apostolica
853 2263 976 2342 scripta
998 2263 1119 2340 praeci-

322 2364 444 2444 piendo
460 2364 667 2437 mandamus,
692 2363 858 2441 quatenus
884 2361 1117 2440 predictorum

322 2463 464 2524 fratrum
477 2461 711 2538 possessiones
720 2461 754 2522 et
763 2463 842 2537 jura
856 2460 999 2536 integra,
1016 2471 1118 2536 quan·

322 2561 392 2620 ium
414 2559 449 2644 in
470 2558 564 2620 robis
583 2557 693 2630 fuerit,
711 2558 744 2619 et
764 2556 892 2618 illibata
911 2555 1051 2618 servatis
1072 2556 1115 2626 et,

323 2669 397 2718 cum
407 2655 447 2716 de
457 2654 622 2732 aliquibus
637 2653 907 2716 malefactoribus
920 2652 1001 2725 suis,
1018 2667 1119 2728 paro-

325 2753 457 2814 chianis
472 2753 603 2824 restris,
627 2753 780 2836 querelas
798 2767 817 2812 a
839 2749 999 2814 iratribus
1022 2765 1120 2811 race-

322 2851 440 2928 peritis
451 2851 653 2922 memoratis,
669 2849 801 2926 deipsis
815 2849 863 2910 eis
874 2849 920 2912 ita
933 2847 1117 2912 districtam

319 2947 485 3025 justitiam
500 2945 642 3018 iacietis,
656 2945 742 3023 quod
755 2945 841 3006 bona
853 2961 968 3006 eorum
983 2959 1042 3022 per
1050 2943 1119 3005 sol-

323 3043 529 3106 licilndinem
542 3044 687 3106 vestram
701 3057 721 3104 a
737 3056 915 3122 pravorum
929 3043 995 3104 sint
1009 3055 1117 3104 rexa-

321 3143 413 3205 tione
441 3143 564 3219 quieta.
593 3141 641 3203 Ad
673 3141 745 3202 baec
775 3140 990 3218 praesentium
1021 3139 1117 3200 vobis

322 3239 520 3302 auctoritate
534 3239 752 3315 injungimus,
762 3241 800 3302 ut
814 3237 1035 3314 parochianos
1047 3251 1119 3297 ves·

321 3339 404 3408 tros,
421 3337 477 3414 qui
489 3337 523 3396 in
536 3337 652 3398 ultima
665 3336 838 3401 voluntate
856 3333 941 3412 apud
958 3334 1117 3396 ecclesias

322 3433 557 3513 praedictorum
591 3433 729 3498 fratrum
767 3432 931 3508 elegerint
963 3431 1116 3510 sepeliri,

321 3532 389 3594 nisi
409 3531 687 3592 excommunicati
709 3531 763 3591 vel
779 3531 975 3592 nominatim
994 3529 1118 3592 luerint

321 3628 491 3690 interdicti
515 3629 573 3690 aut
591 3629 690 3690 etiam
707 3627 837 3705 publice
855 3627 1015 3698 usurarii,
1030 3627 1117 3704 apud

321 3725 480 3787 ecclesias
506 3727 597 3802 ipsas
626 3727 832 3804 sepulturam
860 3725 984 3786 babere
1013 3724 1118 3786 libere

320 3825 532 3903 permittatis,
565 3824 657 3886 salva
689 3827 800 3886 tamen
823 3824 955 3903 justitia
982 3823 1116 3884 illarum

321 3927 550 4000 ecclesiarum,
577 3927 731 4004 aquibus
755 3930 960 3990 mortuorum
977 3941 1116 4006 corpora

321 4027 548 4092 assumuntur.
566 4026 697 4098 Datum,
714 4025 776 4090 etc.

701 4259 738 4348 X

319 4415 373 4478 Aa
386 4412 596 4490 magistram
609 4412 784 4486 streames
795 4411 1118 4486 sospitacasancto

496 4511 625 4570 Marica
639 4509 936 4570 daemonicorum.

493 4638 628 4705 [Streblke
640 4636 714 4695 ibid,
727 4651 754 4702 p.
765 4635 820 4696 337,
834 4649 863 4690 n,
873 4635 942 4702 tle]

320 4756 466 4816 Honorius
487 4757 527 4814 lll
550 4753 682 4812 concedit
707 4753 800 4812 ordini
825 4751 1012 4824 Tbeutonico,
1035 4761 1066 4814 ut
1086 4755 1116 4813 in

352 4843 425 4902 locis
440 4843 476 4900 de
491 4843 698 4901 Saracenorum
712 4841 845 4900 manibus
859 4842 966 4915 ereptis
980 4841 1117 4900 ecclesias

353 4932 407 4992 soli
423 4931 541 4990 Summo
556 4931 686 4990 Pontifici
702 4929 897 5004 subjiciendas
910 4939 1088 4990 construant.

357 5053 721 5132 Honoriusepiscopus,
733 5069 1032 5116 servusservorum
1043 5055 1115 5127 Dei,

318 5154 449 5216 dilectis
465 5152 580 5214 illlis...
598 5151 757 5227 magistro
773 5150 807 5213 et
826 5149 986 5214 iratribus
1001 5151 1117 5228 hospi·

317 5251 395 5313 talis
411 5251 541 5314 Sanctae
563 5247 680 5310 Mariae
695 5247 976 5311 Theutonicorum
996 5241 1118 5310 Hiero-

318 5349 521 5427 solymitani,
547 5347 688 5410 salutem
714 5348 746 5409 ct
769 5347 987 5423 apostolicam
1013 5345 1118 5408 bene-

319 5447 508 5509 dictionem.

358 5545 488 5618 Quanto
508 5545 636 5621 majora
660 5558 720 5634 pro
742 5541 936 5608 defensione
957 5541 1116 5606 christia-

938 233 1114 300 HONORll
1136 233 1182 292 111
1202 231 1350 294 OPERA.

1908 220 1983 283 876

1167 388 1282 453 nitetis
1310 387 1508 450 discrimina
1537 383 1720 457 sustinetis,
1746 383 1841 446 tanto
1871 379 1980 443 beni-

1167 487 1278 564 gniori
1297 502 1358 548 ros
1376 485 1534 546 debemus
1555 484 1652 546 oculo
1669 481 1793 544 intueri
1808 481 1843 542 et
1855 479 1981 540 liben-

1169 585 1246 655 tius,
1278 582 1334 644 uhi
1358 599 1433 644 oum
1456 583 1586 660 justitia
1623 593 1818 658 possumus,
1844 577 1981 639 vestris

1169 685 1423 757 vestrorumque
1437 679 1620 742 commodis
1635 677 1821 754 providere.
1839 678 1983 752 Eapro-

1169 778 1251 855 pter,
1269 777 1381 838 dilecti
1396 777 1431 839 in
1446 776 1587 838 Domino
1611 773 1685 846 lilii,
1701 773 1823 835 vestris
1846 773 1980 849 postu-

1167 873 1348 937 lationibus
1360 875 1558 944 annuentes,
1570 870 1790 950 presentibus
1799 869 1898 932 vobis
1913 869 1983 930 lit·

1168 973 1250 1034 teris
1269 972 1491 1048 indulgemus,
1507 973 1545 1033 ut
1564 969 1601 1030 in
1621 969 1716 1040 locis,
1733 983 1808 1046 quae
1822 966 1864 1028 de
1882 968 1981 1028 Sar-

1168 1083 1367 1132 racenorum
1392 1065 1545 1130 manibus
1567 1066 1719 1144 poteritis
1741 1081 1816 1126 cum
1837 1065 1984 1126 auxilio

1169 1165 1314 1228 coelestis
1328 1166 1446 1242 gratiae
1461 1165 1618 1237 liberare,
1635 1163 1664 1225 si
1679 1179 1746 1225 non
1767 1161 1896 1223 suerint
1911 1177 1981 1222 se-

1170 1263 1229 1325 des
1241 1263 1447 1340 episcopales
1460 1264 1496 1324 in
1506 1263 1567 1336 eis,
1580 1261 1742 1324 ecclesias
1752 1260 1981 1330 construatiS,
2064 1312 2065 1354 ,

1173 1377 1247 1438 quae
1261 1361 1325 1422 soli
1342 1363 1500 1422 Romanae
1524 1359 1682 1422 Ecclesia
1700 1355 1842 1420 debeant
1860 1356 1984 1433 subja-

1170 1473 1257 1530 cere,
1280 1458 1327 1520 ita
1348 1459 1385 1520 ut
1411 1473 1431 1520 a
1455 1457 1547 1520 nullo
1573 1457 1788 1533 praelatorum
1811 1453 1983 1516 Ecclesiae

1170 1556 1244 1632 post
1258 1557 1445 1618 Romanum
1470 1554 1666 1617 Pontificem
1687 1552 1814 1630 aliquid
1828 1552 1922 1629 juris
1938 1553 1980 1612 in

1170 1653 1219 1714 eis
1245 1653 1357 1716 ualeat
1390 1652 1574 1716 vendicari.
1603 1651 1696 1712 Nulli
1724 1666 1804 1726 argo
1834 1651 1981 1712 omnino

1170 1751 1342 1812 hominum
1357 1749 1459 1812 liceat
1473 1751 1560 1812 banc
1575 1749 1731 1826 paginam
1746 1749 1869 1810 nostroe
1884 1763 1978 1808 con-

1171 1847 1332 1910 cessionis
1346 1846 1531 1924 intringere
1553 1846 1606 1908 rel
1629 1847 1660 1908 ei
1683 1862 1767 1907 ausu
1788 1845 1979 1907 temerario

1172 1943 1349 2007 contraire.
1364 1945 1484 2022 Siquis
1499 1945 1610 2006 autem
1625 1944 1688 2006 boc
1703 1945 1867 2005 attentare
1882 1959 1980 2019 prae-

1172 2041 1362 2118 sumpserit,
1378 2041 1642 2118 indignationem
1657 2041 1895 2117 omnipotentis
1910 2041 1977 2100 Dei

1171 2139 1205 2201 et
1217 2137 1389 2204 beatorum
1401 2139 1491 2200 Petri
1502 2140 1535 2200 et
1547 2139 1644 2200 Pauli
1656 2137 1884 2215 apostolorum
1897 2139 1976 2214 ejus

1172 2249 1209 2298 se
1221 2235 1352 2298 noverit
1366 2237 1591 2298 incursurum.
1606 2237 1740 2308 Datum,
1755 2235 1818 2298 etc.

1542 2503 1598 2593 XI

1460 2658 1513 2718 Ad
1529 2659 1676 2720 eosdem.

1398 2785 1536 2848 [Strehllru
1548 2786 1623 2846 ibid,
1636 2801 1662 2838 n.
1676 2787 1745 2852 tlt]

1217 2901 1360 2958 Honorius
1375 2901 1416 2960 lll
1430 2901 1569 2960 bonorum
1584 2901 1621 2961 ab
1635 2903 1735 2961 ordine
1748 2903 1926 2964 Theutonico

1288 3003 1485 3062 possessorum
1502 2992 1707 3064 protectionem
1723 2993 1851 3065 suscipit.

1213 3115 1380 3176 Honorius
1392 3116 1883 3194 episcopusservussersorum
1893 3117 1967 3190 Dei,

1172 3210 1301 3273 dilectis
1317 3212 1433 3274 filiis...
1450 3215 1609 3290 magistro
1625 3217 1658 3275 et
1679 3213 1838 3276 iratribus
1852 3215 1970 3292 bospi-

1171 3307 1249 3370 talis
1270 3311 1399 3372 Sanctae
1417 3310 1533 3371 Mariae
1553 3311 1833 3372 Theutonlcorum
1848 3311 1970 3374 Hiero—

1172 3405 1374 3482 solymitani,
1396 3407 1537 3470 salutem
1564 3408 1597 3470 et
1619 3408 1834 3485 apostolicam
1860 3409 1967 3470 beno-

1172 3501 1362 3564 dictionem.

1212 3600 1371 3670 Quotiens
1393 3615 1412 3661 a
1438 3599 1522 3662 Sede
1544 3601 1735 3678 Apostolica
1764 3602 1964 3679 postulatur,

1172 3696 1256 3772 quod
1274 3695 1315 3758 ad
1334 3711 1449 3774 pacem
1471 3695 1705 3773 religiosorum
1724 3699 1874 3762 locorum
1888 3714 1966 3762 res-

1172 3792 1252 3869 picit
1268 3794 1300 3855 et
1318 3793 1513 3870 proiectum,
1527 3796 1624 3870 juxta
1644 3797 1825 3871 petentium
1842 3796 1966 3858 volun-

1172 3890 1272 3954 tatem
1288 3893 1546 3954 consentaneum
1561 3893 1685 3956 rationi
1700 3875 1843 3956 libenter
1856 3897 1965 3970 Apos-

1171 3987 1306 4048 tolicum
1338 3987 1548 4065 impertimur
1584 4005 1758 4056 assensum
1786 3992 1820 4052 et
1846 3991 1967 4054 effectu

1172 4087 1391 4164 prosequente
1411 4087 1624 4162 complemus.
1649 4090 1833 4165 Eapropter
1846 4089 1966 4154 vestris

1168 4183 1267 4258 justis
1278 4182 1556 4259 postulationibus
1572 4187 1758 4248 annuentes
1770 4185 1970 4250 domosres-

1172 4281 1241 4341 tras
1256 4281 1288 4341 et
1301 4295 1415 4341 omnes
1428 4279 1513 4341 alias
1524 4282 1651 4343 vestras
1665 4283 1893 4358 possessiones
1907 4297 1969 4344 seu

1172 4393 1387 4454 quaecumque
1416 4377 1502 4438 bona
1531 4379 1599 4440 tam
1627 4379 1662 4442 in
1690 4378 1966 4444 decimationibus

1172 4491 1269 4552 quam
1285 4475 1320 4535 in
1333 4475 1409 4536 aliis
1422 4474 1521 4540 rebus
1532 4475 1771 4540 ecclesiasticis
1782 4475 1967 4540 rationibus

1171 4571 1347 4648 possidetis
1368 4573 1426 4634 aut
1450 4573 1485 4634 ln
1509 4571 1667 4644 suturam,
1696 4573 1877 4650 praesume
1896 4576 1967 4636 Do-

1171 4669 1272 4741 mino,
1295 4669 1395 4746 justis
1423 4669 1529 4734 modis
1555 4671 1708 4748 poteritis
1728 4670 1881 4748 adipisci,
1906 4669 1968 4734 sub

1171 4765 1260 4828 beati
1273 4766 1362 4830 Petri
1379 4767 1412 4829 et
1426 4767 1539 4832 nostra
1550 4768 1756 4844 protectione
1766 4767 1965 4845 suscipimus

1171 4865 1204 4926 et
1229 4865 1404 4940 presentis
1431 4864 1546 4940 scripti
1573 4865 1760 4940 patrocinio
1782 4866 1969 4928 communi-

1172 4975 1256 5030 mus,
1273 4961 1466 5033 statuentes,
1484 4963 1520 5022 ut
1540 4961 1625 5026 nulli
1640 4963 1776 5026 omnino
1795 4962 1967 5026 hominum

1171 5055 1271 5120 liceat
1280 5055 1367 5120 hanc
1381 5057 1538 5134 paginam
1549 5059 1672 5124 nostre
1685 5059 1903 5135 protectionis
1914 5059 1969 5121 in-

1172 5152 1317 5228 tringere
1339 5155 1392 5216 uel
1412 5155 1445 5216 el
1467 5169 1555 5218 ausu
1580 5156 1760 5218 temerario
1786 5157 1966 5220 contraire.

1173 5250 1207 5312 Si
1228 5252 1301 5328 quis
1316 5253 1427 5314 autem
1445 5251 1508 5316 hoc
1522 5253 1688 5316 attentare
1705 5254 1966 5332 presumpserit,

1172 5348 1433 5425 indignationem
1459 5349 1695 5426 omnipotentis
1718 5350 1778 5414 Dei
1797 5351 1831 5414 et
1849 5351 1969 5414 beato-

1170 5461 1247 5510 rum
1257 5446 1348 5512 Petri
1362 5447 1396 5510 et
1411 5445 1507 5510 Pauli
1526 5447 1751 5524 apostolorum
1763 5451 1890 5526 ejusce
1907 5465 1969 5512 no-

1169 5543 1257 5610 uerit
1272 5543 1495 5610 incursurum.
1513 5545 1643 5616 Datum,
1659 5546 1723 5608 etc.
