4300 6392
349 283 410 346 5³5
966 279 1143 342 bonosii
1164 279 1209 340 ΙΙΙ
1230 279 1378 345 OPERA.
1595 375 1601 384 ¹
1932 277 1993 340 536

346 455 410 504 nos
424 439 465 508 de
482 437 680 503 voluntariis
701 439 845 516 amplius
867 436 1087 508 voluntarios,
1108 436 1142 499 el
1195 435 1418 514 preacipiendo
1446 435 1663 508 mandam-ns,
1690 435 1855 514 quatenus
1882 435 1992 505 eidem

348 535 390 598 de
412 536 574 615 promptis
594 535 719 598 efficias
740 533 973 613 promptiores.
998 533 1048 596 ad
1069 531 1142 594 baec
1195 532 1394 606 marchioni,
1419 534 1590 610 tamquam
1623 533 1758 594 domino
1797 533 1919 606 vestro,
1957 533 1993 596 et

348 633 560 696 serenitatem
576 632 667 694 tuam
683 629 724 692 ad
743 645 784 693 ea
797 630 940 693 libenter
955 629 1137 702 hortantes,
1196 629 1338 713 vicario,
1349 645 1388 690 ac
1403 629 1529 691 nuntiis
1544 632 1630 707 ejus,
1655 629 1827 692 humiliter
1852 630 1886 692 et
1903 630 1991 692 lide·

347 745 409 807 per
422 745 495 808 quae
505 732 573 791 Deo
586 729 698 790 valeas
711 728 908 804 propensius
923 725 1140 804 complacere,
1196 727 1275 787 liter
1288 726 1508 798 intendentes,
1523 725 1564 788 de
1572 725 1713 804 justitiis
1734 727 1804 788 suis
1817 728 1890 820 sine
1904 726 1992 790 dilli-

348 826 565 888 solllcitamus
592 825 720 900 regiam
749 823 996 896 celsitudinem,
1024 823 1143 900 pirate·
1196 822 1681 900 cultateeidemrespondeatie,
1694 824 1990 900 procertohaben·

349 939 413 984 nus
428 938 529 999 quum
543 921 659 982 vitium
675 920 815 982 haeresis
835 920 967 982 dicatur
989 919 1024 980 in
1040 921 1140 981 Lom-
1195 921 1257 989 les,
1274 917 1360 995 quod
1385 919 1415 978 si
1434 920 1600 995 praecepto
1621 920 1741 980 nostro·
1763 935 1991 998 praesumpse-

347 1017 464 1079 bardia
479 1018 657 1094 plurimum
673 1017 872 1089 excrevisse,
896 1015 982 1094 qnod
1002 1016 1141 1092 apparet
1197 1015 1273 1076 ritis
1288 1014 1430 1076 ulterius
1449 1014 1620 1082 reluctari,
1651 1029 1711 1076 nos
1735 1015 1778 1076 ad
1799 1017 1991 1093 reprimen-

348 1131 392 1178 ex
404 1115 529 1193 iniquis
540 1114 682 1186 statutis,
699 1129 772 1190 quae
788 1114 953 1192 pleraque
965 1113 1057 1174 illius
1070 1127 1143 1189 pro·
1197 1112 1276 1173 dam
1290 1111 1507 1175 insolentiam
1530 1112 1565 1173 et
1599 1111 1815 1174 rebellionem
1843 1116 1991 1176 vestram

347 1211 468 1274 vinciae
483 1211 634 1272 civitates
657 1213 773 1272 contra
794 1210 855 1271 Dei
869 1209 1051 1271 Ecclesiam
1071 1207 1144 1268 edi·
1196 1210 1317 1270 nostrae
1332 1223 1457 1273 manus
1465 1207 1646 1285 potentiam
1660 1209 1893 1270 extendemus..

348 1307 479 1381 derunt,
493 1309 609 1385 contra
623 1307 798 1370 haereticos
821 1309 855 1369 et
874 1305 1020 1368 lautores
1033 1320 1073 1367 ac
1087 1319 1144 1367 re-
1236 1302 1451 1382 Datumapud
1468 1303 1589 1368 Urbem
1603 1305 1768 1378 Veterem,
1784 1307 1816 1367 X
1826 1305 1993 1368 kalendas

349 1405 536 1482 captatores
560 1419 675 1468 eornm
701 1404 828 1466 statuas
853 1401 1141 1466 etservariiacias
1196 1400 1362 1474 octobris„
1376 1399 1586 1480 pontificatus
1610 1401 1717 1463 nostri
1750 1417 1838 1464 anno
1860 1405 1990 1482 qmnto.

348 1501 476 1580 aliquid
506 1501 643 1579 dignum
670 1501 764 1578 regie
793 1501 977 1578 maiestate,
1005 1499 1142 1578 ipsaque

350 1599 473 1661 statuta
487 1601 646 1677 quantum
660 1597 702 1660 ad
717 1597 873 1674 capitula,
885 1612 959 1676 quae
974 1595 1015 1658 de
1030 1595 1142 1656 radice
1551 1585 1639 1675 LIX

349 1693 524 1772 pravitatis
535 1693 702 1756 baereticae
718 1691 914 1770 prodeuntia
927 1693 1005 1756 sunt
1027 1693 1142 1754 contra
1196 1711 1249 1772 Ad
1258 1713 1461 1776 Amanum
1474 1711 1727 1774 Anconitanum
1742 1715 1990 1776 ,mmmm

348 1789 536 1854 libertatem
558 1790 819 1852 ecclesiasticam
840 1789 1011 1860 attentata,
1035 1803 1141 1865 gene·
1215 1791 1222 1806 '
1387 1777 1389 1782 ’
1487 1823 1522 1882 2,
1536 1831 1608 1896 sept.
1620 1823 1701 1884 ¹220.

350 1888 467 1950 naliter
480 1903 594 1950 casses
609 1889 643 1950 et
659 1887 835 1965 praecipias
847 1885 1052 1964 abjuramus
1067 1885 1144 1947 lide·
1408 1926 1538 1994 [rienes.
1552 1928 1570 1980 ΙΙ
1582 1943 1616 1989 s,
1630 1929 1671 1989 53,
1682 1944 1710 1984 m
1721 1930 1775 1996 ⁸⁹·l

348 1983 400 2046 les
412 1985 565 2048 videntes
581 1983 689 2046 zelum
710 1987 804 2046 tuum
826 1983 1143 2046 circaddemetDei

350 2081 534 2143 Ecclesiam
544 2083 662 2144 merito
674 2080 895 2157 gratulemur,
905 2095 965 2155 per
973 2081 1030 2142 tua
1042 2095 1143 2157 Opem
1196 2025 1355 2086 lleroblonl
1365 2026 1545 2084 anconitano
1563 2035 1592 2086 et
1606 2029 1719 2086 &tensi
1732 2026 1858 2102 pontifex
1882 2027 2002 2103 signin·

1232 2115 1443 2184 ostentantis
1457 2113 1634 2174 llsrcbianis
1650 2131 1683 2175 se
1700 2115 1865 2188 mandasse,
1879 2125 1911 2178 ut
1935 2117 1995 2190 ipsi

239 2165 242 2174 ’
350 2178 600 2254 cognoscentes,
609 2181 642 2240 te
654 2176 696 2240 ad
710 2176 872 2240 bonorum
880 2175 1012 2239 laudem
1024 2178 1058 2238 et
1071 2191 1144 2238 ma·
1231 2201 1367 2261 ,mim
1380 2203 1456 2262 ,κω
1469 2205 1586 2262 mun,

350 2273 458 2336 lorum
480 2273 661 2338 vindictam
683 2274 831 2352 gladium
851 2272 1025 2335 aDomino
1046 2287 1144 2336 acce-
1238 2309 1722 2389 Honoriusepiscopusrmvus
1734 2315 1985 2386 servorum&

351 2371 451 2480 ΡΨ·
468 2370 586 2432 Datum
614 2370 735 2481 Urbem
747 2372 951 2480 vetefemffl·
968 2367 1141 2450 (mmm)
1196 2406 1316 2470 dilecto
1328 2407 1397 2469 tilio
1409 2407 1514 2470 nobili
1527 2409 1600 2471 viro
1610 2411 1993 2485 bezolinoanconitano

349 2467 561 2546 ponnflcatus
577 2468 681 2530 nostri
694 2483 782 2530 anno
795 2468 922 2547 quinto.

1198 2617 1270 2664 cam
1286 2601 1561 2666 benedictionem.

682 2656 813 2744 LVIII
1238 2699 1309 2772 llis,
1330 2715 1404 2777 quse
1423 2700 1480 2762 tua
1502 2699 1598 2762 nobis
1618 2701 1795 2779 prudentia
1809 2701 1988 2778 intimavit,

388 2787 650 2852 Adreeloreset
666 2793 809 2882 populos
831 2787 1056 2851 Anconitcnoe
1069 2787 1103 2849 ct
1197 2810 1273 2858 cum
1287 2795 1459 2873 diligentia
1482 2796 1671 2871 intellectis,
1695 2799 1889 2876 scripsimus
1908 2801 1993 2862 uni-

634 2885 857 2948 remanare.
1197 2893 1304 2955 versis
1318 2907 1378 2972 per
1391 2895 1632 2957 anconitanam
1658 2895 1842 2960 biarchiam
1863 2898 1994 2961 consti-

596 3006 632 3064 η
642 3005 782 3079 ,eptem
796 3005 875 3065 libo.
1195 2991 1287 3063 tutis,
1301 2993 1337 3054 ut
1345 2991 1406 3053 tibi
1416 2992 1503 3054 sicut
1514 2991 1641 3055 vassali
1651 2991 1785 3056 domino
1799 3008 1840 3056 ac
1848 2993 1989 3068 vicario,

561 3119 684 3186 [Theium.
702 3119 826 3180 ibfflwffl.
841 3119 933 3186 mm
1197 3089 1230 3150 et
1244 3088 1447 3150 ssllllffisstllis
1462 3087 1633 3152 humiliter
1658 3091 1692 3154 Gt
1714 3089 1856 3154 fideliter
1881 3090 1995 3154 inton-

349 3225 434 3287 iubet
448 3227 561 3300 popum
572 3159 760 3286 Anwni;anae
786 3234 841 3285 ew·
857 3185 899 3285 'm
918 3225 1053 3284 obediant
1071 3223 1141 3284 fide·
1197 3184 1324 3294 dentes,
1340 3184 1381 3246 de
1396 3185 1548 3247 omnibus
1558 3185 1699 3296 justitiis
1711 3186 1778 3248 tuis
1791 3186 1853 3249 libi
1872 3189 1994 3251 curent

550 3315 613 3372 mer
626 3266 939 3374 molino’mm’hionL
1198 3281 1271 3344 sine
1289 3281 1483 3344 difficultate
1508 3282 1655 3361 qualibet
1680 3283 1893 3362 respondere,
1922 3284 1991 3347 nisi

1196 3379 1313 3441 volunt
1338 3394 1456 3440 manus
1476 3380 1605 3442 nostrae.
1623 3381 1804 3457 potentiam
1825 3381 1988 3459 experiri.

1196 3478 1246 3537 ‘ru
1264 3475 1367 3553 igitur
1389 3475 1430 3538 de
1451 3477 1565 3539 nostro
1588 3475 1703 3539 lavore
1728 3493 1878 3550 securus,
1899 3478 1990 3558 quod

1196 3573 1257 3635 tibi
1268 3588 1368 3651 super
1377 3574 1440 3636 hoc
1454 3573 1577 3636 videris
1591 3575 1760 3652 expedire,
1772 3574 1877 3638 iacias
1901 3575 1992 3638 viri·

1196 3671 1274 3732 liter
1290 3685 1329 3732 ac
1347 3671 1538 3749 prudenter.
1553 3672 1671 3734 Datum
1686 3671 1773 3749 apud
1788 3671 1909 3735 Urbem
1924 3675 1995 3736 Va-

1195 3767 1362 3838 teremit
1383 3767 1451 3828 kal.
1474 3767 1630 3842 octobris,
1650 3769 1861 3846 pontificatus
1884 3772 1999 3833 nostri

1197 3879 1285 3926 anno
1300 3863 1426 3943 quinto.

388 3431 555 3495 Honorius
566 3433 875 3511 episcopusservus
888 3446 1061 3494 servorum
1070 3431 1141 3504 Dei,

347 3526 533 3590 rectoribus
545 3529 580 3590 et
595 3529 726 3606 populis
739 3528 957 3590 anconitana
970 3529 1004 3590 et
1015 3529 1144 3588 Huma-

349 3623 439 3686 natis
469 3624 641 3687 cintatum
670 3627 703 3688 et
728 3625 984 3697 Roranatensia,
1014 3622 1142 3685 castelli

351 3721 497 3794 Ficardi,
527 3721 670 3799 Cinguli,
697 3723 731 3784 et
758 3721 931 3784 Monticuli
957 3721 1141 3782 castrorum

347 3818 508 3882 blarcbiae
541 3819 769 3892 Anconitanae,
811 3817 965 3898 spiritum
1009 3818 1142 3880 consilii

349 3916 505 3978 sanioris.

387 4013 522 4076 Totiens
536 4013 631 4078 vobis
646 4014 777 4078 dedisse
791 4014 969 4078 recolimus
990 4015 1025 4076 ln
1046 4029 1143 4075 man·
1557 3969 1625 4058 Lx

348 4111 446 4181 uatis,
469 4113 506 4174 ut
526 4111 647 4176 arrecto
673 4113 743 4176 sco
765 4113 869 4176 nonio
888 4113 962 4175 vno
985 4109 1142 4175 nezoiino
1197 4095 1250 4156 Ad
1272 4093 1499 4156 recessesunt
1524 4095 1559 4156 et
1578 4097 1665 4156 meos
1685 4097 1827 4170 preerat
1835 4094 1996 4170 nstrum

348 4210 568 4283 anconitano,
595 4212 629 4272 et
658 4210 789 4273 Estensi
821 4210 1020 4282 marchioni,
1056 4208 1143 4270 sicut
1498 4192 1688 4252 mmm·

351 4305 477 4366 vassali
492 4305 637 4379 domino,
660 4307 832 4370 intendere
858 4307 1031 4379 curaretis,
1054 4304 1142 4384 quod
1445 4302 1633 4376 boseptemb.
1652 4304 1731 4362 litt).

352 4417 419 4464 non
443 4417 618 4480 possumus
636 4419 702 4465 non
721 4404 851 4473 mirari,
880 4403 1040 4482 quosdam
1065 4417 1143 4464 res·
1260 4408 1408 4474 [valdus.
1420 4409 1512 4460 anno.
1526 4409 1634 4460 lmtmm
1643 4409 1778 4470 nmomm.
1790 4415 1811 4462 t.
1826 4411 1847 4466 1.
1859 4409 1927 4476 att]

347 4501 435 4560 num
450 4514 549 4561 aures
562 4498 675 4562 nostro
683 4501 777 4576 justo
802 4501 958 4562 mandato
981 4500 1142 4563 hactenus
1197 4505 1332 4567 Prohibet
1346 4522 1383 4566 ne
1404 4486 1669 4580 ad'prolessiooem
1691 4508 1720 4564 lu
1746 4507 1847 4566 ordine
1872 4507 1992 4567 imtrnm

348 4594 533 4666 obturasse.
549 4611 625 4657 cum
641 4595 736 4658 vobis
758 4597 897 4668 constet,
918 4595 1142 4673 apostolicam
1233 4596 1375 4655 itinerum
1390 4595 1493 4667 aliquis
1507 4595 1681 4666 admittatur,
1698 4596 1753 4653 niel
1763 4604 1828 4669 post
1839 4609 1946 4654 annum
1960 4597 1992 4655 ln

350 4691 480 4764 Sedem,
493 4691 712 4754 consideratis
723 4692 851 4754 meritis
862 4693 962 4755 clarae
973 4693 1142 4754 memoriae
1233 4684 1401 4758 li⁰b⁸tl⁰⁰0
1414 4683 1554 4758 ‘illitum-

346 4787 495 4849 bozolini
506 4787 710 4850 marchionis
724 4787 884 4861 Estensis,
900 4788 1143 4851 anconitanam
1237 4791 1416 4864 Honorius,
1432 4792 1507 4864 etc,
1522 4791 1654 4855 dilectis
1673 4792 1753 4856 liliis
1767 4790 1864 4855 tratri
1884 4793 1994 4855 Fran-

347 4883 542 4959 Marcbiam,
555 4901 628 4963 quae
639 4884 797 4948 Ecclesiae
809 4886 968 4949 Romenae
988 4885 1143 4962 specialis
1198 4889 1288 4952 oisco
1314 4891 1347 4952 et
1379 4889 1456 4952 aliis
1491 4888 1669 4966 prioribus,
1701 4905 1762 4952 seu
1799 4889 1992 4954 custodibus

348 4980 474 5055 existit,
515 4983 721 5046 concessisse
764 4983 800 5044 in
844 4982 972 5046 rectum
1008 4981 1143 5048 seudum
1198 4985 1364 5048 Minorum
1383 4985 1535 5059 fratrum,
1561 4985 1702 5050 salutem
1725 4987 1759 5049 et
1776 4987 1993 5064 apostolicam

344 5070 534 5142 marchioni
549 5078 719 5158 praedicto,
737 5082 856 5158 atejus
872 5079 1080 5156 haeredibus;
1104 5095 1144 5142 ec
1198 5082 1474 5146 benedictionem.

343 5177 537 5256 praedictum
552 5179 744 5239 Aczolinum
764 5180 879 5241 natum
905 5181 977 5256 ejus
1006 5177 1046 5239 de
1071 5177 1144 5255 ipsa
1238 5181 1320 5241 (lum
1334 5179 1516 5243 secundum
1528 5180 1706 5242 consilium
1722 5181 1894 5258 sapientis,
1906 5181 1993 5242 nibil

347 5275 565 5337 nibilominus
579 5275 767 5338 investisse.
784 5277 865 5339 (lum
887 5276 989 5352 igitur
1009 5275 1144 5339 feudum
1199 5277 1243 5340 sit
1263 5277 1336 5338 sine
1348 5277 1489 5340 consilio
1503 5276 1703 5352 laciendum,
1720 5293 1763 5340 ne
1781 5281 1857 5356 post
1869 5277 1993 5341 lactum

346 5363 456 5452 ipsum
468 5372 576 5435 eidem
590 5373 758 5446 bezolino,
782 5373 871 5436 sicut
890 5373 985 5436 decet
1002 5375 1145 5450 Aposto-
1199 5374 1369 5453 poenitudo
1381 5376 1550 5454 sequatur,
1566 5375 1701 5453 expedit
1715 5376 1853 5439 cuilibet
1871 5375 1996 5438 celsio-

347 5471 422 5533 licae
439 5469 534 5532 Sedis
547 5470 780 5543 constantiam,
795 5469 994 5534 omnimodis
1006 5485 1146 5532 conser—
1198 5473 1246 5534 ris
1261 5473 1324 5534 vise
1349 5472 1557 5551 propositum
1581 5488 1791 5552 aggressum,
1808 5475 1844 5536 ut
1867 5489 1994 5552 praece-

349 5585 431 5634 vare
449 5569 599 5642 velimus,
617 5568 826 5631 universitati
852 5570 973 5632 vestrae
994 5567 1144 5630 districte
1199 5569 1278 5632 dant
1293 5569 1459 5648 palpebrae
1479 5585 1614 5646 gressus
1632 5587 1722 5644 suos,
1750 5571 1839 5637 vires
1865 5571 1996 5634 scilicet

904 5737 915 5775 Ι

1199 2505 1232 2567 et
1245 2505 1373 2568 Estansi
1395 2506 1593 2580 marchioni,
1614 2507 1802 2572 salutemet
1823 2508 2004 2588 apostolie-
2133 2543 2134 2574 t
