4230 6388
978 272 1155 334 HONORII
1177 273 1222 334 111
1244 271 1390 334 OPERA.
1960 270 2027 333 'ici

351 277 424 341 ’763

365 437 572 503 Coloniensis
598 433 878 510 archiepiscopus,
904 447 924 492 e
957 431 1061 494 nobili
1083 433 1156 494 viro
1211 433 1402 510 episcopum
1421 405 1626 503 consecrato,
1648 429 1755 492 eidem
1773 431 1919 494 suadere
1936 431 2024 493 stu-

364 537 518 601 Jobenne
539 531 673 596 Bobono
702 529 774 594 cive
797 532 948 592 Romano
965 544 1025 606 per
1039 544 1157 592 manus
1211 529 1354 601 iluimus
1390 529 1426 590 ut
1455 527 1674 606 praebendam,
1705 543 1804 606 quam
1832 529 1869 589 in
1896 531 2025 592 vestra

153 655 159 664 ·
247 683 258 701 ,
364 631 478 694 dilecti
497 630 557 690 iiiii
582 629 688 690 nostri
708 627 882 704 Stephani,
899 627 1054 687 Basilicas
1070 625 1157 687 duo·
1213 625 1381 688 obtinebat
1395 625 1538 686 ecclesia
1559 626 1727 698 retineret,
1752 627 1919 702 quatenus
1939 627 2025 703 ipse

367 729 474 792 decim
495 726 719 802 apostolorum
749 723 935 803 presbyteri
965 723 1156 794 cardinalis,
1213 723 1276 782 hoc
1291 721 1420 798 plenius
1436 721 1471 781 in
1486 721 1636 784 ecclesiae
1652 722 1861 783 devotionem
1876 723 2022 783 retine-

367 823 524 887 Ecclesiae
545 825 702 884 Romanae
721 819 908 894 camerarii,
932 820 1045 881 mutuo
1065 834 1160 880 rece-
1212 818 1306 879 retur
1329 816 1488 895 ejusdem.
1511 819 1575 880 Sed
1597 817 1632 878 in
1647 819 1740 880 nulia
1755 819 1925 880 suasionis
1942 819 2024 878 ins-

367 921 473 1000 persi,
503 919 591 981 sicut
615 920 651 979 in
675 917 797 980 litteris
820 918 916 979 bonae
943 917 1113 977 memoriae
1132 917 1157 976 Ι.
1212 915 1320 978 tantia
1335 915 1501 993 potuimus
1513 915 1680 988 obtinere;
1697 915 1784 978 unde
1799 917 1969 986 volentes,
1985 919 2025 978 ut

368 1034 462 1096 papae
487 1015 741 1094 predecessoris
765 1013 871 1076 nostri
893 1013 1024 1092 plenius
1052 1013 1161 1074 conti·
1215 1015 1286 1090 eJus
1309 1013 1440 1074 affectio
1461 1012 1595 1089 abipsa
1619 1013 1760 1074 ecclesia
1780 1027 1848 1073 non
1862 1011 2023 1084 recedat,

256 1137 261 1146 ·
369 1119 478 1188 nebir,
493 1113 589 1175 nobis
602 1113 737 1174 nomine
750 1112 861 1173 restro
876 1110 1084 1188 persolverit,
1101 1125 1160 1171 vos
1215 1107 1424 1186 praebendam
1440 1109 1545 1186 ipsam
1560 1109 1680 1172 diiecto
1698 1108 1768 1169 tilio
1780 1107 1918 1180 Jacob0,
1932 1113 2023 1170 nato
2084 1181 2085 1184 Ἴ

368 1211 538 1274 abeodem
552 1209 660 1272 debito
680 1208 859 1286 quitantes,
874 1207 1055 1284 praesentes
1070 1207 1162 1268 litte-
1215 1207 1335 1269 nobilis
1372 1207 1439 1270 riri
1483 1208 1622 1270 ioannis
1657 1207 1823 1285 cajetani,
1859 1207 2023 1283 germani

368 1325 424 1370 ras
436 1323 536 1385 super
545 1307 608 1369 hoc
622 1306 776 1366 dommus
790 1291 830 1365 in‘
843 1303 1065 1366 testimonium
1081 1319 1163 1365 cou-

370 1405 544 1468 oedendas.
555 1405 676 1466 Datum
700 1402 867 1470 Laterani,
883 1403 928 1462 vi
941 1401 1018 1462 idus
1030 1400 1159 1478 aprilis,

370 1501 581 1580 pontificatus
593 1499 700 1564 nostri
714 1514 802 1561 anno
813 1499 941 1576 quinto.

673 1621 856 1765 cccxix

390 1787 442 1886 Ad
463 1825 686 1898 praepositum
714 1809 864 1882 ecciesiae
885 1821 923 1880 in
943 1819 1140 1892 Heraclidae.

661 1939 678 2000 8
694 1937 776 2014 april.
789 1939 869 1998 iiii.

448 2057 606 2122 [Heinemam
623 2055 709 2108 Codex
725 2053 890 2114 Anbaiiiuus,
902 2069 928 2120 p.
940 2054 981 2113 ie,
995 2068 1021 2104 n.
1034 2053 1086 2119 td]
1124 2101 1126 2106 .

373 2167 424 2224 tus
438 2169 605 2236 patronatus
624 2162 655 2218 in
675 2159 845 2232 quibusdem
862 2161 991 2218 ecclesiis
1003 2159 1162 2218 confirmet.

412 2279 579 2340 Honorius
590 2278 775 2354 episcopus,
786 2291 902 2338 servus
910 2289 1080 2337 servorum
1091 2275 1162 2348 Dei,

1216 1302 1363 1381 eJusdem
1389 1305 1547 1382 episcopi,
1578 1304 1734 1365 duximus
1761 1303 2022 1376 conserendam,

1216 1401 1252 1462 ut
1277 1400 1452 1476 episcopus
1474 1401 1545 1476 ipse
1567 1415 1606 1461 ac
1634 1401 1687 1460 sui
1702 1401 1765 1462 boc
1783 1400 1919 1462 vinculo
1936 1415 2021 1461 me-

1215 1495 1327 1558 diante
1348 1497 1455 1557 eidem
1478 1497 1628 1558 ecciesiae
1650 1497 1845 1558 remaneant
1859 1495 2019 1573 obligati,

1215 1591 1355 1670 ideoque
1368 1591 1464 1654 vobis
1477 1607 1536 1670 per
1548 1594 1737 1671 Apostolica
1751 1595 1875 1670 scripta
1889 1595 2022 1672 praeci-

1193 1691 1335 1768 ,piendo
1364 1691 1579 1760 mandamus,
1608 1691 1770 1770 quatenus
1802 1691 2020 1768 procuratori

1193 1785 1194 1792 ’
1218 1799 1278 1848 suo
1294 1789 1365 1866 ejus
1378 1788 1523 1861 nomine,
1541 1789 1674 1849 stallum
1688 1789 1725 1848 iu
1740 1787 1841 1849 choro
1857 1789 1889 1849 et
1901 1789 2019 1850 locum

1194 1933 1195 1970 3
1217 1881 1252 1943 in
1270 1887 1413 1962 capitulo
1425 1887 1647 1964 assignantes,
1664 1883 1790 1946 fructus
1801 1885 1908 1962 ipsius
1925 1903 2020 1963 prae-

1194 1981 1332 2043 bennae
1357 1982 1538 2044 decaetero
1560 1983 1712 2044 exbiberi
1735 1982 1866 2044 iacietis
1890 1983 2015 2044 eidem.

1195 2114 1196 2154 3
1218 2079 1286 2141 Nos
1311 2081 1399 2142 enim
1425 2079 1634 2143 decernimus
1653 2081 1795 2153 irritum,
1820 2081 1848 2140 si
1864 2079 1904 2141 de
1920 2097 2015 2158 prae-

1217 2176 1325 2238 benda
1337 2166 1411 2254 ipsa
1432 2193 1528 2239 secus
1542 2178 1643 2240 luerit
1657 2178 1783 2257 aliquid
1797 2179 2010 2240 attentatum.

1220 2275 1336 2336 Datum
1351 2275 1524 2348 Laterani,
1540 2274 1614 2336 idus
1629 2275 1758 2352 aprilis,
1775 2289 1863 2338 anno
1878 2276 2009 2352 quinto.

373 2375 493 2438 diiecto
501 2374 569 2436 illio
579 2373 757 2450 praeposito
765 2371 914 2434 ecclesiae
922 2373 957 2433 in
968 2372 1163 2448 Halieiinge,
1228 2427 1231 2434 .

373 2471 513 2534 salutern
533 2472 566 2532 et
578 2470 793 2550 apostolicam
805 2468 1080 2532 benedictionem.

412 2567 517 2632 iustis
541 2567 723 2644 petentium
748 2565 924 2628 desideriis
950 2565 1086 2642 dignum
1114 2568 1166 2629 est

372 2681 433 2728 nos
446 2665 577 2727 facilem
587 2663 736 2741 praebere
750 2677 948 2724 consensum
960 2663 1079 2726 etvota
1091 2679 1165 2740 quae

373 2779 395 2826 a
417 2761 559 2824 rationis
584 2761 717 2822 tramite
742 2773 809 2822 non
827 2759 1028 2832 discordent,
1045 2755 1167 2822 effectu

373 2858 594 2938 prosequente
621 2856 800 2934 complere.
824 2856 1019 2934 liepropter,
1046 2857 1166 2920 dilecte

373 2957 409 3018 in
423 2956 562 3017 Domino
584 2953 642 3024 nii,
675 2952 796 3014 nobilis
816 2953 882 3014 viri
901 2953 996 3014 ducis
1011 2955 1166 3016 saxoniae

372 3051 526 3132 precibus
537 3050 700 3118 inclinati,
711 3053 767 3127 jus
781 3048 986 3124 patronatus,
998 3051 1085 3127 quod
1100 3065 1120 3112 a
1134 3051 1167 3112 te

372 3151 410 3212 in
433 3147 612 3219 Stasiorde,
637 3146 828 3219 Wininuge,
845 3145 1018 3218 Cokstede,
1037 3147 1166 3208 Aidon-

373 3247 467 3322 dorp,
488 3243 697 3318 Lakesdorp,
724 3241 892 3318 Nendorp,
927 3245 959 3304 et
988 3243 1167 3306 Nienstede

373 3339 524 3404 ecoiedis
539 3340 669 3403 ratione
682 3339 911 3414 prepositurae
923 3339 990 3402 tuae
1000 3341 1167 3416 pertinere

374 3437 542 3515 proponis,
558 3437 644 3500 sicut
666 3436 750 3496 illud
773 3436 865 3512 juste
890 3452 930 3498 ee
956 3438 1093 3513 pacifice
1106 3437 1168 3500 ob-

372 3535 470 3606 tines,
481 3533 542 3594 tibi
556 3533 590 3596 et
600 3547 659 3609 per
676 3532 710 3594 te
724 3532 875 3594 ecclesiae
887 3534 954 3594 tua
969 3534 1167 3596 auctoritate

373 3630 563 3706 Apostolica
578 3629 852 3691 confirmamuset
865 3630 1039 3705 praeseutis
1052 3631 1167 3707 scripti

375 3727 561 3805 patrocinio
576 3725 827 3788 communimus.
836 3725 930 3788 Nulli
944 3741 1022 3803 ergo
1033 3727 1167 3790 omnino

374 3823 545 3888 bominum
560 3824 660 3886 liceat
674 3823 761 3886 banc
781 3823 937 3900 peginam
950 3823 1072 3886 nostroe
1086 3839 1168 3888 con·

374 3921 572 3984 firmationis
592 3919 786 3997 infringere,
811 3921 864 3982 vei
879 3919 911 3982 ei
925 3935 1010 3982 ausu
1024 3922 1169 3984 temera-

374 4019 426 4081 rio
438 4017 615 4084 contraire.
633 4017 756 4094 Siquis
771 4019 892 4091 eutem,
905 4017 967 4080 etc.

414 4116 532 4178 Datum
555 4114 722 4186 Laterani,
739 4117 783 4178 Vi
794 4114 870 4178 idus
884 4115 1012 4192 aprilis,
1028 4115 1167 4192 pontiti·

375 4211 468 4274 catus
480 4211 586 4272 nostri
602 4225 688 4272 anno
704 4211 829 4286 quinto.

688 4391 850 4481 CGGXX

375 4541 426 4601 Ad
453 4538 668 4599 &aldelmum
693 4539 888 4612 episcopam
918 4540 952 4600 et
979 4541 1167 4614 capitulum

680 4637 856 4696 Porisiee.

657 4755 690 4812 io
705 4754 785 4827 april.
805 4753 882 4813 iiii.

522 4868 638 4934 [Ugheili
652 4869 726 4920 italia
741 4870 823 4930 Sacra,
835 4875 855 4920 t.
875 4870 895 4928 1,
909 4884 935 4934 p.
950 4869 1015 4936 ida]
1127 4891 1130 4896 ·

374 4977 424 5036 Eis
437 4975 563 5046 mandat,
588 4983 619 5034 ut
635 4974 829 5050 praebendam,
852 4990 938 5047 quem
956 4975 1167 5036 Aiebreudinus

409 5065 571 5137 caietanus,
596 5063 740 5137 quondam
762 5065 792 5120 S.
814 5063 952 5120 Sinam
965 5063 1059 5135 presb.
1072 5065 1164 5124 cerdi-

408 5153 485 5212 neiie
499 5153 529 5210 in
542 5152 730 5211 Sebineneem
740 5149 906 5224 episcopum
922 5153 1164 5212 coneemetusob·

408 5237 877 5312 tinuit,ieooboe1'esdemnopoii,
888 5237 1048 5298 ooniemm.

412 5357 596 5427 Honorius,
613 5356 676 5417 etc.

411 5451 603 5516 Venerabili
625 5450 727 5512 fratre
741 5449 856 5514 nostro
871 5451 1036 5531 quondam
1052 5455 1085 5518 S.
1103 5455 1169 5518 Su-

373 5565 486 5613 sannae
518 5546 626 5625 presb.
661 5545 841 5622 cardinali,
877 5551 913 5612 in
949 5550 1167 5617 sabinensem

1524 2461 1708 2550 oooxxi

1279 2605 1331 2664 Ad
1344 2604 1505 2665 comittem
1518 2605 1552 2666 et
1568 2607 1732 2680 populum
1746 2606 1950 2680 spoletinos.

1500 2725 1534 2783 ii
1552 2726 1633 2798 april.
1654 2725 1733 2784 iiii.

1349 2833 1468 2902 [kalone
1479 2835 1590 2890 Historia
1599 2839 1693 2902 crinea
1706 2845 1725 2890 t.
1738 2841 1770 2900 V,
1780 2855 1806 2906 p.
1817 2841 1885 2906 isi]

1221 2944 1256 3002 Ut
1282 2943 1398 3002 sclavos
1423 2953 1452 3002 et
1478 2947 1654 3004 Dalmatiuos
1677 2947 1725 3020 qui
1751 2947 1822 3005 aiios
1843 2949 2013 3007 christianos

1256 3032 1372 3104 piratica
1393 3031 1471 3090 rabie
1493 3033 1614 3106 spolient
1635 3047 1723 3093 mauu
1748 3035 1857 3108 potenti
1880 3036 2013 3094 studeant

1255 3120 1294 3177 de
1306 3121 1366 3177 suis
1381 3119 1484 3178 tinibus
1499 3123 1661 3197 profligare.

1260 3237 1427 3298 Honorius
1437 3239 1622 3324 episcopus,
1635 3255 1751 3304 servus
1760 3257 1934 3304 servorum
1941 3245 2011 3311 liei,

1221 3329 1350 3396 dilectis
1365 3335 1444 3396 fliiis
1459 3337 1572 3398 comiti
1587 3339 1619 3400 et
1631 3339 1751 3416 populo
1766 3339 1906 3418 Spalati,
1922 3341 2013 3402 salu-

1221 3431 1285 3492 tem
1302 3431 1334 3492 et
1348 3433 1563 3508 apostolicam
1579 3433 1855 3498 benedictionem.

1259 3525 1353 3588 Tecti
1378 3539 1491 3589 sumus
1520 3529 1634 3591 dolore
1662 3531 1773 3592 cordis
1797 3533 2011 3606 intrinsecus,

1221 3621 1319 3700 quod,
1338 3623 1424 3687 sicut
1442 3625 1640 3699 audivimus,
1658 3629 1736 3690 novi
1758 3631 1874 3691 contra
1893 3631 2011 3692 Chris-

1220 3719 1290 3781 tum
1314 3717 1427 3782 hostes
1450 3723 1633 3798 proditorie
1651 3725 1862 3803 insurgentes
1883 3727 2011 3804 tempus

1198 3823 1199 3832 ¹
1220 3811 1364 3875 faciendi
1377 3815 1484 3890 legem
1495 3819 1567 3894 ejus
1580 3817 1743 3895 dissipare
1758 3819 1926 3897 nituntur;
1937 3823 2012 3900 quia

1198 3937 1199 3972 ;
1221 3909 1354 3988 quidam
1371 3911 1481 3976 Sciavi
1497 3916 1529 3976 et
1543 3915 1755 3990 Dalmatiam,
1775 3919 1927 3994 quamvis
1941 3935 2012 3982 cen·

1221 4009 1359 4070 seentur
1374 4009 1508 4074 nomine
1526 4011 1726 4086 Christiano,
1750 4017 2009 4092 crucesignatos

1221 4105 1473 4168 transfretantes
1492 4109 1528 4170 in
1548 4111 1659 4172 Terrae
1679 4111 1808 4174 Sanctae
1829 4113 2011 4176 subsidium

1221 4199 1262 4264 ad
1274 4202 1466 4281 obsequium
1479 4209 1497 4268 J
1500 4219 1560 4267 esu
1575 4205 1709 4282 Christi,
1724 4210 1757 4270 et
1768 4207 1853 4270 aiios
1864 4211 2010 4272 christia·

1220 4311 1281 4360 nos
1291 4299 1432 4376 piratica
1444 4302 1537 4364 rabie
1553 4305 1709 4382 spoliant,
1726 4307 1863 4384 capiunt
1876 4309 1910 4370 et
1923 4307 2011 4369 occi-

1199 4393 1316 4472 -duni3
1343 4401 1376 4460 et
1402 4397 1495 4462 velut
1516 4401 1645 4479 vulpes,
1674 4401 1835 4466 habentes
1860 4406 2010 4482 proprias

1221 4491 1346 4567 foveas,
1364 4495 1530 4558 interdum
1551 4497 1696 4573 latitant,
1719 4501 1817 4578 capta
1837 4501 1959 4579 praeda,
1975 4505 2011 4566 ut

1220 4591 1317 4667 quasi
1345 4603 1388 4653 ex
1415 4593 1592 4656 intervallo
1623 4597 1804 4660 securitate
1829 4599 2008 4676 promissa,

1222 4686 1460 4764 subsequenter
1490 4689 1574 4752 aiios
1603 4691 1755 4755 incautos
1781 4693 1949 4768 invadant,
1975 4698 2011 4758 ut

1221 4779 1341 4843 iterum
1372 4784 1637 4850 Christianorum
1662 4789 1728 4852 iter
1754 4788 1945 4864 observant,
1974 4795 2011 4853 ut

1221 4877 1452 4956 depraedentur
1464 4882 1609 4956 eosdem,
1630 4885 1674 4958 et,
1696 4886 1781 4963 quod
1800 4888 1851 4949 est
1863 4889 2007 4964 marius,

1221 4974 1427 5039 immanitate
1442 4980 1607 5058 perimant
1624 4981 1782 5045 humana.
1798 4983 1877 5056 Quis
1897 5000 1972 5062 ergo
1989 5001 2009 5048 a

1220 5073 1312 5135 tanto
1334 5073 1485 5138 netandae
1499 5077 1698 5154 proditionis
1719 5079 1834 5142 auditu
1848 5083 1882 5144 et
1895 5097 1915 5143 a
1930 5097 2010 5144 voce

1220 5169 1288 5232 tarn
1302 5170 1483 5246 peculiaris
1501 5173 1639 5237 malitiae
1653 5188 1721 5238 non
1733 5177 1917 5254 stupescati
1933 5179 2010 5252 Quis

1222 5266 1347 5328 taniam
1362 5267 1485 5330 christi
1499 5268 1734 5334 contumeliam
1745 5285 1814 5335 non
1829 5275 1965 5350 zeletur,
1978 5277 2011 5339 et

1222 5363 1360 5425 horrore
1388 5366 1576 5442 perculsus,
1602 5382 1670 5430 non
1695 5371 1856 5448 exsurgat
1880 5373 1922 5434 ad
1945 5375 2011 5436 tam

1221 5461 1368 5522 atrocem
1393 5463 1623 5542 Redemptoris
1650 5466 1810 5544 injuriam
1835 5469 2011 5532 vindicen-

1221 5556 1309 5630 dam,
1325 5557 1404 5623 dum
1418 5559 1563 5622 ministri
1578 5563 1661 5638 ejus,
1677 5563 1733 5639 qui
1747 5563 1864 5628 fundat
1878 5568 1912 5628 et
1929 5569 2013 5645 regit
