4248 6410
976 339 1150 401 HONORlI
1173 341 1217 401 111
1240 341 1387 401 OPERA.
1408 370 1411 376 ·

684 535 829 621 ccxci

357 679 409 738 Act
423 679 627 750 3313333333,
640 677 676 736 G.
689 678 860 748 Natalem,
872 677 906 738 ct
920 681 962 738 P.
976 679 1153 738 113131333-

482 775 563 844 dem
577 777 758 834 canonicos
772 776 1038 835 Xmmtonenses.

642 906 675 962 13
687 913 771 964 mari.
789 906 867 963 llll.

398 1031 517 1096 [1133331.
529 1031 574 1080 lib.
584 1031 615 1090 v,
626 1030 699 1094 epist.
714 1030 769 1080 166.
781 1031 838 1080 1133.
849 1031 887 1082 La
895 1029 970 1080 Porta
981 1029 1017 1080 du
1027 1029 1119 1092 Thali]

358 1145 475 1206 Mandat
488 1146 531 1204 eis
542 1152 574 1203 ut
588 1146 754 1218 episcopum
769 1145 1021 1217 Engolismeusem
1036 1145 1071 1201 de
1086 1144 1154 1202 mul-

394 1236 430 1292 tis
451 1233 616 1292 enormibus
633 1241 785 1306 gravatum
807 1233 843 1290 ad
862 1233 1089 1306 resipiscentiam
1108 1235 1151 1290 iu·

393 1322 509 1381 ducant.

398 1448 577 1520 Honorius,
594 1449 669 1521 etc,
684 1449 867 1511 venerabili
886 1448 982 1510 tratri
998 1449 1153 1525 episcopo

357 1545 390 1606 et
404 1545 571 1620 magistris
587 1548 620 1605 G.
637 1547 760 1618 Natali,
777 1548 809 1608 et
825 1550 861 1607 P.
876 1545 1154 1618 (1313331333-

359 1640 489 1700 nonicis
501 1641 801 1702 xanctonensibus.

398 1739 472 1798 Non
496 1740 545 1799 est
573 1741 659 1799 Deus
685 1739 719 1798 in
744 1727 922 1816 conspectu
954 1738 1153 1800 venerabilis

358 1833 1153 1912 1313333313...133311333333133331,313333

358 1933 499 2003 333133,
517 1945 590 2008 quae
605 1932 701 1992 nobis
717 1933 757 1992 de
773 1935 843 1992 suis
858 1932 987 1994 actibus
1009 1933 1087 1994 sunt
1098 1947 1155 1992 re-

357 2025 438 2090 lata.
452 2029 543 2089 Licet
556 2029 656 2099 enim,
665 2029 750 2090 31331
760 2029 871 2089 1113311
882 2029 943 2090 lilii
952 2033 991 2090 A.
1003 2031 1036 2090 et
1046 2033 1084 2091 R.
1096 2045 1154 2090 ca-

357 2126 470 2188 nonici
485 2124 752 2200 Engolismenses
767 2126 891 2186 nostris
911 2125 1048 2186 auribus
1070 2125 1153 2187 inti-

359 2221 502 2294 marunt,
534 2221 641 2282 felicis
669 2222 910 2283 recordationis
942 2223 1153 2284 Innocentius

358 2336 454 2398 papa,
469 2318 693 2396 praedecessor
714 2320 838 2392 noster,
860 2319 968 2380 eidem
994 2320 1154 2381 direxerit

358 2418 481 2496 scripta
496 2433 568 2490 sua,
585 2417 623 2479 ut
638 2431 757 2494 graves
778 2433 946 2490 excessua,
962 2433 1044 2494 quos
1058 2416 1153 2478 dice·

357 2514 454 2574 batur
475 2515 510 2575 in
532 2513 650 2576 salutis
665 2529 734 2576 suae
750 2515 971 2590 dispendium,
987 2517 1021 2576 st
1043 2515 1153 2591 pluri-

356 2625 486 2674 morum
513 2612 707 2674 scandalum
727 2612 954 2685 commisisse,
971 2611 1155 2687 corrigeret

356 2709 587 2784 perseipsum,
602 2691 673 2786 ipse
687 2709 880 2772 tamennon
896 2709 1004 2770 solum
1026 2709 1059 2770 id
1076 2708 1153 2771 estl-

358 2819 433 2866 cere
460 2821 527 2865 non
551 2805 690 2878 curavit,
714 2822 829 2868 verum
858 2807 958 2868 31133
987 2805 1153 2883 prioribus

358 2904 474 2978 pejora
497 2903 716 2974 committens,
740 2905 900 2966 ecclesias
919 2906 953 2966 et
976 2901 1155 2965 ecclosias-

356 2999 424 3059 tica
436 2998 598 3060 beneficia
613 2999 760 3074 indignis
773 3001 924 3064 conterre
937 3001 1099 3078 personis,
1113 3001 1153 3062 de

357 3095 579 3157 matrimoniis
598 3093 708 3156 minus
727 3095 829 3158 licitis
842 3098 990 3174 praebere
1005 3113 1153 3159 consen-

356 3209 430 3254 sum
441 3193 474 3254 31
486 3193 782 3256 contractaillicite
791 3195 957 3258 sustinere
970 3195 1150 3272 praesumit,

356 3291 498 3368 pecunia
529 3291 706 3361 mediante,
728 3291 813 3352 alias
842 3294 877 3352 in
905 3293 1152 3368 derogationem

356 3387 557 3464 pontificalis
583 3387 685 3448 3111311
706 3385 814 3448 33113.
829 3391 979 3450 enormia
1001 3390 1154 3452 commit-

357 3483 457 3546 tendo
470 3505 478 3559 3
493 3484 580 3544 unde
599 3484 695 3544 nobis
718 3484 889 3547 humiliter
911 3487 1150 3563 supplicarunt,

357 3583 394 3644 31
417 3581 459 3643 31
483 3582 723 3648 correctionem
743 3597 858 3642 eorum
880 3599 998 3644 manus
1020 3587 1152 3646 nostras

359 3695 527 3757 apponere
549 3679 773 3756 dignaremur.
797 3679 912 3741 Adhuc
931 3681 1154 3757 1311333333-

358 3779 420 3839 riri
440 3777 590 3839 volentes
611 3779 719 3848 utrum
740 3777 925 3854 increpatio
951 3777 1072 3840 iterata
1089 3778 1153 3841 sibi

354 3875 479 3938 tribuat
510 3875 714 3937 intellectum
746 3875 854 3935 eidem
883 3875 1007 3937 nostris
1036 3875 1152 3937 damus

357 3974 479 4036 litteris
499 3974 534 4034 in
558 3971 736 4041 mandatis,
752 3974 789 4034 ut
810 3971 912 4034 3111311
935 3973 987 4033 331
1007 3972 1152 4035 debiturn

357 4071 500 4132 sollicite
521 4085 773 4146 recognoscens,
791 4071 840 4131 sic
860 4069 943 4130 illud
962 4069 1152 4131 maturitate

359 4167 1150 4244 debitaprouthonoripsiusexigitmxsequatur,

358 4265 475 4342 utquae
484 4280 657 4341 perperam
670 4265 847 4326 attentavit
857 4280 915 4340 per
926 4264 1072 4352 seipsum
1083 4279 1153 4325 cor·

359 4363 447 4438 rigat
462 4364 494 4423 31
506 4361 669 4432 3333131,
686 4362 728 4422 13
742 4362 863 4423 caetero
878 4376 897 4421 a
913 4359 1079 4422 similibus
1093 4361 1154 4422 de·

360 4459 506 4520 sistendo
533 4457 748 4520 infructuosas
772 4458 903 4518 arboris
925 4457 1069 4518 securim
1097 4473 1154 4535 ap·

358 4571 482 4634 ponere
497 4571 564 4617 non
575 4554 762 4630 compellat.
782 4555 944 4627 Quocirca
959 4553 1152 4616 discretioni

358 4655 478 4716 vestrae
497 4669 557 4730 per
577 4651 767 4729 3333131133
795 4652 920 4726 scripta
943 4651 1151 4720 33313333,

360 4753 522 4828 quatenus
536 4749 661 4810 dictum
680 4749 871 4826 episcopum
888 4747 976 4807 adid
996 4763 1039 4808 ex
1058 4751 1152 4825 parte

359 4848 473 4909 nostra
488 4847 651 4909 moneatis
670 4845 851 4924 prudenter
863 4843 896 4905 31
910 4843 1091 4906 efficaciter
1104 4847 1153 4907 in·

360 4945 501 5006 ducatis.
529 4945 620 5016 Quod
644 4945 673 5004 si
696 4959 763 5004 non
790 4956 919 5012 omnes,
941 4943 1002 5003 313.
1033 4945 1152 5005 Datum

359 5043 528 5115 Laterani,
545 5044 591 5103 ΙΙΙ
603 5042 676 5102 1133
688 5040 810 5112 martii,
824 5039 1034 5115 pontificatus
1047 5041 1151 5104 nostri

360 5157 448 5204 anno
463 5141 589 5220 quinto.

1521 507 1689 594 caxali

1207 652 1258 713 Act
1273 652 1494 712 Bertbotctum
1515 653 1766 724 Aqrrilctenscrn
1783 651 1817 709 31
1838 653 1975 726 Arrectum

1247 753 1459 810 (1333133333
1475 749 1699 821 patriarchas
1714 763 1753 808 33
1767 750 1853 808 alios
1867 752 1974 821 33133-

1245 861 1308 921 333
1329 847 1362 906 31
1387 849 1609 906 ecclesiaram
1630 845 1976 918 333313133333133-

1248 945 1415 1013 cordiam,
1432 945 1637 1012 Merentem,
1655 941 1731 1014 313,
1748 943 1945 1004 revestiretur.

1490 1063 1523 1120 11
1538 1069 1621 1120 mart.
1641 1063 1719 1120 1211.

1241 1177 1367 1239 [11131333
1385 1177 1467 1227 Codex
1481 1177 1544 1242 dipl.
1561 1177 1668 1226 dominii
1681 1181 1768 1241 temp,
1781 1178 1800 1236 l,
1813 1177 1852 1236 18,
1867 1191 1890 1226 3.
1901 1179 1953 1242 lli}

1209 1283 1251 1341 nd
1265 1286 1396 1356 praelatos
1410 1283 1507 1341 scribit
1521 1301 1553 1341 se
1569 1285 1604 1341 31
1619 1297 1670 1341 333
1684 1285 1799 1340 misisse
1812 1285 1927 1357 legatum
1936 1287 1974 1342 llu·

1244 1374 1372 1445 gollnum
1386 1375 1551 1445 episcopum
1571 1373 1732 1431 Ostiensem
1748 1372 1785 1428 ad
1800 1373 1973 1445 evangelizas·

1244 1459 1312 1518 dum
1325 1459 1450 1520 Verbum
1463 1460 1560 1520 Crucis
1573 1467 1600 1518 et
1610 1460 1738 1518 hortatur
1750 1469 1782 1518 ut
1797 1475 1861 1517 eum
1875 1461 1973 1533 legatum

1245 1549 1374 1606 hilariter.
1383 1558 1411 1606 31
1425 1547 1528 1606 devote
1543 1549 1691 1622 recipiant.

1248 1668 1414 1727 Honorius
1424 1668 1609 1744 episcopua,
1622 1680 1737 1728 servus
1748 1681 1913 1728 servorum
1922 1665 1973 1735 bei,

1207 1763 1455 1826 venerabilibus
1475 1763 1634 1824 fratribus
1652 1763 1858 1840 Aquileiensi
1874 1765 1903 1824 et
1917 1765 1975 1822 Gra·

1208 1862 1303 1921 densi
1332 1861 1542 1938 patriarchis,
1564 1863 1764 1932 Ravennati,
1781 1860 1931 1922 13333331
1952 1861 1975 1918 et

1209 1959 1447 2020 Mediolanensi
1472 1961 1505 2021 et
1531 1959 1653 2020 Pisano
1681 1957 1929 2035 archiepiscopis
1951 1959 1974 2014 el

1209 2057 1383 2132 episcopis,
1402 2057 1435 2116 31
1449 2055 1578 2118 dilectis
1596 2057 1675 2120 liliis
1690 2057 1768 2118 aliis
1788 2053 1973 2118 ecclesiarum

1209 2152 1357 2228 praelatis
1379 2169 1438 2230 per
1460 2151 1702 2224 Lombardiam,
1723 2153 1911 2220 biarchiam,
1926 2153 1974 2209 llo-

1211 2249 1972 2322 maniolametTnsciamconstitutis,salutem....
2024 2247 2025 2272 t

1248 2347 1328 2406 Cum
1342 2347 1371 2407 is
1385 2346 1441 2424 qui
1452 2347 1633 2408 secundum
1647 2363 1714 2406 suae
1728 2344 1971 2423 omnipotentiam

1207 2444 1390 2520 majestatis
1407 2460 1470 2504 nec
1483 2443 1555 2506 loco
1568 2444 1674 2520 potest
1683 2457 1744 2504 nec
1755 2445 1898 2520 tempore
1910 2457 1972 2501 com·

1208 2540 1379 2617 prehendi,
1395 2542 1507 2618 utpote
1526 2540 1882 2620 incircumscriptibilis
1896 2542 1922 2599 et
1932 2537 1973 2596 iu·

1208 2653 1353 2711 mensus,
1381 2640 1414 2699 31
1437 2638 1566 2700 stabilis
1594 2655 1743 2711 manens,
1774 2639 1855 2700 dans
1881 2635 1971 2696 cuncta

1210 2735 1348 2809 moveri,
1365 2735 1467 2798 iaciat
1481 2737 1618 2814 spiritus
1638 2752 1715 2798 suos
1735 2738 1871 2814 angelos
1884 2734 1912 2794 31
1923 2730 1971 2790 mi·

1208 2833 1342 2906 nistros,
1363 2835 1396 2896 31
1417 2835 1575 2895 ciclorum
1595 2835 1806 2896 altitudinem
1827 2831 1969 2894 inclinare,

1209 2945 1343 2992 carnem
1368 2945 1542 2994 assumens
1561 2931 1750 3003 humanam,
1770 2947 1829 3009 pro
1853 2945 1887 2990 eo
1907 2919 1970 3002 quod

1209 3027 1338 3089 deliciae
1355 3043 1423 3089 suae
1439 3031 1515 3088 sunt
1532 3043 1604 3089 esse
1624 3046 1699 3090 curn
1720 3029 1801 3090 filiis
1819 3025 1969 3089 hominum,

1208 3123 1391 3201 discipulos
1411 3124 1567 3200 elegerat,
1585 3128 1617 3186 et
1629 3126 1664 3186 13
1683 3126 1842 3186 333133
1854 3121 1971 3184 133113-

1207 3221 1970 3299 33331331333333,3133313331133331333
2024 3287 2025 3298 ¹

1207 3313 1968 3408 geliumcreaturae,suonosinsiruxitexemplo,

1207 3417 1242 3478 ut
1265 3419 1337 3493 3133
1359 3419 1533 3494 sequentes
1559 3416 1716 3492 vestigia,
1740 3433 1817 3478 cum
1840 3407 1968 3486 assumpti

1207 3530 1320 3574 sumus
1336 3515 1368 3576 31
1382 3514 1416 3574 13
1432 3513 1637 3591 31331131133
1663 3513 1846 3590 3313313113,
1865 3527 1916 3572 nec
1928 3519 1969 3584 per

1209 3627 1269 3672 nos
1289 3612 1379 3687 ipsos
1398 3613 1561 3688 possimus
1577 3610 1716 3686 singulis
1732 3611 1872 3688 negotiis
1885 3601 1969 3666 immi·

1208 3721 1299 3780 nere‚
1312 3709 1468 3770 intereos
1482 3723 1564 3786 quos
1579 3708 1614 3770 in
1628 3710 1753 3784 partem
1766 3697 1967 3770 sollicitudinis

1207 3807 1430 3877 evocavimus,
1444 3819 1546 3866 onera
1563 3804 1657 3882 quasi
1667 3805 1783 3866 tethro
1797 3804 1847 3864 usi
1859 3795 1966 3862 consilio

1207 3901 1406 3973 dividamus,
1433 3903 1612 3978 uuicuique
1635 3900 1817 3962 secundum
1843 3894 1966 3960 virtutem

1208 3999 1386 4074 propriam,
1402 4015 1475 4075 quae
1488 3998 1591 4059 variis
1606 3998 1813 4074 temporibus
1828 3985 1966 4058 imminent

1207 4095 1466 4156 committendo:
1488 4093 1575 4156 unde
1596 4111 1669 4156 cum
1689 4096 1780 4156 inter
1797 4094 1876 4156 alias
1891 4101 1966 4149 occu·

1207 4191 1359 4269 33113333
1373 4195 1406 4251 31
1424 4191 1665 4253 sollicitudines
1681 4193 1870 4253 innumeras
1884 4189 1910 4247 31
1920 4185 1966 4242 in·

1207 4279 1349 4359 mensas,
1377 4283 1495 4364 'quibus
1522 4287 1675 4362 angimur
1700 4286 1789 4348 ultra
1810 4287 1903 4352 vires,
1924 4279 1966 4336 inc

1207 4383 1385 4445 instantius
1405 4385 1598 4458 cogitemus,
1615 4383 1759 4460 qualiter
1787 4375 1967 4446 succurratur

1207 4482 1369 4542 exercitui
1398 4481 1581 4542 christiano
1610 4481 1754 4542 feliciter
1787 4471 1967 4556 inpartibus

1207 4577 1443 4640 transmarinis
1471 4579 1610 4641 Domino
1634 4575 1803 4651 militanti,
1827 4561 1966 4654 quoteni

1202 4675 1329 4752 jugiter
1344 4675 1554 4735 convalescat
1565 4675 1679 4735 contra
1691 4674 1844 4735 inimicos
1854 4659 1966 4732 nominis

1207 4771 1399 4840 Christiani,
1415 4771 1506 4833 tanto
1524 4771 1630 4846 magis
1646 4787 1808 4834 succursu
1819 4775 1917 4832 tamen
1928 4759 1966 4818 in-

1207 4867 1297 4944 diget
1323 4867 1478 4944 pleninri‚
1509 4867 1631 4944 quanto
1660 4867 1761 4930 latius
1790 4864 1967 4929 inimicorum
2024 4927 2025 4932 ,

1206 4981 1372 5042 occupans
1398 4964 1517 5035 terras,
1541 4979 1678 5026 necesse
1706 4963 1807 5036 habet
1830 4949 1968 5032 occnpaus

1206 5060 1327 5139 probos
1338 5062 1495 5139 deputare
1506 5061 1659 5123 custodes
1672 5083 1680 5136 ;
1692 5061 1794 5124 talem
1805 5059 1845 5122 ad
1859 5059 1968 5118 commu

1207 5159 1437 5221 refaciendnm
1453 5175 1553 5236 super
1567 5160 1630 5220 hoc
1643 5155 1876 5220 christifideles
1890 5157 1967 5224 opor·

1206 5258 1269 5318 tuit
1290 5271 1350 5316 nos
1371 5255 1504 5331 eligere,
1522 5257 1577 5333 qui
1592 5255 1699 5316 zelum
1717 5255 1776 5315 Dei
1798 5251 1915 5314 hahens
1931 5253 1969 5299 se·

1206 5353 1348 5414 cundum
1365 5354 1537 5414 scientiam
1561 5367 1627 5413 non
1637 5343 1752 5412 'minus
1767 5349 1880 5411 merito
1895 5349 1969 5404 sanc·

1205 5451 1310 5511 litatis
1331 5450 1363 5511 31
1385 5464 1520 5526 operum
1546 5448 1729 5525 exemplari
1752 5461 1849 5526 quam
1871 5433 1969 5503 nrum

1206 5548 1296 5607 vocis
1309 5549 1350 5608 ad
1362 5547 1553 5624 obsequium
1565 5547 1698 5608 domino
1714 5545 1867 5622 populum
1877 5533 1968 5635 eldeu-

1206 5645 1291 5706 citer
1302 5645 1523 5708 excitaretlit
1534 5633 1969 5706 eoceadextrisestnnbisur
