4230 6388
148 329 207 388 789

187 485 258 548 Etsi
273 484 477 564 superfluum
488 484 642 548 videatur
652 483 806 564 precibus
826 484 942 563 postu-

149 582 215 647 lari
238 581 324 660 quod
344 581 500 660 competit
518 581 646 658 dejure
665 582 841 654 communi,
862 582 941 659 quia

149 679 259 738 tamen
274 676 358 739 solet
372 677 579 739 reverentius
592 677 750 739 custodiri
766 677 851 755 quod
865 693 942 756 spe-

149 773 282 836 cialiter
296 773 496 850 indulgetur,
516 789 615 851 quam
635 774 720 850 quod
742 774 943 848 generaliter

149 871 389 948 promulgatur,
412 886 473 932 nos
496 870 680 932 devotionis
699 871 765 931 tuae
786 870 941 946 precibus

150 966 313 1039 inclinati,
338 967 528 1043 corrigendi
553 981 711 1030 excessus
735 966 941 1029 subditorum

149 1065 293 1135 tuorum,
318 1064 416 1141 prout
437 1063 479 1124 ad
498 1063 531 1124 te
552 1063 705 1140 pertinet,
722 1062 862 1124 liberam
881 1063 942 1124 tibi

149 1159 347 1222 anctoritate
368 1159 579 1236 praesentium
604 1159 816 1220 concedimus
835 1158 943 1222 facul-

149 1257 262 1318 tatem.
278 1256 396 1318 Datum
420 1255 587 1328 Laterani,
605 1257 651 1317 111
670 1256 831 1318 kalendas
848 1255 939 1330 maii,

149 1367 238 1418 anno
255 1351 381 1430 quinto.

446 1493 646 1582 CCCLVII

279 1636 331 1696 Ad
344 1636 540 1710 episcopum
554 1636 805 1701 Ptctcacncent.

432 1755 467 1814 29
482 1756 563 1829 april.
579 1757 657 1815 1221.

187 1871 309 1934 [11030010
321 1867 366 1919 lib.
377 1868 408 1930 V,
419 1869 491 1933 epist.
500 1869 555 1919 too.
564 1871 621 1921 1100.
630 1871 667 1920 La
676 1871 751 1920 Porte
759 1871 794 1921 du
804 1869 897 1936 rhein]

148 1973 263 2033 Mandat
275 1973 302 2031 ei
316 1979 348 2032 ut
362 1973 398 2031 ad
412 1974 564 2032 ecclesiam
580 1977 675 2034 Sancti
691 1977 838 2034 saviniani
857 1989 938 2033 0000-

182 2063 254 2120 1000
272 2063 452 2132 canonicam,
473 2063 511 2120 ibi
526 2062 605 2137 iuxta
626 2064 814 2138 quorumdam
828 2066 940 2136 piorum

182 2151 307 2208 uirorum
321 2150 504 2222 desiderium,
520 2153 656 2210 instituat.

189 2267 382 2330 Venerabili
393 2268 490 2330 fratri
500 2270 653 2346 episcopo
666 2268 865 2342 pictavensi,
877 2267 938 2329 etc.

186 2364 304 2428 Dilecti
327 2365 387 2428 11111
404 2368 442 2426 Α.
466 2366 735 2444 archipresbyter
763 2367 796 2430 01
820 2364 941 2427 nobilis

146 2461 200 2523 vir
211 2461 420 2540 Maengottus
432 2463 608 2540 etquidem
620 2462 677 2524 alii
689 2463 802 2524 clerici
818 2464 851 2523 et
862 2462 941 2522 laici

146 2559 188 2620 de
199 2559 324 2620 Metulo
337 2559 534 2624 transmissa
547 2559 642 2621 nobis
654 2559 813 2636 petitione
829 2574 942 2619 mons-

145 2655 296 2727 trarunt,
327 2655 413 2733 quod
440 2671 513 2716 cum
547 2657 703 2728 ecclesia,
735 2655 791 2716 ubi
822 2670 942 2732 corpus

145 2749 237 2812 beati
249 2751 423 2813 Saviniani
437 2751 593 2832 martyris
606 2754 657 2814 est
671 2752 834 2830 sepultum
848 2766 943 2830 prop·

145 2849 199 2910 ter
210 2848 427 2924 exiguitatem
449 2849 667 2926 proventuum
682 2863 818 2924 gravem
834 2848 943 2924 patia-

146 2944 458 3007 tur·ministrorum
484 2945 660 3017 delectum,
689 2945 755 3021 ipsi
782 2945 941 3008 divinitus

147 3041 315 3118 inspirati,
331 3041 373 3102 ob
394 3043 614 3104 reverentiam
642 3042 754 3104 Sancti
778 3041 940 3119 praedicti,

147 3139 276 3200 tantum
305 3137 455 3202 ecclesiae
481 3138 672 3200 memoratae
698 3139 879 3216 disponunt
902 3139 942 3200 de

147 3235 360 3299 facultatibus
375 3236 520 3314 propriis
544 3235 728 3312 assignare,
745 3235 832 3314 quod
849 3235 884 3296 in
902 3251 942 3297 ea

147 3333 268 3396 exinde
288 3333 420 3395 institui
442 3333 554 3395 valeat
573 3333 734 3395 canonica
757 3333 940 3406 saecularis,

146 3431 188 3491 ad
204 3429 290 3510 quod
305 3431 398 3492 tuum
418 3445 615 3492 consensum
636 3430 785 3506 exigunt,
803 3429 944 3492 011000-

146 3543 229 3588 rem.
246 3529 352 3598 Quum
367 3527 470 3603 igitur
484 3541 535 3599 ea,
553 3542 625 3604 quae
640 3526 682 3588 ad
698 3527 822 3590 cultum
837 3526 942 3590 divini

147 3623 292 3684 nominis
303 3624 470 3701 pertinent
478 3623 705 3701 ampliandum
717 3625 749 3685 te
762 3623 878 3686 deceat
889 3624 943 3684 de·

147 3719 370 3783 siderabiliter
382 3720 578 3798 amplexari,
593 3720 836 3783 fraternitatem
849 3720 941 3782 tuam

147 3832 319 3879 monemus
354 3817 478 3880 attente
506 3833 567 3894 per
593 3817 783 3895 apostolica
817 3817 941 3895 scripta

146 3914 352 3988 mandantes,
365 3915 528 3992 quatenus
538 3914 580 3976 ad
595 3914 705 3976 locum
720 3915 942 3992 personaliter

147 4010 373 4087 proficiscens,
398 4011 496 4087 hujus
516 4011 566 4072 rei
591 4011 848 4074 circumstantiis
870 4013 941 4072 cir-

147 4107 356 4184 cumspectis
371 4109 469 4182 jnxta
492 4107 640 4183 ipsorum
658 4105 825 4167 laudabile
848 4107 942 4170 desi-

148 4201 288 4273 derium,
306 4203 501 4263 canonicam
520 4202 643 4263 ibidem
659 4203 815 4264 instituas
835 4219 943 4263 saecu-

146 4300 252 4360 larem
281 4298 354 4360 sine
378 4298 464 4375 juris
492 4298 686 4375 praejudicio
715 4300 816 4361 alieni
844 4301 942 4376 prout

148 4394 328 4455 secundum
351 4396 455 4455 Deum
476 4394 601 4455 videris
630 4395 798 4471 expedire.
822 4397 941 4456 Datum

148 4490 315 4563 Laterani,
333 4490 551 4552 tundendas
565 4491 656 4564 maii,
671 4506 759 4552 anno
775 4491 900 4568 quinto.

432 4667 655 4756 tantilli

226 4811 278 4870 Ad
300 4811 595 4884 archiepiscopum
618 4811 652 4872 ct
675 4811 864 4886 capitulum

433 4909 650 4969 lismensem.

430 5017 465 5074 29
480 5019 561 5091 april.
579 5019 658 5078 1221.

173 5123 291 5188 [negat.
304 5121 350 5173 lib.
360 5123 393 5182 V,
407 5120 481 5188 epist.
495 5121 550 5176 tat.
562 5125 619 5176 1100.
637 5124 763 5180 1010ηο
777 5125 812 5176 dn
825 5123 919 5188 Theti]

147 5229 258 5302 Viginti
274 5226 385 5285 dierum
407 5227 626 5301 indulgentiam,
641 5230 775 5288 omnibus
793 5229 830 5288 ad
850 5229 939 5288 redili-

182 5316 326 5374 cationcm
342 5316 468 5390 ipsorum
484 5316 620 5372 Ecclesia
632 5317 831 5392 eleemosynas
842 5317 912 5374 conl
929 5347 938 5360 ·

182 5403 310 5462 rentibus
340 5417 451 5462 necnon
481 5403 638 5476 interdicti,
666 5407 695 5464 in
717 5408 802 5464 certis
828 5405 942 5464 casibus

183 5492 392 5551 absolutionem
410 5491 551 5550 concedit.

189 5609 364 5682 Honorius,
391 5609 467 5681 etc,
494 5609 678 5672 venerabili
705 5611 799 5674 fratri
827 5611 941 5674 archi-

773 324 1001 389 EPISTOLAE.
1024 326 1103 388 LIB.
1126 325 1165 385 V.

1729 327 1790 388 790

996 485 1163 562 episcopo,
1179 481 1213 546 01
1226 483 1356 546 11100110
1370 482 1448 546 tiliis
1461 481 1607 560 capitulo
1622 485 1790 548 Remensi.

1036 585 1087 644 Ex
1100 582 1196 658 parte
1209 581 1321 643 vestra
1336 581 1399 643 luit
1412 579 1508 642 uobis
1527 580 1698 644 humiliter
1713 599 1793 660 sup-

996 678 1166 756 plicatum,
1184 679 1221 741 ut
1235 695 1336 756 quum
1350 677 1492 740 ecclesia
1506 679 1618 740 vestra
1634 679 1793 742 aedificari

997 791 1016 836 a
1032 775 1256 850 fundamentis
1271 775 1455 852 incoeperit,
1473 777 1506 837 et
1519 777 1687 838 structura
1702 791 1794 852 egre·

996 873 1052 947 gia
1072 873 1105 934 01
1126 873 1210 935 adeo
1232 872 1445 952 dispendiosa
1462 872 1641 948 consurgat
1659 871 1696 934 ut
1718 873 1791 934 sine

997 968 1144 1030 fidelium
1166 969 1386 1046 eleemosynis
1411 985 1479 1032 non
1502 970 1613 1033 valeat
1636 985 1792 1032 consum-

996 1066 1092 1137 mari,
1124 1067 1296 1143 aperiendi
1320 1066 1422 1127 semel
1450 1067 1486 1126 in
1515 1082 1603 1130 anno
1631 1067 1790 1128 ecclesias

995 1162 1115 1224 vestre
1131 1163 1284 1224 dioecesis
1299 1163 1503 1235 interdictas,
1525 1163 1559 1224 01
1570 1164 1616 1224 lbi
1632 1163 1792 1224 solemni-

995 1260 1047 1321 ter
1070 1257 1260 1321 celebrandi
1286 1259 1398 1320 divina
1423 1265 1455 1321 01
1479 1259 1707 1337 eleemosynas
1729 1275 1789 1337 pro

996 1355 1076 1418 dicti
1088 1357 1199 1434 operis
1211 1355 1428 1418 subventione
1439 1357 1608 1434 quaerendi
1620 1356 1789 1418 licentiam

996 1453 1091 1514 vobis
1117 1454 1299 1516 concedere
1327 1453 1542 1530 dignaremur
1560 1453 1601 1515 ob
1625 1469 1789 1515 reveren-

995 1551 1077 1612 tiam
1110 1551 1361 1627 gloriosissimae
1387 1551 1447 1612 Dei
1477 1550 1649 1627 genitricis
1677 1551 1791 1624 Virgi-

997 1646 1115 1724 nisque
1134 1649 1249 1710 Mariae
1264 1648 1299 1710 in
1315 1651 1410 1725 cnjus
1425 1648 1550 1710 honore
1563 1649 1636 1724 ipsa
1649 1647 1789 1710 ecclesia

997 1742 1194 1820 fabricatum
1220 1745 1290 1816 his,
1310 1745 1366 1821 qui
1390 1744 1432 1805 ad
1458 1744 1491 1804 id
1520 1745 1592 1824 pias
1621 1743 1792 1806 conserent
1879 1765 1882 1777 ·

997 1839 1227 1919 eleemosynas
1246 1840 1389 1919 aliquus
1409 1841 1625 1918 indulgentiae
1648 1841 1790 1916 gratiam

997 1936 1169 2000 facientes.
1186 1940 1255 2000 Nos
1274 1937 1378 2014 igitur
1400 1954 1460 2015 pro
1487 1938 1593 2016 ipsius
1617 1937 1792 2014 gloriosis-

996 2034 1089 2095 simae
1109 2034 1258 2095 Dominae
1290 2035 1478 2096 reverentia
1508 2049 1612 2110 usque
1635 2033 1792 2110 adquin-

996 2131 1175 2207 quennium
1191 2130 1358 2192 licentiam
1376 2131 1471 2192 vobis
1484 2130 1696 2192 concedimus
1709 2145 1791 2207 pos-

994 2227 1144 2300 tulatam,
1160 2227 1192 2288 et
1211 2227 1251 2288 de
1264 2227 1324 2288 Dei
1346 2228 1580 2305 omnipotentis
1598 2227 1792 2288 misericor-

996 2323 1062 2398 dia,
1079 2325 1113 2391 et
1133 2323 1304 2387 beatorum
1325 2325 1416 2386 Petri
1439 2325 1472 2386 et
1494 2325 1601 2398 Pauli,
1619 2323 1790 2401 apostolo-

996 2439 1069 2486 rum
1090 2424 1161 2499 ejus
1179 2422 1376 2484 anctoritate
1396 2421 1513 2482 confisi
1539 2421 1692 2482 omnibus
1711 2435 1791 2481 vere

996 2516 1243 2596 poenitentibus,
1267 2518 1300 2579 et
1324 2517 1497 2590 0011100010,
1516 2518 1573 2595 qui
1597 2517 1792 2580 10001000-

997 2615 1158 2676 cesserint
1175 2614 1216 2675 ad
1244 2614 1354 2678 011010
1376 2614 1416 2674 10
1441 2615 1578 2676 licentia
1599 2612 1791 2691 hujusmodi

997 2711 1205 2784 celebranda,
1224 2712 1345 2789 quique
1365 2713 1437 2788 pias
1457 2711 1685 2788 eleemosynas
1705 2726 1789 2770 con-

996 2809 1133 2872 tulerint
1153 2809 1194 2869 01
1213 2808 1462 2871 subventionem
1482 2808 1591 2886 operis
1613 2806 1786 2870 memorati

996 2905 1116 2982 viginti
1142 2903 1213 2968 1100
1236 2905 1277 2966 10
1300 2906 1460 2984 injunctis
1493 2905 1558 2966 sihi
1583 2903 1788 2983 poenitentiis

996 3003 1258 3065 misericorditer
1269 3003 1472 3064 relaxamus.
1485 3004 1603 3064 Datum
1617 2999 1786 3074 Laterani,

998 3103 1043 3162 111
1060 3100 1220 3161 kalendas
1235 3099 1326 3170 maii,
1341 3100 1554 3178 pontificatus
1571 3099 1678 3161 nostri
1701 3113 1789 3159 amm

998 3197 1122 3274 quinto.

1302 3320 1483 3408 GCCLIX

996 3456 1049 3515 Ad
1075 3455 1264 3517 Jocettnum
1295 3454 1329 3515 et
1362 3455 1554 3515 Gutardmn
1579 3455 1792 3514 archidiaco-

1127 3563 1201 3623 000,
1221 3551 1255 3612 01
1273 3551 1452 3612 cantorem
1466 3555 1661 3612 Trecctzece.

1278 3671 1313 3729 29
1330 3669 1413 3744 april.
1428 3671 1506 3729 1221.

1028 3783 1147 3850 [Regest.,
1161 3783 1247 3845 libi,
1260 3783 1333 3850 epist.
1344 3785 1399 3836 tao.
1413 3785 1471 3836 llss.
1483 3785 1521 3834 La
1530 3785 1607 3834 Porta
1622 3783 1657 3834 du
1667 3785 1761 3852 111011]

997 3891 1099 3948 Scribit
1116 3891 1160 3948 010
1181 3897 1212 3948 ut
1238 3889 1419 3964 presbyteros
1438 3889 1579 3962 quosdam
1601 3891 1793 3962 Lingonensis

1032 3978 1165 4036 dioecesis
1176 3979 1224 4049 qui
1240 3978 1378 4036 adversus
1392 3979 1565 4035 Remensem
1581 3978 1790 4050 0111030000-

1031 4081 1093 4123 sem
1117 4067 1257 4122 antistites
1284 4064 1384 4123 salsum
1402 4065 1599 4123 testimoninm
1624 4065 1793 4139 produxisse

1031 4152 1176 4211 convincti
1192 4159 1284 4223 erant,
1309 4153 1345 4210 ad
1367 4152 1469 4212 Sedent
1484 4153 1679 4226 apostolicam
1693 4154 1793 4212 venire
1817 4181 1829 4200 e

1031 4241 1212 4314 compellant.

1037 4349 1215 4421 Honorius„
1237 4349 1312 4419 etc..
1343 4349 1473 4413 dilectis
1489 4350 1567 4412 liliis
1588 4351 1739 4413 locelino
1760 4351 1793 4414 et

997 4447 1142 4508 Guiardo
1164 4447 1420 4520 archidiaconis,
1442 4450 1475 4510 01
1498 4449 1626 4510 cantori
1643 4451 1791 4510 Trecen-

998 4544 1099 4606 sibus

1036 4641 1253 4702 venerabiles
1282 4641 1403 4704 fratres
1436 4643 1580 4704 nostri...
1617 4643 1791 4704 Remensis

998 4739 1269 4816 archiepiscopus
1285 4739 1353 4800 et...
1378 4739 1552 4816 episcopus
1570 4741 1792 4816 Lingonensis

997 4835 1274 4897 nobisinsinuare
1283 4836 1454 4908 curarunt,
1467 4836 1553 4912 quod
1562 4838 1695 4914 quidam
1704 4855 1793 4916 pres-

997 4932 1104 5010 byteri
1128 4933 1348 5010 Lingonensis
1375 4932 1528 4994 dioecesis
1553 4934 1589 4996 in
1612 4951 1732 4998 eorum
1760 4935 1793 4997 01

997 5031 1138 5092 aliorum
1153 5028 1315 5091 bonorum
1332 5029 1549 5104 ignominiam
1563 5031 1683 5094 lalsum
1696 5033 1793 5095 10011-

996 5129 1144 5188 monium
1158 5125 1361 5203 perhibendo
1376 5129 1506 5189 reatum
1519 5130 1660 5206 perjurii
1674 5129 1792 5190 incur·

996 5227 1123 5295 rerunt,
1135 5239 1274 5301 quorum
1285 5222 1419 5300 quidam
1435 5227 1573 5301 possunt
1585 5226 1738 5287 convinci
1753 5225 1794 5288 de

997 5321 1099 5392 100111,
1117 5320 1249 5398 quidam
1264 5335 1344 5382 vero
1363 5321 1397 5381 id
1417 5325 1599 5398 spontanee
1617 5322 1792 5385 0001οο0-

996 5417 1088 5480 10001.
1110 5418 1252 5494 Ideoque
1275 5433 1335 5494 per
1356 5419 1544 5495 apostolica
1559 5419 1654 5481 vobis
1669 5421 1793 5496 scripta

996 5515 1205 5586 mandamus,
1217 5514 1381 5590 quatenus
1396 5515 1483 5588 illos,
1498 5517 1553 5593 qui
1566 5516 1794 5593 superhujus-

997 5613 1086 5675 modi
1100 5612 1317 5689 perversitate
1333 5613 1474 5675 convicti
1491 5611 1625 5686 luerint,
1637 5615 1695 5676 aut
1712 5629 1794 5676 con·
1882 5669 1885 5681 .
