4280 6404
169 285 229 346 305

168 441 305 506 novabis
327 441 363 502 in
381 441 532 512 nomine,¹
551 439 607 501 sed
628 435 791 502 etiamad
813 436 964 513 posteros

167 538 362 616 prorogabis
382 538 417 598 in
432 553 548 614 opere3
568 535 698 612 siquod
719 534 778 594 ille
800 532 966 593 ferventer

168 638 203 698 in
221 637 376 698 eflectum
398 635 634 710 assumpserat,
647 635 684 693 tu
697 629 875 692 salubriter
889 643 966 705 per-

169 733 302 794 duxeris
317 732 358 792 ad
373 731 542 792 effectuml
560 726 651 790 Nihil
667 744 746 802 ergo
757 727 792 788 in
804 727 898 786 tauto
912 741 966 785 ne·

168 832 258 905 gotio
273 828 325 890 vel
340 829 376 889 tu
388 829 460 904 ipse
479 827 611 888 omittas
626 826 679 887 vel
692 841 712 886 a
724 824 791 885 tuis
807 823 964 899 quantum

169 929 204 988 in
228 925 384 988 tefuerit
408 923 546 1001 patiaris
571 923 689 989 omitti.
713 920 869 998 quoniam
890 933 965 980 cum

168 1023 229 1084 tibi
238 1022 338 1084 robur
350 1021 458 1083 aetatis
471 1019 615 1082 sufficiat
628 1020 661 1080 et
675 1016 820 1096 potentia
833 1015 964 1076 virtutis

169 1119 324 1190 abundet,
352 1119 380 1178 si
404 1117 499 1188 forte,
520 1115 606 1193 quod
626 1115 723 1186 absit,
744 1117 811 1176 tam
831 1113 966 1174 lavora-

170 1218 235 1278 bile
248 1216 431 1293 negotium
456 1214 661 1290 neglexeris,
688 1213 810 1290 quanto
837 1213 964 1286 majora

169 1315 209 1375 de
224 1328 324 1374 manu
340 1312 469 1374 Domini
481 1311 647 1395 recepisti,
659 1311 753 1372 tanto
765 1309 798 1368 id
812 1308 874 1368 ate
889 1321 964 1366 ma-

165 1411 251 1487 joris
275 1409 459 1472 exactionis
481 1408 628 1484 periculo
650 1407 848 1483 requiretur.
880 1403 964 1464 Illud

169 1509 279 1570 autem
295 1507 444 1569 laterata
459 1503 719 1581 nolumus,quod
733 1519 806 1564 cum
821 1501 966 1562 redeun-

168 1605 257 1666 tibus
285 1604 398 1666 multis
433 1602 544 1664 brevis
579 1601 633 1672 sit,
655 1601 740 1661 sicut
763 1598 961 1674 accepimus,

170 1703 337 1764 exercitus
361 1701 576 1772 christianus,
599 1698 666 1760 nisi
684 1711 878 1758 succursum
899 1695 963 1754 ha-

170 1799 279 1860 buerit
289 1799 323 1859 in
336 1798 485 1875 proximo
499 1797 653 1874 passagio
664 1793 787 1863 martii,
797 1807 963 1867 magnum,

171 1897 257 1972 quod
271 1897 359 1956 Deus
373 1898 512 1967 avertat,
521 1895 633 1970 posset
647 1891 695 1952 eis
709 1889 881 1950 imminere
897 1887 966 1946 dis-

170 1994 306 2055 crimen.
330 1993 423 2054 Unde
445 2008 510 2054 nou
527 1989 700 2068 impedias,
717 1987 775 2047 sed
794 2000 962 2063 procures,

171 2081 965 2168 utsialiquimediotcmporepraeparenturquod

170 2189 205 2249 in
229 2189 343 2250 eodem
359 2187 513 2264 passagio
528 2185 710 2254 transeant,
728 2183 890 2258 quatenus
910 2193 966 2238 re-

171 2287 307 2362 paretur
321 2284 422 2346 robur
443 2284 610 2344 exercitus
626 2282 659 2342 et
672 2278 880 2341 restauretur
899 2290 965 2334 nu-

172 2399 283 2444 merus
302 2381 520 2454 bellatorum
542 2382 574 2441 et
588 2379 637 2439 sic
654 2376 786 2437 facilius
804 2375 838 2436 et
851 2372 966 2434 effica-

171 2481 243 2540 cius
259 2479 320 2540 sub
339 2495 397 2555 spe
415 2477 537 2539 divinae
554 2475 739 2536 clementiae
754 2468 965 2550 prosequaris

170 2577 326 2653 incoepta,
340 2591 412 2653 quac
428 2575 456 2636 si
474 2573 571 2650 quasi
589 2587 610 2633 a
627 2570 734 2648 capite
753 2568 919 2645 oporteret
932 2567 964 2628 te

170 2671 355 2744 resumere,
383 2672 444 2732 snb
471 2670 570 2732 dubio
603 2669 715 2730 forsan
743 2665 866 2728 eventu⁴
896 2665 963 2724 tam

171 2771 297 2846 grande
326 2769 507 2854 negotium,
534 2767 619 2845 quod
647 2779 753 2842 usque
773 2777 862 2824 nuuc
883 2761 965 2821 satis

171 2881 365 2942 prosperum
388 2865 513 2935 habuit,
531 2862 671 2925 Domino
692 2860 866 2935 dirigente,
887 2871 966 2932 pro-

170 2979 334 3038 gressum.

212 3061 329 3122 Datum
349 3060 462 3132 Reate,
483 3057 635 3120 kalendis
659 3051 813 3126 octobris,
831 3049 966 3130 pontifi-

172 3158 267 3220 catus
283 3157 388 3218 nostri
400 3171 488 3217 anno
504 3156 631 3231 quarto.

505 3349 632 3435 XXIV

172 3486 409 3544 Adurrtcersos
417 3483 688 3555 archiepiscopos
695 3479 966 3555 perrecturam

462 3578 674 3639 comitiales.
773 3621 775 3624 -

465 3701 479 3756 1
490 3697 583 3756 octob.
594 3698 672 3755 1119.

202 3807 321 3870 stirpest,
333 3804 378 3856 lib.
394 3807 437 3864 ΙΙΙ,
449 3805 523 3868 epist.
534 3805 589 3854 533.
601 3807 658 3856 blss.
668 3805 703 3855 La
713 3806 786 3856 Porto
798 3805 832 3855 du
843 3805 936 3868 Theti]

173 3916 211 3972 Ut
226 3914 398 3972 denuncient
407 3913 668 3970 excommunicatos
678 3927 779 3970 omncs
789 3928 846 3972 non
856 3913 966 3970 solven-

367 4008 514 4058 tesvotum
530 4002 602 4059 ultra
617 4003 769 4059 marinum.

213 4110 391 4182 Honorius,
428 4111 502 4181 etc,
529 4109 775 4171 venerabilibus
805 4110 964 4172 fratribus

173 4207 338 4267 universis
351 4207 621 4283 archiepiscopis,
636 4207 811 4284 episcopis,
825 4209 859 4268 et
868 4208 966 4268 dilec-

171 4305 216 4365 tis
252 4304 330 4364 filiis
356 4304 479 4366 Christi
505 4304 659 4364 fidelibus
685 4319 744 4380 per
770 4304 964 4365 Teutonlam

172 4402 371 4472 constitutis,
386 4401 537 4473 salutem,
552 4405 615 4463 etc.

212 4500 259 4559 De
273 4499 400 4560 secreto
412 4498 521 4559 Patris
531 4499 566 4560 in
579 4497 746 4576 publicum
759 4514 912 4574 egressus
923 4499 964 4558 ad

172 4595 462 4656 servosllexfllius
471 4595 511 4656 ad
522 4595 773 4667 lmadescendit,
782 4596 964 4658 utsubditis

171 4693 213 4752 ad
230 4708 358 4752 summa
369 4692 502 4770 pararet
511 4709 696 4764 ascensum,
712 4692 772 4753 sub
785 4694 871 4755 testa
886 4710 965 4756 nos-

169 4789 230 4849 trae
239 4789 451 4850 mortalitatis
460 4789 963 4864 figulusinterrisvisus,otcum

165 4885 359 4947 hominibus
375 4887 602 4947 conversatus.
620 4887 681 4957 Qui
694 4887 827 4948 tandem
844 4889 879 4949 ut
891 4904 965 4949 nos·

168 4985 229 5054 trae
249 4983 419 5044 servitutis
441 4982 698 5060 chirographum
718 5000 778 5056 suc
800 4985 963 5060 sanguine

167 5078 380 5152 cancellaret,
394 5082 427 5141 et
436 5080 838 5157 temporalimortelegem
848 5082 963 5143 mortis

785 275 1014 338 EPISTOLAE.
1038 276 1116 336 ulls.
1141 277 1194 335 IV.
1303 275 1308 283 ’

1754 277 1814 336 306

1021 447 1169 493 mensam
1190 431 1321 494 invitati
1337 431 1542 494 Christicolae
1557 433 1586 492 si
1602 432 1815 496 considerare

1021 528 1125 590 velint
1140 530 1301 606 apposita,
1317 529 1353 589 ut
1367 530 1400 589 et
1414 528 1478 606 ipsi
1491 529 1615 592 similia
1626 533 1816 608 praeparent

1021 626 1061 686 ad
1077 626 1186 698 crucis
1202 625 1395 702 obsequium
1407 643 1472 687 non
1482 627 1611 688 tantum
1619 631 1688 703 jam
1703 643 1817 690 cruce·

1021 722 1817 798 signati,sedetaliiseaccingent.Porrodolen-

1019 820 1069 880 tes
1081 818 1267 890 referimus
1279 819 1366 896 quod
1377 820 1529 881 nonnulli
1539 819 1578 881 de
1589 821 1730 896 imperio
1747 837 1814 882 uon

1019 915 1086 974 tam
1108 916 1264 988 minores,
1289 931 1387 992 quam
1402 919 1546 992 majores
1566 917 1697 988 faciem,
1716 933 1815 996 quam

1018 1013 1054 1071 in
1078 1013 1261 1072 Jerusalem
1275 1011 1438 1074 direxisse
1458 1015 1623 1087 videntur,
1636 1015 1816 1076 creduntur

1020 1097 1223 1170 convertisse
1238 1110 1313 1185 post
1324 1111 1464 1184 tergum,
1482 1126 1557 1171 cum
1572 1127 1633 1172 nec
1647 1112 1816 1188 prosecuti

1020 1205 1086 1266 sint
1099 1206 1211 1266 votum
1226 1206 1394 1277 emissum,
1416 1223 1477 1268 nec
1505 1208 1747 1282 prosecutionis
1761 1224 1817 1268 ex·

1020 1302 1190 1364 hihuerlut
1216 1302 1376 1364 hactenus
1398 1305 1613 1380 apparatum
1635 1305 1721 1366 unde
1755 1321 1815 1366 nos

1020 1414 1133 1460 eorum
1170 1399 1280 1472 saluti,
1311 1401 1345 1461 et
1371 1403 1482 1462 ferrae
1513 1403 1643 1463 sancta
1669 1400 1816 1463 subsidio

1020 1495 1195 1570 providere
1223 1495 1382 1568 volentes,
1412 1497 1462 1558 eis
1486 1499 1613 1558 certum
1637 1498 1816 1559 terminum

1020 1592 1177 1653 duximus
1192 1593 1439 1670 praefigendum,
1457 1609 1521 1670 quo
1537 1594 1722 1670 inciperent
1737 1595 1815 1656 red-

1020 1689 1098 1750 dere
1117 1689 1256 1750 Domino
1269 1691 1344 1750 vota
1365 1705 1435 1750 sua.
1455 1691 1518 1752 Sed
1534 1706 1596 1751 uec
1618 1691 1653 1751 in
1668 1691 1737 1764 illo,
1755 1707 1817 1752 uec

1019 1787 1053 1844 in
1070 1785 1148 1856 alie,
1164 1801 1260 1862 quem
1273 1787 1454 1862 adjecimus
1467 1789 1583 1863 paucis
1597 1788 1744 1864 exceptis
1759 1804 1818 1864 pe-

1019 1881 1257 1957 regrinationis
1274 1882 1419 1944 debitum
1436 1884 1610 1946 exsolvere
1630 1884 1815 1960 promissae,

1020 1980 1103 2055 quin
1126 1979 1226 2039 immo
1250 1994 1312 2040 nec
1344 1980 1464 2041 votivae
1486 1981 1673 2052 solutionis,
1690 1981 1816 2042 indicia

1020 2076 1277 2151 praetenderunt.
1302 2076 1395 2136 Unde
1410 2077 1444 2136 in
1461 2078 1814 2148 excommunicationis

1021 2172 1167 2232 incidere
1194 2173 1402 2244 sententiam,
1433 2189 1531 2249 quam
1553 2173 1588 2234 iu
1612 2175 1696 2234 tales
1718 2176 1815 2250 Juxta

1019 2267 1187 2343 generalis
1201 2270 1324 2330 statuta
1334 2269 1475 2330 Concilii
1485 2270 1646 2346 jussimus
1661 2272 1813 2347 promul-

1020 2365 1103 2440 gari.
1121 2365 1205 2435 Quid
1220 2368 1330 2426 autem
1344 2365 1379 2426 hi
1394 2366 1496 2426 asnis
1511 2365 1725 2428 inferioribus
1741 2384 1816 2444 gra-

1020 2462 1138 2524 tuitum
1160 2462 1309 2537 exigunt,
1331 2463 1387 2538 qui
1409 2464 1529 2539 majori
1550 2465 1583 2524 et
1602 2463 1720 2525 factori
1744 2481 1816 2536 suc,

1020 2559 1135 2634 sponte
1163 2557 1278 2620 oblata
1296 2561 1330 2620 et
1354 2559 1489 2619 omnino
1508 2562 1580 2634 jam
1603 2559 1724 2632 debita,
1751 2577 1817 2622 non

1021 2654 1207 2716 exsolvunt.
1226 2655 1308 2726 Quia
1321 2671 1400 2716 vero
1413 2657 1604 2716 multotiens
1615 2657 1717 2718 multa
1729 2657 1818 2718 bona

1020 2753 1219 2830 praestantur
1232 2751 1346 2813 invitis
1361 2753 1394 2812 et
1403 2752 1569 2814 salubrem
1583 2753 1683 2815 habet
1694 2754 1817 2816 coactis

1020 2849 1293 2926 quandocumque
1319 2849 1512 2924 profectum,
1532 2865 1607 2910 cunr
1622 2865 1815 2912 excommu-

1021 2943 1198 3004 nicationis
1238 2943 1402 3004 sententia
1440 2943 1646 3004 medicinalis
1679 2945 1812 3016 existat,

1022 3041 1235 3113 praesentium
1262 3039 1357 3100 vobis
1383 3041 1581 3102 auctoritate
1605 3041 1813 3113 mandamus,

1020 3137 1819 3212 quatenusdenuntietisgeneralitertalesexcom-

1020 3233 1254 3294 municationis
1268 3234 1403 3294 vinculo
1416 3232 1600 3309 subjacere,
1617 3235 1685 3294 illis
1701 3251 1818 3313 excep·

1020 3331 1074 3400 tis,
1089 3346 1171 3406 quos
1194 3332 1322 3407 justum
1351 3329 1623 3406 impedimentum
1648 3331 1819 3394 evidenter

1020 3428 1167 3488 excusat.
1177 3426 1456 3503 Verumquianon
1469 3427 1650 3499 vinculum,
1664 3429 1721 3490 sed
1733 3429 1819 3490 solu·

1020 3523 1143 3584 tionem
1160 3525 1339 3600 quaerimus
1360 3524 1559 3596 animarum,
1576 3525 1630 3600 pia
1653 3525 1819 3586 delibera-

1020 3621 1110 3682 tione
1125 3621 1340 3696 providimus,
1356 3621 1432 3682 uisi
1448 3621 1504 3698 qui
1517 3637 1560 3682 ex
1572 3621 1694 3683 talibus
1710 3623 1815 3684 bene-

1022 3717 1134 3778 ficium
1142 3717 1362 3779 absolutionis
1371 3719 1537 3794 petierint,
1549 3734 1675 3795 parvos
1684 3722 1818 3797 recepto

1017 3817 1208 3891 juramento
1224 3816 1264 3876 de
1280 3815 1397 3876 stando
1410 3814 1575 3878 mandatis
1593 3816 1742 3878 ecclesiae
1758 3817 1819 3878 ab·

1022 3912 1205 3984 solvantur,
1242 3912 1362 3989 quibus
1396 3913 1527 3989 injungi
1567 3912 1721 3974 volumus
1756 3913 1817 3974 sub

1020 4009 1129 4070 debito
1149 4009 1287 4087 praestiti
1304 4009 1497 4085 juramenti,
1516 4010 1552 4069 ut
1565 4009 1600 4068 in
1620 4008 1704 4070 festo
1729 4009 1818 4072 beati

1021 4105 1189 4165 Benedicti
1218 4104 1370 4179 proximo
1401 4103 1524 4176 futuro,
1558 4105 1613 4165 vel
1649 4107 1725 4166 ante
1761 4106 1816 4182 qui
1880 4157 1882 4168 ,

1020 4201 1197 4271 voluerint,
1219 4201 1285 4261 nisi
1295 4201 1387 4278 justo
1401 4201 1433 4262 et
1447 4200 1731 4283 evidentifuerlnt
1747 4202 1815 4262 im-

1020 4298 1208 4374 pedimento
1230 4297 1364 4368 detenti,
1385 4297 1450 4358 iter
1469 4297 1634 4374 arripiant
1650 4299 1684 4359 iu
1700 4299 1815 4360 subsi-

1020 4395 1109 4455 dium
1137 4397 1250 4456 Terrae
1286 4394 1428 4467 Sanotae,
1456 4411 1507 4463 ao,
1530 4399 1629 4472 prout
1657 4397 1817 4458 Dominus

1020 4492 1157 4564 dederit,
1172 4494 1425 4569 prosequantur.
1439 4492 1522 4553 Illud
1537 4495 1648 4556 alitem
1661 4495 1816 4557 nolumus

1020 4593 1052 4652 ct
1066 4604 1124 4651 vos
1137 4588 1385 4664 crucesignatos
1398 4589 1513 4662 latere,
1527 4592 1612 4666 quod
1626 4592 1712 4654 sicut
1725 4608 1817 4654 acce-

1020 4688 1128 4764 pimus
1143 4686 1208 4748 nisi
1232 4687 1267 4746 in
1282 4687 1436 4763 passagio
1463 4688 1574 4749 martii
1595 4689 1699 4766 aliqui
1722 4690 1817 4750 trau-

1023 4787 1117 4846 seant
1144 4785 1185 4846 ad
1208 4800 1401 4845 succursum
1428 4785 1595 4845 exercitus
1621 4785 1813 4860 Christiani,

1018 4897 1130 4958 grave,
1146 4897 1229 4959 quos
1250 4883 1338 4941 Deus
1358 4881 1497 4953 avertat,
1510 4883 1622 4957 posset
1637 4882 1686 4943 eis
1705 4884 1817 4945 immi-

1019 4995 1098 5041 nere
1113 4979 1303 5050 discrimen,
1321 4995 1382 5040 uec
1398 4981 1486 5040 essct
1500 4979 1597 5041 facile
1613 4981 1742 5057 quasia
1758 4999 1817 5043 ca-

1018 5079 1085 5154 pite
1100 5077 1161 5148 sub
1175 5076 1275 5138 dubio
1288 5077 1400 5138 forsan
1415 5077 1547 5149 eventu,
1559 5092 1729 5140 resumere
1738 5081 1815 5140 tau-

167 5175 316 5238 aboleret
330 5179 476 5245 aeternae,
496 5193 563 5238 uon
579 5176 759 5240 declinavit
772 5178 960 5256 opprobria,
1016 5179 1085 5238 tum
1101 5175 1281 5250 negotium,
1294 5174 1380 5250 quod
1396 5189 1499 5250 usque
1515 5190 1602 5234 nunc
1617 5190 1812 5252 prosperum

166 5289 234 5334 non
246 5289 282 5334 se
298 5273 462 5335 subtraxit
471 5273 617 5351 injuriis,
634 5274 692 5335 sed
708 5276 799 5337 cruci
815 5291 851 5336 se
861 5274 961 5338 obtu-

165 5371 214 5441 lit,
225 5370 469 5432 etcruciatibus
478 5371 564 5433 ultro
573 5371 672 5433 dedit.
687 5374 773 5434 Sane
785 5372 826 5433 ad
840 5373 962 5435 Christi

1018 5271 1143 5344 habuit,
1161 5272 1299 5332 Domino
1314 5271 1488 5347 dirigente,
1504 5286 1706 5348 processum.

1059 5372 1176 5432 Datum
1192 5371 1306 5440 Reate,
1324 5367 1391 5428 llal.
1409 5368 1553 5430 octobris
1566 5385 1653 5430 anno
1669 5372 1798 5445 quarto.
