4280 6404
347 278 481 364 tiis

349 436 504 515 episcopo
526 435 779 510 notnomagen„
796 433 935 496 salutem
953 434 987 494 et
1006 433 1142 509 aposto·

348 533 447 594 licam
462 532 738 594 benedictionem.

388 632 494 700 Quum
505 629 665 690 instantia
681 627 795 689 nostra
812 625 1006 704 quotidiana
1028 623 1072 686 sit
1086 639 1142 686 ec·

963 273 1138 335 IIONORH
1161 273 1205 333 ill
1227 274 1376 350 OPERA.

1933 280 1994 338 0⁰0

1177 429 1325 506 ·,dantes
1350 431 1483 510 propter
1512 431 1579 496 hoc
1601 431 1698 502 vobis
1724 432 1822 502 aliter
1846 434 2000 510 scribere

1199 545 1265 590 nou
1279 545 1448 613 cogamur.
1466 531 1583 600 Datum
1599 533 1712 594 Romae
1732 531 1819 608 apud
1836 534 1997 617 Sanctum

1178 595 1333 726 {Petrum
1347 627 1441 688 sexto
1455 641 1563 694 nonas
1576 627 1668 702 maii,
1684 628 1898 728 pontificatus
1914 644 2000 697 nos-

349 726 527 787 clesiarum
540 725 686 786 omniurn
702 723 889 786 sollicitudo
903 723 1070 793 continua,
1085 722 1161 783 in·
1177 706 1242 786 {tri
1258 737 1346 788 anno
1365 723 1475 786 ιειιιο.

348 823 453 886 terest
477 823 590 884 nostra
619 822 657 883 ut
684 821 897 899 provideatur
924 819 965 880 de
994 818 1144 897 personis
1178 842 1179 865 ι

349 918 479 982 idoneis
501 917 652 982 ecclesiis
669 917 825 980 viduatis.
844 921 950 990 Quum
971 917 1083 993 itaque
1098 916 1146 975 si·

349 1019 405 1079 cut
418 1033 461 1078 ex
475 1018 569 1094 parte
587 1015 645 1077 tua
665 1014 729 1077 luit
742 1015 946 1093 propositum
962 1029 1074 1075 coram
1090 1028 1146 1073 no·

348 1112 411 1186 bis,
425 1112 575 1191 quaedam
590 1111 804 1183 monasteria,
816 1112 849 1173 et
861 1111 1010 1173 ecclesiae
1021 1109 1144 1172 alicam

348 1213 406 1272 tua
420 1209 555 1272 dioecesi
568 1209 720 1295 vacarint
732 1210 818 1270 ultra
833 1209 962 1285 tempus
981 1224 1000 1269 a
1018 1222 1145 1269 canone

348 1306 539 1378 diffinitum,
551 1305 884 1378 fraternitatituae,de
895 1321 958 1382 qua
971 1305 1101 1381 plenam
1111 1304 1144 1363 in

348 1403 488 1490 Domino
503 1403 658 1464 fiduciam
679 1399 1144 1479 obtinemus‚perApostolica

351 1501 473 1578 scripta
490 1501 696 1572 mandamus,
707 1501 881 1577 quatenus,
899 1500 928 1558 si
943 1501 994 1559 est
1007 1499 1066 1570 ita,
1077 1498 1145 1558 tam

350 1598 565 1682 monasteria,
583 1613 680 1675 quam
701 1597 786 1657 alias
802 1595 962 1657 ecclesias
975 1595 1042 1657 tuae
1057 1593 1145 1654 dioe-

350 1696 436 1756 cesis
445 1693 519 1769 lege
529 1693 588 1754 tihi
603 1694 790 1754 dioecesana
799 1692 976 1768 subjectas
985 1693 1025 1752 de
1036 1707 1147 1768 perso-

351 1775 1145 1866 nisidoneisnonobstanteirivolaeappellationis

351 1885 492 1963 objectu,
503 1887 637 1948 studeas
652 1886 846 1958 ordinare,'
838 1903 870 1946 ιιι
887 1886 936 1947 eis
949 1901 1021 1962 quae
1035 1885 1144 1946 corri-

349 1983 456 2058 ganda
465 1981 715 2044 etrelormanda
725 1981 850 2043 luerrnt
860 1981 1145 2057 proutsecundum

350 2082 454 2141 Deum
462 2079 586 2140 vadens
592 2079 760 2156 expedrre
769 2080 850 2138 Cont
849 2078 1073 2139 radictores'
1046 2095 1075 2137 si
1089 2079 1145 2154 ιιιιι

350 2174 487 2244 luerint,
495 2175 547 2236 vel
558 2174 699 2236 rebelles
714 2189 957 2252 percensuram
968 2172 1146 2236 ecclesias-

349 2271 449 2332 ticam
464 2271 685 2348 appellatione
696 2271 877 2348 postposita
893 2271 1141 2348 compescendo.

349 2369 469 2429 Datum
485 2369 598 2430 Romae
619 2367 705 2445 apud
719 2369 876 2428 Sanctum
895 2370 1028 2430 Petrum
1046 2368 1145 2430 tertio

351 2463 514 2526 kalendas
546 2465 638 2538 maii,
666 2463 876 2543 pontificatus
913 2466 1017 2527 nostri
1057 2479 1145 2526 anne

351 2561 460 2623 tertio.

691 2687 807 2776 delli

350 2821 402 2882 Ad
417 2820 623 2894 episcopum,
640 2821 674 2881 ct
689 2823 876 2892 condatum
890 2818 1140 2896 atrebatenses.

649 2932 666 2990 l
682 2933 750 2990 maii
765 2932 845 2992 lili.

375 3037 493 3102 [begeat.
505 3037 550 3088 lib.
562 3037 606 3095 lll,
617 3037 692 3102 epist.
704 3037 759 3088 tta.
775 3037 832 3088 usa.
845 3038 882 3088 Le
894 3037 1118 3103 restaurasti]

350 3143 507 3202 Mandatut
521 3141 703 3216 prebendam
723 3143 850 3216 assignet
866 3141 1010 3234 Golelrido
1027 3144 1141 3202 ειειιιιο.

389 3262 567 3332 Honorius,
593 3261 667 3330 etc,
689 3259 873 3328 venerabili
899 3258 1034 3321 fratri...
1052 3259 1144 3337 epis-

349 3372 442 3437 copo,
459 3359 492 3419 et
504 3357 633 3418 dilectis
649 3355 727 3442 liliis
741 3356 885 3432 capitulo
901 3356 1090 3428 atrebaten.

388 3455 530 3528 Dignum
545 3453 641 3514 estin
657 3453 705 3513 eis
718 3452 879 3513 beneficia
895 3454 1064 3514 cumulare
1068 3453 1143 3530 ,qui

348 3551 389 3612 de
399 3551 508 3626 gratia
522 3550 708 3627 ingratiam
722 3552 945 3624 assurgentes,
957 3549 1033 3610 inde
1046 3550 1142 3627 proil-

348 3663 423 3710 cere
436 3647 587 3709 nituntur
601 3647 642 3707 ad
659 3646 823 3717 meritum,
838 3645 925 3708 unde
937 3647 1084 3723 ipsorum
1096 3645 1143 3707 vl·

347 3744 486 3808 debatur
500 3743 627 3804 meritis
642 3742 849 3805 retributum.
871 3743 1075 3819 Volentesig
1078 3743 1143 3805 itur

347 3843 383 3902 ut
406 3841 546 3902 dilectus
576 3838 664 3900 illius
689 3839 889 3908 Gotelridus,
920 3839 1061 3901 clericus
1090 3839 1143 3900 di·

347 3937 440 3998 lectae
464 3936 499 3996 iu
528 3935 658 3997 Christo
679 3935 757 3997 illice
781 3935 902 3996 nobilis
925 3935 1075 3996 mulieris
1080 3980 1139 3997 .....

347 4032 522 4094 comitissae
548 4033 725 4093 Flandren.
751 4031 966 4110 apostolicam
987 4031 1139 4108 gratiam,

346 4145 444 4207 quem
470 4145 561 4207 purae
586 4129 771 4192 devotionis
798 4127 918 4190 affectu
947 4129 1139 4216 promeruit,

345 4243 381 4307 se
402 4226 525 4289 babere
540 4227 663 4288 sentiat
680 4242 740 4304 per
754 4225 918 4298 ellectum,
933 4225 1140 4306 universita-

344 4325 410 4385 tem
424 4327 569 4385 vestram
586 4325 710 4385 attente
724 4323 907 4399 rogandam
927 4323 1094 4404 duximus,
1109 4324 1141 4386 ει

345 4419 560 4489 monendam,
591 4434 650 4494 per
674 4420 863 4501 Apostolicu
891 4420 984 4480 vobis
1017 4421 1141 4498 scripta

345 4515 550 4587 mandantes,
566 4517 728 4592 quatenus
741 4515 892 4576 eumdem
908 4532 976 4576 suae
992 4515 1141 4598 probita-

344 4614 388 4676 tis
412 4612 544 4684 intuitu,
568 4613 601 4673 et
624 4627 760 4689 precum
781 4613 969 4673 nostrarum
992 4611 1137 4686 obtentu,

343 4713 379 4771 in
392 4711 527 4773 fratrem
539 4709 687 4772 vestrum
702 4710 735 4773 et
749 4693 946 4792 canonicum
962 4708 1140 4772 admitten-

342 4809 405 4878 tes,
421 4807 453 4868 ei
468 4805 678 4883 praebendam
693 4807 848 4868 investra
861 4805 1002 4867 ecclesia
1016 4805 1139 4870 libera-

343 4903 419 4966 liter
433 4903 613 4966 conleratis
628 4918 727 4981 quam
742 4903 842 4966 citius
857 4902 1015 4966 obtulerit
1036 4919 1072 4966 se
1086 4905 1140 4966 la-

1240 819 1407 896 Scriptum
1421 822 1472 882 est
1486 835 1586 898 super
1599 819 1699 882 hoc...
1722 820 1841 907 Sancti
1855 819 1996 885 nutem

1178 915 1282 980 et...
1298 915 1410 978 Sancti
1413 916 1602 1016 Sepulchri
1616 917 1790 982 abbatibus
1805 920 1887 982 et...
1908 935 1994 980 can-

1199 1012 1263 1076 ιοιι
1276 1003 1501 1096 cameracen
1518 1015 1554 1077 ut
1565 1014 1743 1092 praedvctos
1758 1030 1948 1094 episcopum
1961 1017 1995 1080 et

1176 1147 1178 1156 ι
1200 1111 1381 1193 capitulum
1402 1111 1443 1190 ad
1459 1111 1494 1175 id
1508 1113 1667 1186 attentius
1684 1114 1853 1182 moneant,
1869 1113 1904 1196 et
1917 1111 1993 1177 edi·

1200 1209 1323 1286 caciter
1337 1207 1495 1288 inducere
1510 1225 1576 1292 non
1591 1210 1799 1288 postponant.

1201 1495 1995 1578 AdAtmardu-nrStresstorteusemepiscoprrmet

1241 1592 1446 1664 Geraestum
1460 1589 1772 1672 premonstratae.
1784 1593 1950 1652 abbatem.

1491 1703 1594 1764 durati
1616 1703 1695 1762 1219.

1335 1809 1427 1874 [lingo.
1440 1809 1522 1866 smrae
1534 1809 1615 1873 antiq
1633 1823 1759 1883 monum..
1778 1809 1798 1868 ι,
1816 1809 1867 1875 ιι]

1201 1907 1342 1964 llooorius
1357 1910 1397 1982 ιιι
1409 1907 1644 1984 suessionensem
1660 1907 1826 1989 episcopum
1845 1917 1874 1966 et
1891 1909 1996 1986 derva-

1236 1996 1309 2054 sium
1331 1995 1413 2054 abbat
1401 2003 1461 2054 tem
1483 1979 1784 2066 Praemonstratensem
1807 1977 1942 2069 deputat,
1965 2005 1996 2055 ut

1236 2084 1351 2156 pallium
1365 2085 1498 2141 ilamensi
1514 2081 1730 2156 archiepiscopo
1751 2084 1863 2141 tradant
1877 2093 1906 2142 et
1927 2085 1995 2144 fide·

1235 2171 1322 2228 litatis
1337 2171 1372 2228 ab
1387 2186 1422 2228 eo
1434 2179 1645 2256 sacramentum
1657 2173 1809 2252 excipiant.

1239 2280 1406 2343 Honorius
1422 2280 1596 2357 episcopus
1608 2295 1682 2342 sert
1685 2297 1725 2348 us
1738 2297 1910 2344 servorum
1920 2281 1992 2352 Dei,

1199 2377 1382 2466 venerabili
1415 2377 1480 2439 irat
1467 2377 1510 2439 ιιι
1543 2377 1727 2451 Haimardo
1761 2379 1993 2464 suessionensi

1199 2475 1353 2568 episcopo
1379 2475 1412 2536 et
1437 2475 1557 2536 dilecto
1589 2475 1659 2536 lilio
1690 2476 1851 2540 Gervasio
1879 2475 1991 2538 abbati

1200 2550 1522 2652 Praemonstratensi,
1549 2573 1690 2634 salutem
1716 2574 1749 2636 et
1776 2573 1992 2652 apostolicam

1198 2669 1473 2734 benedictionem.

1238 2766 1331 2832 Licet
1357 2765 1546 2844 Apostolica
1574 2767 1675 2830 Sedes
1695 2767 1831 2847 pallium
1848 2767 1993 2846 plenitu-

1199 2864 1296 2935 dinis,
1311 2864 1438 2925 scilicet
1448 2864 1547 2926 oflicii
1558 2864 1759 2942 pontificalis
1770 2865 1901 2942 insigne
1916 2865 1993 2926 des-

1198 2961 1306 3023 tinare
1319 2961 1425 3024 soleat
1438 2978 1497 3040 per
1507 2977 1584 3023 suos
1600 2963 1733 3048 nuntios
1752 2961 1923 3040 speciales,
1936 2963 1992 3040 qui

1197 3059 1365 3148 tradentes
1380 3059 1459 3122 illud
1482 3059 1523 3122 ab
1538 3061 1602 3133 bis,
1625 3059 1743 3142 quibus
1762 3061 1915 3132 traditur,
1932 3077 1991 3121 re-

1198 3132 1326 3238 cipiunt
1342 3159 1579 3241 juramentum,
1597 3173 1657 3217 nos
1671 3159 1784 3221 tamen
1804 3157 1936 3235 plenam
1951 3157 1992 3218 de

1199 3255 1262 3314 tide
1272 3270 1311 3314 ao
1324 3253 1473 3346 diligent
1465 3269 1496 3338 ιι
1509 3256 1582 3314 vest
1582 3269 1620 3314 ra
1568 3253 1781 3338 tliduciam
1792 3253 1990 3326 obtinentes,

1198 3350 1336 3428 pallium
1351 3365 1371 3411 a
1384 3349 1478 3410 nobis
1490 3365 1549 3426 ιιιο
1560 3349 1743 3410 venerabili
1760 3349 1825 3410 irat
1812 3352 1861 3410 tre
1877 3351 1992 3412 nostro

1198 3447 1365 3511 Willelmo
1383 3445 1538 3530 Remeusi
1561 3446 1812 3524 archiepiscopo
1834 3462 1909 3512 cum
1932 3447 1994 3508 de-

1197 3543 1245 3606 bit
1246 3561 1265 3605 a
1282 3543 1440 3612 instantia
1456 3543 1658 3624 postulatum
1680 3543 1772 3604 vobis
1793 3543 1832 3606 de
1852 3559 1991 3622 corpore

1197 3641 1313 3703 beatil
1311 3639 1389 3704 etri
1413 3642 1590 3717 sumptum,
1614 3656 1673 3718 per
1694 3640 1833 3702 dilectos
1849 3641 1988 3702 tiliosV.

1197 3740 1364 3802 cantorem
1375 3740 1528 3826 Romans
1541 3741 1574 3802 et
1562 3728 1623 3799 t'v.
1636 3739 1878 3828 Lingonensem
1894 3755 1990 3800 canc·

1197 3836 1306 3898 uicum
1332 3799 1502 3906 mittimus
1529 3835 1666 3898 utillud
1689 3837 1763 3900 vice
1787 3825 1989 3902 nostratum

1196 3947 1343 4022 congrua
1360 3933 1568 4016 solemnitate
1582 3933 1732 4006 tradatis,
1756 3949 1796 4001 ac
1819 3933 1989 4010 recipiatis

1196 4030 1366 4097 fidelitatis
1392 4031 1615 4108 juramentum
1642 4029 1756 4094 nostro
1786 4030 1919 4106 nomine
1947 4031 1988 4094 ab

1196 4126 1327 4198 eodem;
1344 4125 1468 4201 formas
1479 4130 1589 4204 autem
1600 4129 1698 4206 justa
1708 4143 1790 4204 quas
1804 4126 1929 4188 debetis
1942 4127 1990 4203 ip-

1196 4240 1268 4308 sum
1286 4224 1422 4312 pallium
1438 4225 1635 4301 tradere„ac
1656 4224 1824 4298 fidelitatis
1839 4225 1989 4312 recipere

1191 4322 1428 4406 juramentum,
1444 4319 1538 4396 vobis
1555 4321 1615 4398 sub
1634 4322 1727 4398 bulla
1749 4323 1864 4392 nostra
1878 4321 1987 4386 desti-

1196 4433 1315 4480 namus
1339 4419 1499 4500 inelusas,
1524 4419 1731 4500 devotionem
1756 4419 1902 4501 vestram
1927 4435 1986 4480 ro-

1194 4518 1313 4592 gantes
1337 4517 1506 4588 attentius,
1529 4533 1569 4578 ac
1592 4532 1652 4602 per
1676 4517 1865 4594 Apostolioa
1892 4516 1987 4580 vobis

1194 4612 1318 4691 scripta
1335 4615 1541 4688 mandantes,
1563 4615 1726 4690 quatenus
1748 4613 1905 4692 formas
1896 4629 1988 4690 ipsas

1194 4709 1408 4784 observantes
1421 4725 1481 4796 per
1495 4709 1618 4782 omnia,
1631 4710 1665 4771 in
1681 4711 1753 4788 ipso
1768 4711 1900 4794 negotio
1915 4727 1989 4788 pro·

1194 4805 1330 4878 cedatis,
1348 4807 1396 4868 sic
1410 4806 1552 4887 fideliter
1574 4809 1607 4871 et
1628 4807 1818 4884 prudenter,
1835 4808 1985 4886 quodli-

1193 4903 1267 4964 dem
1280 4901 1313 4966 et
1327 4904 1536 4980 prudentiam
1551 4905 1696 4983 vestram
1716 4904 1894 4968 debeamus
1915 4922 1989 4968 me-

343 5000 460 5064 cultas.
475 5003 596 5062 Preces
609 5003 641 5064 et
655 5001 849 5080 mandatum
864 5003 1014 5064 nostrum
1025 5001 1139 5064 taliter
1191 5001 1256 5076 rito
1275 5001 1506 5062 commendare
1522 5022 1530 5061 ι
1552 5002 1682 5079 quodsi
1698 5001 1775 5079 quid
1793 5002 1986 5066 humanitus

344 5097 521 5176 impleturi,
539 5098 625 5176 quod
645 5099 716 5176 ipse
740 5114 800 5176 per
824 5099 919 5177 cujus
938 5098 1137 5180 industriam
1190 5098 1325 5159 interim
1338 5096 1440 5158 alicui
1455 5099 1612 5171 vestrum,
1629 5099 1714 5178 quod
1731 5099 1828 5171 absit,
1852 5101 1984 5173 accidit,

342 5199 437 5272 grata
452 5196 545 5258 vobis
561 5199 594 5257 et
616 5196 681 5280 ipsi
704 5197 856 5260 ecclesia
876 5198 1031 5274 poterunt
1052 5211 1138 5257 com·
1191 5195 1331 5273 reliqua,
1357 5211 1432 5276 quaa
1458 5196 1631 5272 praemissa
1654 5198 1742 5268 sunt,
1768 5197 1986 5260 nihilominus

341 5293 438 5356 moda
449 5293 636 5369 provenire,
649 5307 689 5354 eo
704 5293 748 5354 sit
766 5293 799 5353 in
812 5294 924 5360 vestra
939 5296 973 5374 et
987 5292 1137 5369 ejusdem
1191 5293 1403 5370 exsequatur,
1424 5292 1582 5370 quidquid
1597 5297 1708 5358 autem
1727 5293 1805 5356 inde
1827 5295 1983 5366 feceritis,

340 5391 493 5456 ecclesiae
519 5391 694 5455 devotione
718 5390 910 5460 ferventior,
934 5405 998 5468 quo
1022 5406 1081 5451 vos
1101 5391 1135 5452 in
1190 5388 1285 5450 nobis
1297 5405 1356 5466 per
1370 5391 1499 5450 litteras
1512 5391 1675 5452 veraciter
1685 5391 1856 5455 intimetis.
1867 5377 1985 5455 Datum

341 5505 401 5550 sua
413 5489 602 5566 receptione
615 5487 783 5550 invenerit
791 5488 1022 5564 promptiores,
1035 5489 1135 5548 etnos
1188 5489 1303 5548 Romae
1316 5487 1401 5564 apud
1420 5489 1576 5549 Sanctum
1587 5488 1722 5548 Petrum
1734 5489 1762 5548 ll
1773 5504 1879 5548 nonas
1891 5491 1983 5558 maii,

340 5588 460 5648 vestrae
493 5585 678 5646 devotionis
714 5583 937 5646 obedientiam
968 5598 1135 5645 commen·
1190 5583 1743 5660 pontificatusnostriannotertio.
