4230 6388
126 259 183 320 861
754 257 983 322 EPISTOLAE.
1006 260 1085 320 LIB.
1102 261 1147 320 -V.

123 412 312 495 synodales,
330 413 419 476 idem
433 415 501 476 tam
517 413 559 476 ab
574 415 658 494 ipso,
674 431 772 493 quam
786 433 807 477 a
821 417 917 494 capi-

123 513 194 576 tulo
207 528 268 573 suo
283 527 372 589 saepe
396 513 616 575 commonitus
645 513 685 578 ad
709 514 916 584 diaconatus,
1280 453 1471 544 CCCCXL

123 627 198 673 cum
225 610 378 687 compelli
400 625 467 671 non
491 611 605 687 possit,
628 626 688 672 nec
704 611 744 672 ad
769 611 918 672 ordinem
973 604 1026 664 Ad
1053 606 1225 665 loannem
1263 609 1575 682 archiepiscopum.
1594 611 1773 672 barcaeu-

123 708 330 785 supariorem
345 709 471 769 assumi
487 709 558 768 sina
574 707 686 769 nostra
702 708 836 770 licentia
849 725 920 786 spe·
1011 714 1097 772 dem,
1114 701 1148 762 et
1161 704 1206 762 ad
1220 706 1416 777 episcopum
1426 708 1731 770 &immam-tem·

124 805 214 866 ciali.
229 806 298 865 Nos
324 804 426 879 igitur
442 805 617 866 ordinandi
632 805 784 865 eumdem
799 805 860 866 tibi
883 805 919 865 li·
1257 832 1293 890 Ἃ
1314 831 1388 906 juni
1408 833 1486 892 Μ.
1799 783 1811 798 ’

123 901 266 961 centiam
282 901 512 971 concedentes,
530 900 722 962 discredoni
735 903 800 962 tuae
811 899 918 979 quoad

122 997 314 1074 apostoliea
354 997 476 1074 scripta
514 997 721 1068 mandamus,
755 997 919 1074 quatenns

124 1095 153 1154 si
175 1096 228 1156 est
241 1094 299 1167 ita,
321 1093 430 1172 ipsum
445 1095 482 1157 up
500 1094 541 1155 ad
557 1095 706 1155 ordinem
725 1094 919 1156 diaconatus
974 1075 1033 1134 Illis
1047 1077 1165 1135 mandat
1178 1085 1210 1136 ut
1233 1078 1262 1136 in
1286 1093 1321 1138 eo
1342 1087 1417 1138 statu
1436 1089 1465 1138 et
1485 1082 1615 1142 libertate
1629 1084 1770 1156 capellam

123 1190 271 1263 accedat,
288 1207 330 1254 03
343 1191 437 1269 pam
448 1193 563 1252 nostra
577 1207 713 1252 moneas
724 1191 917 1263 otinducas,
1009 1165 1121 1265 regiam
1137 1165 1164 1222 S.
1183 1165 1258 1224 Petri
1277 1166 1400 1225 decuria
1411 1167 1770 1229 Cenomanensidlmittant

123 1289 275 1350 eumdem
301 1289 342 1350 ad
363 1288 409 1360 id,
434 1289 464 1349 si
483 1303 621 1356 necesse
645 1289 707 1352 suit
726 1304 786 1366 per
806 1289 920 1350 archi·
1009 1265 1038 1309 m
1061 1251 1307 1327 qurbustempore
1337 1257 1451 1313 Henricl
1472 1265 1501 1314 et
1527 1256 1640 1315 Ricardi
1666 1271 1770 1332 regum

123 1384 318 1446 diaconatus
361 1385 656 1455 substractionem,
697 1385 919 1462 appellatione
1008 1339 1122 1414 Anghoe
1138 1350 1266 1400 ¹¹⁰⁸⁰¹⁸⁰f
1281 1350 1416 1402 mmm·
1512 1369 1514 1376 ’

122 1482 261 1554 remota,
288 1483 499 1560 compellens.
530 1483 649 1545 Datum
676 1483 844 1554 Laterani,
873 1485 919 1544 XI
1013 1476 1180 1538 Honorius
1191 1477 1504 1554 episcopus,servus
1515 1495 1688 1542 servorum
1697 1481 1768 1554 Dei,

121 1577 285 1641 kalendas
311 1579 406 1657 julii,
443 1579 655 1658 pontificatus
690 1579 796 1641 nostri
830 1594 919 1640 anno
973 1573 1220 1636 venerabilibus
1242 1574 1678 1656 iratribusarcbiepisaopo,
1699 1581 1774 1640 pu„

121 1677 250 1752 qutnto.
974 1671 1110 1731 nonensi
1125 1673 1157 1733 et
1181 1672 1335 1748 episcopo
1350 1674 1604 1748 cenomanensi,
1628 1675 1778 1750 salutem,

974 1767 1007 1828 at
1022 1767 1236 1843 apostolicam
1254 1768 1531 1832 benedictionem.

377 1897 664 1986 CCCCXXXIX
1014 1864 1208 1926 charissimi
1232 1865 1267 1926 in
1286 1866 1417 1928 Christo
1437 1867 1498 1928 filii
1520 1867 1626 1930 nostri
1639 1867 1770 1944 Philip-

975 1975 1035 2036 pus
1063 1961 1095 2024 et
1118 1961 1283 2022 Henricus
1300 1963 1483 2038 Anglorum
1504 1980 1599 2040 regas
1619 1964 1766 2026 illustras

155 2053 208 2112 Act
221 2051 452 2126 praepositam
466 2051 500 2112 et
514 2051 720 2112 conventum
734 2051 769 2113 S.
782 2051 881 2112 Lucii
974 2057 1044 2117 suis
1062 2056 1158 2117 nobis
1174 2057 1413 2120 intimaverunt
1428 2057 1573 2139 [litteris]
1595 2061 1768 2137 quodcum

336 2151 514 2210 curiensis
535 2151 672 2210 diaecesi
693 2191 701 2208 .
974 2152 1100 2229 capella
1120 2154 1213 2229 regia
1230 2156 1342 2216 Sancti
1363 2156 1453 2217 Petri
1477 2157 1630 2218 decuria
1657 2159 1768 2218 Ceno-

405 2279 441 2337 24
461 2279 533 2353 junii
554 2279 633 2336 Μ,
974 2251 1136 2322 manensi,
1160 2251 1362 2328 temporibus
1401 2253 1572 2330 praeclarae
1601 2253 1769 2316 memoriae

975 2347 1109 2408 Henrici
1127 2351 1160 2409 et
1174 2348 1310 2410 Ricardi
1324 2365 1440 2425 regum
1460 2351 1602 2426 Angliae,
1624 2367 1685 2412 nec
1701 2367 1767 2414 non

973 2443 1253 2519 praedecessorum
1264 2449 1462 2517 vestrorum,
1472 2447 1587 2522 gavisa
1596 2446 1658 2509 luit
1671 2447 1769 2508 liber·

120 2529 294 2588 llonasterio
315 2529 343 2586 S.
367 2529 446 2586 Lucil
464 2527 647 2585 confirmetur
661 2527 774 2584 collatio
789 2524 918 2582 ecclesie
973 2541 1040 2601 tate
1058 2539 1334 2612 0ffl111m0da‚guh
1355 2541 1425 2602 5010
1444 2543 1592 2604 Romano
1608 2543 1769 2606 pontifice

156 2618 187 2674 5¹¹
213 2616 362 2675 &nedum
394 2615 430 2673 ⁸¹³
459 2615 585 2672 Alss³¹d⁰
623 2615 751 2674 cufim*
783 2613 917 2686 ⁰P³S⁰⁰P⁰
973 2637 1162 2708 constiluta,
1185 2652 1244 2698 vos
1268 2639 1459 2700 eorumdem
1487 2639 1769 2717 praedecessorum

157 2704 245 2763 Μ’·
969 2733 1101 2810 juribus
1110 2747 1176 2793 non
1186 2733 1705 2812 contenti,ine0rumdamregum
1715 2753 1771 2820 op·

161 2831 331 2893 Honorius
341 2831 527 2910 episcopus,
538 2845 654 2891 servus
663 2845 834 2892 servorum
845 2829 915 2900 Dei,
973 2829 1153 2907 probrinm,
1166 2831 1407 2908 etApostolicae
1422 2832 1516 2893 Sedis
1528 2832 1769 2911 injuriam-ejus

121 2928 254 2991 dilectis
270 2929 348 2989 liliis
364 2928 541 3005 praeposito
563 2927 596 2988 et
611 2927 788 2988 conventui
805 2925 916 2988 Sancti
972 2924 1156 3004 infringere
1175 2927 1360 2990 libertatem
1378 2929 1563 2992 volueritls.
1579 2932 1687 3007 Super
1705 2931 1769 2993 boo

123 3027 218 3087 Lucii
242 3023 570 3087 Praemonstratensis
594 3024 721 3085 ordinis
748 3023 918 3084 curiensis
972 3023 1771 3105 adabbatemSanctiPetricarnotensissuosque

122 3122 293 3195 dioecesis,
311 3121 500 3184 salutemet
519 3121 734 3200 apostolicam
755 3119 916 3184 benedic·
973 3119 1770 3198 collegas,inquosprocuratoresejtrsdemeccle·

122 3219 260 3282 tionem.
973 3217 1768 3295 siaeoapellaeconsenserunt,litterisimpetratis.

162 3318 244 3378 Cum
270 3331 290 3378 a
318 3316 414 3379 nobIs
434 3316 555 3392 petitur
577 3315 662 3392 quod
674 3314 801 3392 justum
816 3314 868 3376 est
885 3313 919 3376 et
974 3313 1771 3392 UndetamdictiregesquamcarissimainChri-

122 3412 313 3486 honestum,
329 3416 397 3476 tam
417 3413 512 3489 vigor
527 3412 692 3490 aequilatis
717 3428 814 3488 quam
837 3411 918 3473 ordo
973 3413 1023 3473 sto
1036 3411 1106 3472 lilia
1119 3412 1231 3474 nostra
1245 3412 1446 3488 Berangeria
1462 3413 1629 3490 quondam
1639 3413 1770 3490 angliae

123 3511 229 3587 exigit
243 3511 384 3572 rationis
397 3511 433 3571 ut
447 3508 480 3570 id
495 3525 555 3586 per
570 3509 828 3572 sollicitudinem
844 3507 919 3570 olli-
972 3509 1090 3585 regina
1111 3509 1262 3579 illustris,
1280 3525 1367 3570 nunc
1382 3511 1528 3588 ejusdem
1545 3511 1683 3588 capellae
1701 3527 1778 3588 pe··

123 3607 168 3667 cii
189 3608 296 3670 nostri
312 3607 353 3668 ad
375 3606 521 3668 debltam
536 3607 738 3685 perducatur
750 3605 915 3668 effectum.
973 3610 1081 3678 trona,
1096 3607 1129 3668 et
1146 3605 1286 3668 dilectus
1306 3606 1395 3668 iilius
1419 3609 1456 3668 Ρ.
1473 3607 1598 3670 electus
1613 3625 1767 3682 camerae,

122 3706 317 3782 Eapropter,
341 3704 452 3766 dilecti
481 3704 515 3766 in
541 3704 679 3765 Domino
702 3703 776 3775 lilii,
796 3703 918 3765 vestris
973 3706 1107 3776 nostrae,
1118 3704 1316 3780 apostoncae
1327 3705 1422 3767 Sedis
1432 3705 1617 3782 legatus.et
1628 3721 1771 3770 venera-

124 3801 402 3878 postulationibus
411 3803 506 3878 grato
521 3803 756 3863 concurrentes
766 3816 916 3873 assensu,
973 3797 1769 3880 bilisfraternosterLincoluiensiseplscopus,et

125 3899 300 3960 ecclesiam
324 3899 359 3960 iu
386 3899 570 3971 Benedure,
589 3898 683 3960 vobis
699 3913 718 3959 a
733 3897 919 3959 venerabili
973 3899 1207 3974 quamplures
1234 3899 1294 3959 alii
1320 3899 1384 3958 ilde
1408 3899 1501 3973 digni
1525 3899 1645 3976 quibus
1672 3900 1780 3976 plene·
1833 3905 1836 3912 ⁴

124 3993 228 4058 fratre
242 3997 357 4057 nostro
370 3996 517 4056 Arnaldo
530 3995 681 4073 curiensi
696 3994 862 4071 episcopo,
879 3993 919 4054 da
974 3994 1126 4056 constare
1151 3993 1272 4055 dicitur
1285 3994 1326 4055 de
1344 3995 1497 4056 libertate
1515 3995 1685 4072 praedicta,
1703 4012 1769 4058 no-

126 4092 180 4151 sui
206 4090 342 4168 capituli
364 4106 503 4153 assensu
528 4090 700 4162 collatam,
728 4090 814 4150 sicut
845 4103 918 4150 eam
973 4089 1024 4150 bIs
1046 4089 1216 4151 humiliter
1236 4090 1466 4166 supplicarunt
1492 4092 1530 4152 ut
1558 4093 1673 4154 eadem
1701 4109 1768 4154 non

121 4189 264 4264 justeac
279 4188 416 4265 pacifice
431 4187 606 4264 possideIIs
630 4187 663 4248 et
686 4187 721 4246 in
743 4185 920 4262 praedicto·
973 4187 1238 4264 permitteremus
1251 4186 1402 4263 infringi,
1412 4187 1650 4265 sollicetipsam
1658 4191 1770 4266 potius

124 4299 199 4346 rum
211 4283 357 4361 episcopi
371 4285 404 4346 et
416 4283 554 4361 capituli
566 4282 687 4345 litteris
696 4282 827 4360 plenius
838 4297 921 4344 con·
974 4283 1158 4345 laceremus
1171 4283 1332 4346 illibatam
1346 4284 1485 4347 servari.
1500 4287 1569 4347 Nos
1583 4286 1687 4362 igitur
1700 4288 1769 4349 tam

125 4381 261 4454 linatur,
278 4381 475 4444 arroteritate
487 4379 580 4442 vobis
596 4379 786 4456 apostolica
797 4381 920 4441 contir-
974 4381 1207 4458 praedictorum
1227 4397 1324 4458 quam
1346 4381 1472 4457 reginae
1488 4381 1523 4444 in
1546 4383 1675 4446 Christo
1691 4383 1770 4446 dlioe

126 4494 256 4540 mamus
270 4482 303 4541 et
314 4478 487 4557 praesentis
505 4477 621 4554 scripti
637 4475 822 4554 patrocinio
835 4492 921 4538 com·
974 4479 1007 4539 et
1030 4481 1254 4539 Romanorum
1270 4479 1482 4556 imperatoris
1497 4479 1640 4541 illustris
1661 4483 1694 4542 et
1708 4495 1768 4543 re-

126 4577 305 4638 munlmus.
339 4575 432 4638 Nulli
465 4589 544 4650 ergo
579 4573 714 4636 omnino
748 4573 919 4635 hominum
974 4575 1062 4650 ginae
1088 4574 1214 4636 Siciliae
1234 4577 1388 4652 precibus
1412 4577 1599 4648 annuendo,
1616 4577 1769 4639 nolentes

125 4671 227 4736 liceat
240 4675 327 4735 hano
346 4673 502 4750 pagiuam
523 4673 647 4734 nostrae
658 4670 919 4733 confirmationis
974 4671 1123 4749 eJusdem
1138 4671 1275 4749 capellae
1296 4675 1418 4736 statum
1439 4674 1473 4734 in
1495 4674 1692 4750 apostolicae
1709 4677 1772 4736 Se-

128 4768 320 4847 inlringere,
332 4771 385 4832 val
400 4772 431 4832 ei
446 4785 530 4831 ausu
545 4769 724 4831 temerario
740 4769 918 4830 contraire.
974 4765 1026 4829 dle
1050 4769 1220 4846 injuriam,
1244 4773 1278 4832 et
1305 4771 1496 4832 eorumdem
1511 4785 1626 4848 regum
1642 4787 1768 4850 oppro-

129 4867 165 4927 Si
186 4869 260 4946 quis
274 4868 384 4929 autem
400 4869 463 4931 boc
481 4867 645 4930 attentare
660 4865 918 4944 praesumpserit,
974 4865 1084 4927 brium
1113 4865 1294 4940 immutari,
1324 4867 1527 4930 fraternitati
1559 4873 1681 4932 vestrae
1710 4885 1773 4948 per

974 949 1079 1015 [eloim.
1091 949 1201 1004 Histoire
1213 954 1245 1005 de
1257 955 1349 1020 l’aglise
1360 957 1394 1007 du
1406 959 1486 1018 bians,
1497 962 1516 1008 t.
1526 955 1569 1017 iv,
1581 971 1606 1022 p.
1615 959 1671 1018 tel,
1680 971 1706 1009 n.
1716 959 1775 1026 db}

210 2403 302 2469 [bobr.
314 2403 398 2454 Codex
413 2403 531 2468 diplom,
542 2409 562 2454 t.
575 2403 608 2462 ll,
623 2417 650 2468 p.
662 2403 718 2460 Μ,
730 2415 756 2452 n.
770 2401 840 2466 ala]

127 4963 390 5041 indignationem
409 4963 643 5040 omnipotentis
657 4963 718 5026 Dei
744 4963 777 5024 et
799 4962 919 5026 beato·
960 4963 1164 5040 apostolica
1183 4965 1306 5040 scripta
1325 4964 1534 5038 mandamus,
1556 4968 1718 5044 quatenus
1733 4968 1769 5028 iu

127 5075 203 5122 rum
231 5061 322 5124 Patri
355 5063 389 5123 et
410 5059 508 5122 Pauli
535 5059 760 5138 apostolorum
786 5063 859 5140 ejus
885 5076 921 5122 se
976 5076 1015 5122 eo
1042 5063 1130 5122 statu
1164 5061 1200 5122 et
1226 5060 1380 5122 libertate
1403 5061 1565 5138 capellam
1596 5063 1769 5126 dimittads

128 5159 259 5220 noverit
282 5157 507 5219 incursurum.
523 5159 642 5218 Datum
657 5157 829 5230 Laterani,
845 5159 922 5219 VIII
976 5157 1126 5218 eamdem
1148 5157 1185 5219 in
1215 5157 1334 5234 quibus
1359 5156 1508 5234 tempore
1535 5159 1770 5235 praedictorum

128 5251 291 5316 kalendas
321 5251 419 5334 julii,
459 5253 671 5332 pontificatus
696 5255 803 5316 nostri
834 5269 921 5316 anno
977 5268 1093 5329 regum
1106 5254 1139 5315 et
1153 5253 1324 5330 bucusque
1340 5255 1489 5316 noscitur
1504 5256 1666 5329 extitisse,
1684 5273 1768 5319 con-

130 5351 256 5428 quinto.
976 5350 1060 5413 tenti
1087 5350 1313 5412 tantummodo
1341 5350 1410 5412 illis
1432 5350 1552 5432 quibus
1581 5353 1772 5428 praedeces-

978 5463 1070 5508 sores
1085 5447 1189 5509 restri
1203 5447 1387 5508 noscuntur
1400 5447 1503 5509 luisse
1516 5451 1674 5524 contenti,
1686 5452 1770 5514 nibil

979 5543 1070 5604 aliud
1096 5542 1270 5618 exigentes
1303 5543 1345 5605 ab
1378 5544 1493 5605 eadem
1520 5545 1646 5620 capella
1673 5565 1771 5625 natam
