4280 6404
210 307 274 402 ecs
835 304 1166 368 emmennone.
1192 305 1244 366 1v.
1797 304 1856 364 aaa
1901 289 1903 296 ’

208 478 284 528 rem
307 465 378 538 Dei,
405 465 438 530 et
458 465 606 542 Virginis
631 465 787 543 gloriosae
827 465 1006 528 Genitricis
1060 463 1327 532 consecrationes
1338 462 1508 532 altarium,
1519 461 1745 526 ordinationes
1760 461 1861 526 cleri·

211 563 373 640 eiusdem,
393 563 563 626 desideras
587 563 753 636 dedicare,
780 567 817 624 nt
842 564 1005 641 teipsum
1060 576 1186 634 corum,
1204 560 1261 638 qui
1287 561 1328 620 ad
1349 576 1464 622 sacros
1488 560 1622 624 ordines
1646 560 1770 623 suerint
1783 577 1862 639 pro·

211 660 260 720 ibi
279 661 419 724 Domino
444 659 567 724 offeras
593 661 836 732 bolocaustum,
865 661 899 722 et
921 661 1005 720 alias
1060 657 1224 729 movendi,
1249 656 1472 719 adioecesano
1496 656 1669 734 postuletis
1693 659 1859 735 episcopo,

210 757 439 834 exemplotuo
448 757 490 819 ad
510 756 660 820 divinum
676 757 870 834 obsequium
884 772 1007 833 provo-
1061 755 1090 814 si
1105 770 1146 815 aa
1160 755 1264 830 gratis
1287 755 1321 815 et
1340 754 1413 816 sine
1440 755 1604 832 pravitate
1626 754 1738 832 aliqua
1764 753 1860 817 vobis

209 869 279 925 ces,
302 855 406 931 injus
424 854 458 916 et
483 855 720 932 proprietatem
746 854 835 917 beati
860 855 949 916 Petri
973 855 1006 916 et
1060 849 1206 911 voluerit
1230 849 1400 910 exhibere.
1435 849 1593 926 Alioquin
1633 849 1734 912 liceat
1766 849 1861 910 vobis

208 950 367 1012 Ecclesiae
390 954 547 1014 Romanae
563 952 781 1029 suscepimus.
794 951 1006 1029 Verumquia
1061 961 1299 1026 quemcumque
1323 946 1509 1009 malueritis
1540 948 1634 1008 adire
1665 948 1858 1018 antistitem,

208 1048 335 1124 petiisti
346 1063 366 1110 a
377 1049 482 1120 nobis,
498 1051 535 1112 ut
546 1049 655 1110 locum
669 1049 777 1126 ipsum
790 1065 831 1112 ue
845 1064 1005 1126 personas
1060 1043 1203 1118 gratiam
1218 1044 1252 1106 et
1266 1044 1531 1106 communionem
1546 1045 1745 1123 apostolieae
1765 1046 1860 1108 Sedis

207 1145 247 1206 in
262 1160 301 1206 eo
316 1146 455 1208 Domino
481 1145 677 1209 famulantes
702 1148 817 1208 eontra
836 1146 1005 1223 maligno·
1060 1139 1247 1212 habentem,
1260 1140 1421 1217 quivohis
1434 1141 1631 1204 securitate
1643 1143 1738 1204 Sedis
1752 1145 1860 1219 Apos-

210 1256 284 1302 rum
295 1243 461 1315 incursus,
473 1243 687 1320 protectionis
700 1243 794 1304 Sedis
808 1242 1005 1320 apostolice
1060 1237 1181 1310 toIioae,
1210 1237 1296 1314 quod
1318 1237 1515 1316 postulatur,
1536 1239 1714 1316 impondat.
1741 1242 1861 1302 Sacer-

210 1339 386 1418 privilegio
414 1340 632 1412 muniremus,
649 1355 709 1402 uos
729 1341 796 1402 tuis
806 1341 909 1418 justis
926 1357 1005 1416 pre·
1061 1334 1121 1395 dos
1134 1335 1297 1412 siqnidem
1312 1351 1455 1409 annuus,
1470 1335 1523 1396 vel
1539 1339 1728 1414 perpetuus,
1747 1339 1782 1400 in
1804 1354 1861 1399 ec-

212 1435 307 1498 oibus
320 1436 484 1509 inclinati,
498 1436 622 1499 dictum
639 1437 879 1499 monasterium
895 1437 1007 1512 Virgi-
1061 1432 1163 1494 alesia
1193 1435 1316 1504 vestra,
1343 1448 1417 1494 curn
1444 1433 1648 1496 conscientia
1678 1434 1859 1496 dioecesani

208 1533 264 1594 nis
278 1533 443 1609 gloriosae,
461 1534 547 1610 quod
563 1534 604 1596 ad
620 1536 803 1597 Romanam
823 1535 1006 1596 Ecclesiam
1061 1529 1209 1606 episcopi
1223 1531 1422 1602 assumatur,
1446 1533 1480 1593 et
1502 1531 1685 1594 sacerdotis
1711 1532 1858 1610 ejusdem

213 1630 306 1692 nullo
322 1631 465 1707 pertinet
476 1631 654 1703 mediante,
671 1632 707 1692 in
720 1647 785 1708 quo
800 1632 913 1696 divino
924 1632 1005 1693 estis
1061 1627 1299 1690 correctionem
1324 1628 1518 1689 canonicam
1543 1629 1736 1692 Florentino
1756 1630 1856 1708 episc.

207 1727 371 1804 obsequio
383 1729 591 1804 mancipatae,
609 1743 684 1790 oum
708 1729 872 1806 personis,
889 1731 922 1790 et
934 1745 1006 1790 om·
1059 1739 1281 1792 reservamus.
1299 1724 1448 1787 Obeunte
1464 1741 1545 1787 vero
1559 1727 1592 1787 te
1608 1743 1696 1789 nunc
1709 1727 1858 1805 eJusdem

210 1824 308 1886 nibus
321 1825 419 1886 rebus
435 1826 506 1886 suis
518 1824 579 1886 sub
594 1825 682 1889 beati
695 1826 793 1896 Petri,
803 1827 1005 1903 protectione
1059 1819 1125 1883 loci
1137 1818 1318 1893 abbatissa,
1327 1821 1381 1882 vel
1391 1820 1524 1894 tuarum
1537 1837 1690 1884 sororum
1701 1823 1762 1884 tibi
1773 1839 1858 1900 qua-

209 1922 420 1999 suscipimus,
437 1923 471 1984 et
498 1923 810 1999 prasentia-scripti
830 1922 1005 1999 privilegio
1059 1916 1139 1986 libet
1151 1932 1357 1990 successura,
1368 1917 1459 1980 nulla
1475 1919 1522 1979 ibi
1537 1920 1858 1998 cujuslibetsubrep·

209 2018 517 2086 cenomannicam
537 2020 653 2096 primis
675 2019 838 2097 siquidem
856 2021 1006 2086 statuea-
1058 2013 1160 2075 tionis
1175 2015 1298 2077 astutia
1314 2014 1541 2084 seuviolentia
1557 2020 1859 2095 praeponatur,nisi

208 2116 271 2187 tes,
300 2117 336 2178 ut
372 2116 454 2179 ordo
484 2117 699 2189 monasticus,
734 2117 791 2194 qui
822 2118 1004 2178 secundum
1059 2127 1159 2188 quam
1174 2127 1306 2174 sorores
1320 2113 1486 2180 communi
1501 2129 1666 2176 consensu
1681 2116 1734 2176 vel
1757 2131 1856 2176 soro-

207 2215 323 2284 Deum‚
348 2214 382 2276 et
408 2213 496 2276 beati
522 2213 693 2279 Benedicti
721 2215 886 2290 regulam.
906 2231 1004 2292 duam
1058 2224 1133 2270 rum
1155 2223 1233 2287 pars
1257 2209 1389 2270 consilii
1409 2210 1567 2282 sanioris,
1593 2212 1774 2294 secundum
1797 2213 1859 2274 Dei

207 2309 460 2388 prosequimini,
473 2311 508 2373 in
522 2311 637 2376 eodem
656 2311 729 2374 loco
744 2312 917 2377 institutus
930 2327 1004 2374 esse
1059 2305 1223 2378 timorem,
1234 2305 1271 2378 ,et
1282 2305 1370 2369 beati
1383 2306 1554 2371 Benedicti
1567 2309 1727 2386 regulam,
1744 2311 1859 2388 provi-

208 2406 424 2482 dignoscitur,
458 2409 627 2484 perpetuis
649 2407 772 2480 ibidem
800 2397 1003 2485 temporibus
1058 2402 1170 2464 derint
1189 2402 1396 2480 eligendam..
1412 2403 1617 2468 Electionem
1635 2422 1766 2484 quoque
1785 2411 1855 2470 Ro-

206 2501 447 2565 inviolabiliter
465 2503 673 2576 observetur,
702 2504 932 2576 observantias
947 2505 1005 2564 ni·
1059 2499 1322 2567 manoPontidci
1334 2501 1387 2562 vel
1400 2501 1511 2576 legate
1524 2502 1567 2565 ab
1582 2506 1655 2580 ejus
1665 2504 1770 2566 latere
1785 2506 1857 2567 des·

206 2598 389 2673 bilominus
415 2599 600 2676 regulares,
624 2603 825 2678 quasjuxta
852 2601 1003 2663 ordinem
1058 2597 1179 2669 tincto,
1222 2598 1281 2659 aui
1317 2597 1370 2670 ei,
1407 2598 1462 2659 cui
1495 2599 1651 2662 P0ntis0x
1686 2604 1855 2664 Romanus

206 2697 432 2768 Dominarum,
460 2699 493 2759 s.
522 2699 638 2759 Mariae
667 2697 701 2760 et
725 2700 758 2759 S.
781 2699 941 2760 Damiano
963 2698 1003 2760 de
1058 2693 1258 2768 injunxerit,
1268 2697 1519 2772 repraesentent,
1535 2712 1555 2758 a
1571 2713 1635 2774 quo
1648 2698 1761 2761 electae
1775 2715 1857 2762 con·

206 2793 469 2872 Assisiopraeter
486 2794 675 2870 generalem
706 2796 818 2857 Sancti
833 2795 1003 2857 Benedicti
1059 2790 1256 2858 firmationis
1281 2793 1314 2852 et
1336 2791 1578 2856 benedictionis
1595 2797 1704 2872 gratia
1726 2797 1857 2874 impen-

206 2890 358 2965 ragulam
381 2891 474 2952 vobis
496 2892 683 2953 voluntarie
711 2891 891 2963 indixistis,
913 2893 1003 2960 ratas
1058 2887 1166 2949 datur.
1195 2889 1423 2952 correctiones
1449 2891 1588 2968 insuper
1618 2895 1686 2954 tam
1713 2896 1851 2972 capitis,

206 2984 380 3059 babemus,
403 2989 504 3050 eteas
517 2988 684 3066 perpetuis
704 2988 907 3065 temporibus
932 3004 1005 3048 ma·
1058 3001 1156 3062 quam
1176 2985 1409 3057 membrorum,
1427 3004 1527 3065 super
1548 2990 1712 3065 omnibus,
1729 3009 1803 3070 quae
1817 2994 1854 3056 in

205 3099 287 3158 nere
305 3084 515 3146 decernimus
540 3085 698 3158 illibatas.
715 3086 879 3148 Praeterea
894 3084 1002 3148 locum
1057 3082 1199 3144 ecclesia
1221 3081 1346 3146 fuerint
1373 3087 1590 3163 corrigenda,
1616 3088 1682 3150 soli
1705 3091 1856 3154 Romano

205 3185 364 3254 vestrum,
382 3181 415 3265 et
428 3197 479 3255 aa,
494 3199 567 3261 quae
583 3183 617 3244 in
632 3183 738 3260 ipsius
757 3183 899 3246 circuitu
913 3185 1003 3260 juste
1058 3180 1224 3252 Pontifici,
1240 3181 1294 3242 vel
1310 3182 1354 3254 ei,
1367 3197 1463 3261 quem
1478 3185 1550 3262 ipse
1569 3184 1611 3248 ad
1635 3185 1699 3250 boc
1713 3187 1856 3266 deputa-

205 3279 416 3350 aceanonice
430 3279 618 3363 possidetis,
631 3279 736 3352 vobis,
751 3281 784 3342 et
798 3296 859 3357 per
871 3296 930 3343 vos
946 3281 1000 3354 iis,
1057 3277 1154 3351 verit,
1180 3293 1403 3342 reservamus.
1435 3282 1654 3348 probibemus
1681 3286 1785 3362 igitur
1813 3302 1855 3348 ne

205 3391 280 3453 quae
307 3374 416 3448 vobis„
432 3379 591 3450 canonice
615 3378 854 3451 successerint,
880 3379 1004 3440 condr-
1057 3374 1131 3452 quis
1146 3375 1332 3454 episcopus,
1347 3378 1399 3440 vel
1415 3379 1570 3456 quaelibet
1590 3379 1658 3444 alia
1675 3383 1856 3446 ecclesias-

204 3489 346 3548 mamus,
374 3476 409 3539 b
428 3474 642 3552 praestatione
683 3491 762 3538 vero
800 3475 1002 3541 decimarum
1056 3472 1348 3537 ticasaecularisve
1363 3491 1516 3554 persona,
1533 3477 1703 3542 libertates
1722 3483 1853 3544 vestras

201 3571 368 3642 clausurae
378 3571 509 3644 vestrae,
518 3570 597 3634 etde
610 3571 782 3636 hortorum
793 3573 955 3638 fructibus
970 3577 1003 3638 et
1056 3569 1240 3648 intringere
1252 3574 1311 3634 aut
1321 3572 1459 3636 obtentu
1479 3576 1657 3653 cujuslibet
1670 3582 1851 3642 consuetu·

204 3683 377 3747 pomorum
392 3684 452 3730 vos
471 3685 544 3730 esse
566 3669 785 3742 decernimus,
805 3671 1002 3736 auctoritate
1056 3667 1155 3740 dinis,
1169 3669 1224 3730 vel
1238 3669 1306 3731 alio
1321 3671 1417 3734 modo
1435 3672 1560 3751 aliquid
1581 3690 1601 3736 a
1622 3674 1718 3737 vobis
1733 3676 1855 3740 audeat

204 3765 336 3841 pagina
349 3767 534 3842 praesentis,
554 3766 729 3830 immunes.
757 3771 822 3830 Pro
836 3769 877 3830 iis
890 3771 1000 3832 autem
1056 3765 1266 3842 extorquere,
1281 3783 1341 3829 seu
1361 3767 1397 3830 in
1418 3786 1489 3843 vos,
1512 3772 1565 3832 vel
1580 3772 1755 3836 ecclesiam
1777 3789 1854 3836 ves-

203 3863 238 3924 et
247 3863 335 3933 aliis,
357 3863 524 3941 inquibus
548 3865 689 3928 ecclesia
704 3867 815 3928 vestra
829 3865 902 3944 lege
916 3868 1001 3930 dioe-
1054 3863 1156 3935 tram,
1167 3863 1336 3928 interdicti
1350 3867 1402 3930 vel
1413 3870 1765 3932 excommunicationis
1773 3888 1853 3936 sen-

202 3975 325 4024 casana
356 3959 470 4022 forsan
502 3963 704 4024 Florentinae
734 3964 886 4028 ecclesiae
908 3965 1002 4026 tene-
1054 3961 1176 4022 tentias
1191 3963 1402 4040 promulgare
1426 3967 1617 4042 praesumat
1639 3969 1719 4028 Cum
1741 3971 1851 4031 autem

203 4057 296 4118 retur
322 4073 423 4119 unam
448 4058 567 4120 libram
593 4075 680 4121 certa
706 4059 846 4134 tantum,
877 4062 910 4123 at
932 4077 1000 4124 non
1054 4059 1210 4132 generale
1238 4059 1450 4122 interdictum
1478 4063 1576 4124 terrae
1602 4063 1720 4137 tuerit,
1750 4066 1852 4129 liceat

202 4153 294 4222 aliud
319 4153 355 4216 iu
381 4155 466 4218 lesio
493 4156 607 4221 Sancti
641 4157 777 4228 zenobii
796 4157 1000 4221 Florentinae
1054 4153 1160 4228 vobis,
1175 4155 1299 4216 clausis
1311 4157 1437 4233 januis,
1455 4159 1601 4220 exclusis
1621 4165 1850 4226 excommuni-

202 4251 354 4313 ecclesiae
371 4252 469 4314 annis
493 4252 635 4330 singulis
650 4253 858 4330 persolvetis.
884 4256 1000 4318 Liceat
1054 4251 1137 4314 catis
1152 4252 1204 4313 vel
1219 4254 1414 4328 interdictis,
1432 4270 1498 4316 non
1512 4257 1846 4338 pulsatiscampanis,

205 4361 335 4425 qnoque
364 4347 458 4410 vobis
473 4348 631 4412 mulieres
642 4351 769 4426 ¹liberas
782 4353 815 4414 et
828 4351 998 4420 absolutas
1053 4364 1231 4427 suppressa
1265 4367 1361 4424 voce,
1385 4352 1499 4416 divina
1527 4355 1636 4420 officia
1664 4358 1846 4433 celebrare,

200 4459 220 4505 e
237 4443 359 4506 saeculo
374 4443 538 4521 brgientes
560 4447 601 4507 ad
615 4448 865 4510 conversionem
881 4449 916 4512 in
936 4466 998 4512 ec·
1054 4447 1848 4534 specialiterinbibautesneusurarlosetencoun·

202 4540 306 4602 clesia
330 4543 440 4604 vestra
451 4544 612 4620 recipere,
633 4545 667 4606 et
694 4559 752 4606 eas
765 4545 838 4606 sine
863 4549 998 4610 contra-
1052 4545 1238 4617 muricatos
1252 4547 1310 4609 aut
1324 4547 1515 4622 haereticos,
1528 4552 1580 4626 vel
1602 4553 1642 4614 de
1657 4553 1778 4616 haeresi
1794 4555 1848 4616 in-

200 4635 345 4700 dictione
357 4639 536 4716 cujuslibet
547 4639 703 4704 retinere.
719 4659 738 4702 a
1052 4641 1247 4716 lamatos,et
1259 4646 1487 4712 nominatim-a
1497 4649 1690 4714 Florentiae
1703 4655 1845 4716 ecclesia

239 4735 491 4797 ‹Prohibemus
517 4738 635 4811 etiam,
662 4754 702 4802 ac
730 4739 815 4801 nulli
844 4757 996 4804 sororum
1051 4740 1477 4818 interdictos,praesumatis
1492 4746 1528 4806 in
1542 4747 1612 4808 vita
1624 4749 1677 4812 val
1692 4750 1726 4810 in
1741 4754 1846 4816 morte

197 4833 396 4905 vestrarum,
416 4835 491 4910 post
513 4834 634 4896 factam
660 4837 695 4897 in
720 4838 863 4900 ecclesia
886 4843 995 4902 vestra
1051 4839 1295 4914 quomodolibet
1306 4841 1454 4917 recipere
1472 4843 1514 4903 ad
1527 4843 1652 4907 dimna.
1667 4847 1737 4910 Noc
1751 4849 1845 4919 vobis

199 4928 448 5006 professionem,
472 4930 522 4992 tas
537 4933 582 4994 sit
595 4933 635 4994 de
656 4927 771 4996 eodem
794 4936 866 4998 loeo
887 4937 997 5000 disce-
1050 4933 1150 4996 licoat
1172 4936 1377 5010 sepulturam
1402 4937 1524 5000 habere
1548 4941 1614 5002 nisi
1629 4958 1690 5019 pro
1699 4946 1798 5008 vobis
1812 4949 1845 5008 et

199 5025 288 5097 dere,
305 5042 365 5088 seu
377 5027 558 5089 claustrum
581 5030 729 5092 vestrum
753 5032 858 5093 exire.
875 5033 994 5094 Disce·
1050 5031 1201 5105 personis
1216 5033 1305 5106 aliis,
1323 5051 1396 5110 quae
1409 5034 1452 5096 ad
1467 5039 1614 5100 vestrum
1629 5039 1753 5111 fuerint
1767 5059 1842 5104 ser-

198 5123 330 5184 dentem
344 5139 437 5196 vero,
463 5124 588 5202 absque
612 5127 836 5189 communium
859 5129 993 5190 littera·
1048 5127 1165 5188 vitium
1181 5129 1356 5205 deputatae.
1370 5131 1418 5192 Ad
1432 5132 1592 5196 indicium
1608 5137 1708 5214 bujus
1723 5155 1743 5201 a
1759 5140 1843 5204 Sede

198 5233 270 5280 rum
297 5220 485 5282 vestrarum
515 5221 690 5294 cautione,
728 5224 838 5285 nullus
874 5226 994 5288 audeat
1048 5225 1238 5300 Apostolica
1248 5231 1411 5304 perceptae
1420 5229 1583 5296 libertatis
1594 5250 1731 5297 aureum
1741 5253 1841 5300 unum

197 5315 352 5378 retinere.
372 5316 522 5394 Aliisque
546 5319 697 5396 personis
722 5335 930 5398 nequaquam
947 5323 992 5382 li-
1047 5323 1242 5398 persolvetis
1256 5327 1404 5388 Romano
1419 5329 1572 5392 Pontifici
1587 5333 1801 5403 annuatim.»

196 5415 271 5476 ceat
284 5413 414 5490 ingredi
429 5413 610 5476 claustrum
624 5417 781 5489 vestrum,
797 5418 861 5480 nisi
875 5419 935 5490 eis,
953 5419 993 5480 de
1087 5437 1105 5480 s
1120 5422 1335 5483 Decernimus
1350 5438 1441 5500 ergo,
1467 5428 1501 5488 ut
1519 5427 1603 5489 nulli
1631 5431 1765 5495 omuino
1779 5432 1842 5494 bo-

196 5510 315 5587 quibus
329 5511 496 5574 licentiam
517 5511 701 5574 habueritis
724 5514 912 5590 specialem.
928 5519 993 5578 lia-
1047 5518 1172 5578 minum
1188 5517 1287 5582 liceat
1304 5521 1747 5597 praetatnmmonasterium·
1759 5546 1839 5606 per-
1916 5597 1919 5602 ,

196 5607 380 5670 dicationes
410 5621 489 5672 vero
529 5609 747 5674 ecclesiarum
777 5613 989 5685 vestrarum,
1045 5614 1197 5688 turbare,
1233 5620 1291 5682 aut
1326 5620 1413 5695 ejus.
1429 5622 1655 5697 possessiones
1688 5625 1836 5703 auterre,
