4248 6410
1638 219 1641 228 ’
1759 240 1826 300 sea.

179 249 235 310 sei
810 243 1039 306 nrisroum.
1063 244 1141 330 usia.
1165 245 1202 304 v.

172 405 511 489 ditorem‚ooramquo
520 403 723 479 cumsinguli
731 404 964 480 procuratores
1020 402 1105 464 tioni
1119 403 1238 465 vestrm
1254 417 1313 480 per
1326 402 1515 480 Apostolica
1535 400 1657 476 scripta
1678 398 1819 460 manda-

172 501 627 580 aliquandiudisceptassent,
638 501 715 578 quia
726 501 868 561 vidimus
879 497 965 577 quod
1021 497 1618 579 musquatenus,revocatoinstatum
1630 495 1776 557 debitum
1788 497 1816 556 si

173 599 319 678 provisio
334 599 547 661 Belvacensis
560 598 709 660 ecclesiae
731 597 826 661 nobis
841 596 968 674 princi·
1022 597 1098 674 quid
1110 599 1226 672 contra
1240 597 1339 674 ipsos,
1352 595 1440 673 juris
1451 595 1566 656 ordine
1580 595 1815 672 praetermisso,

173 696 293 774 paliter
316 694 520 766 imminebat,
538 711 612 756 eam
631 693 736 764 vohis,
762 693 802 754 de
827 709 966 771 quorum
1022 694 1148 756 lecistis
1169 696 1205 756 in
1227 694 1417 772 hujusmodi
1435 693 1578 768 negotio,
1601 691 1723 754 auditis
1745 708 1818 768 quae

174 792 383 857 rectitudinis
402 793 473 854 zelo
489 793 522 854 et
545 780 685 853 ralio'nis
707 791 823 867 vigore
844 790 966 851 lauda·
1022 793 1133 868 partes
1146 792 1302 862 duxerint
1317 791 1540 868 proponenda,
1555 789 1684 852 sublato
1700 788 1817 866 appel·
1847 799 1851 804 ·

173 890 239 952 bile
250 889 346 952 nobis
357 889 584 952 testimonium
598 888 800 965 perhibetur,
813 886 968 949 duximus
1023 888 1156 950 lationis
1172 889 1353 961 obstaculo,
1370 889 1500 950 ratione
1515 888 1639 964 praevia
1654 886 1819 965 proceda-

173 987 451 1057 committendam,
462 985 721 1063 perApostolioa
737 986 860 1061 scripta
874 1000 970 1045 man·
1024 987 1078 1048 tis.
1105 986 1194 1058 Quod
1221 987 1250 1046 si
1279 1002 1344 1046 non
1376 999 1490 1046 omnes
1515 985 1567 1045 his
1599 983 1820 1061 exsequendis

173 1084 290 1145 dantes
306 1084 338 1145 et
362 1082 564 1146 obtestantes
585 1098 645 1160 per
665 1081 863 1158 sanguinem
889 1084 970 1145 iesu
1025 1083 1175 1160 poteritis
1201 1083 1374 1155 interesse,
1400 1084 1435 1145 tu
1458 1098 1509 1154 ea,
1525 1083 1629 1145 irater
1651 1083 1819 1158 episcope,

175 1180 309 1250 Christi,
324 1181 485 1256 quatenus
498 1179 734 1258 habentesprae
748 1180 853 1241 oculis
863 1180 970 1240 solum
1025 1196 1100 1241 cum
1115 1196 1230 1241 eorum
1244 1179 1349 1242 altero
1372 1179 1588 1242 nihilominus
1612 1179 1820 1257 exsequaris.

175 1280 290 1348 Deum,
302 1276 476 1348 beneficia,
490 1292 563 1354 quae
575 1276 616 1337 ad
627 1277 837 1338 donationem
847 1277 969 1338 Belva·
1026 1278 1144 1339 Datum
1159 1279 1326 1347 Laterani,
1342 1273 1388 1338 III
1401 1291 1478 1338 non.
1493 1277 1638 1339 decemb.
1655 1275 1824 1354 pontifica-

175 1376 284 1435 censis
297 1375 406 1449 electi,
417 1374 445 1434 si
457 1389 605 1450 praesens
615 1374 784 1446 existeret,
800 1374 972 1450 pertinen·
1025 1377 1078 1437 tus
1087 1372 1194 1438 nostri
1209 1389 1297 1436 anno
1312 1375 1437 1452 quinto.

173 1472 262 1532 tibus
279 1470 431 1548 personis
451 1470 607 1532 litteratis
623 1471 656 1531 et
672 1470 831 1541 honestis,
843 1472 876 1533 et
886 1470 970 1531 alias

176 1569 305 1630 idoneis
341 1566 535 1638 conteratis,
561 1567 594 1628 et
621 1567 769 1628 vicissim
797 1567 971 1628 visitantes
1366 1533 1487 1620 CXVI

176 1665 355 1736 civitatem,
385 1665 419 1725 et
434 1663 603 1726 dioecesim
617 1663 853 1726 Belvacensem
867 1663 971 1726 lucris
1027 1669 1078 1726 Ad
1096 1669 1375 1729 archidiaconum
1399 1671 1539 1738 Boinoa,
1568 1682 1612 1728 oc
1631 1670 1824 1731 iohannem

177 1761 338 1824 studeatis
354 1759 524 1822 intendere
537 1761 735 1832 animarum,
753 1760 971 1823 ministrando
1068 1767 1108 1825 dc
1123 1768 1275 1825 Parisiis
1292 1765 1326 1825 ct
1346 1767 1394 1826 W.
1418 1767 1459 1826 de
1484 1767 1624 1827 besiaco
1642 1769 1824 1827 cottonicos

176 1858 306 1938 populis
321 1857 478 1934 pabulum
501 1856 593 1919 verbi
608 1858 679 1929 Dei,
697 1861 729 1919 et
744 1857 972 1932 confessiones
1068 1863 1200 1923 Eduen.

177 1943 410 2037 poenitentium
425 1953 603 2027 audiendo,
619 1955 666 2016 ita
686 1954 772 2033 quod
785 1958 888 2016 Deum
912 1971 974 2016 vo-
1293 1937 1454 1996 ³d⁰⁰⁰fflb·
1475 1939 1555 1998 ¹²²⁰·

177 2053 229 2134 his
244 2050 365 2115 exinde
380 2053 534 2115 meritum
545 2053 756 2130 comparetis,
770 2053 803 2115 et
816 2069 877 2114 nos
894 2051 974 2112 dili·
1050 2043 1170 2108 [hegen.
1183 2042 1230 2094 liu.
1241 2043 1273 2101 V»
1284 2043 1359 2107 epist.
1373 2043 1428 2095 ²²⁶·
1443 2044 1500 2094 Μ’·
1518 2044 1641 2118 mm
1657 2045 1692 2096 ἀΰ
1705 2044 1799 2108 rhein]

177 2148 323 2232 gentiam
337 2150 482 2232 vestram
498 2148 660 2225 possimus
678 2149 796 2210 merito
811 2164 972 2226 commen·
1027 2148 1144 2209 Mandat
1170 2156 1201 2207 m
1215 2155 1341 2207 statuam
1359 2163 1446 2222 super
1468 2151 1653 2223 requisitione
1674 2152 1827 2210 canonico·

178 2247 269 2308 dare.
288 2247 405 2308 Datum
424 2245 700 2319 Laterani,tertio
717 2261 821 2309 nonas
836 2245 972 2308 decem·
1063 2238 1335 2297 rumerimueensu
1346 2239 1486 2304 ecclesie,
1494 2239 1541 2311 qui
1552 2237 1707 2312 dignitates
1720 2247 1823 2314 otper-

178 2341 259 2416 Μὴ,
277 2357 365 2404 anno
381 2343 506 2421 quinto,
1064 2335 1182 2386 senatus
1198 2327 1226 2384 in
1241 2328 1368 2400 ipsorum
1383 2328 1504 2385 eeclesia
1519 2329 1592 2400 erigi
1608 2329 1799 2400 postulabant.

729 2521 731 2525 ,
1069 2445 1248 2510 Honorius,
1265 2445 1339 2516 eto,
1357 2443 1485 2505 dilectis
1497 2443 1575 2504 illlis
1588 2444 1825 2508 archidiacone

528 2521 628 2607 CXV
1030 2542 1154 2604 Belnen
1167 2545 1200 2602 et
1208 2541 1353 2602 iohanni
1366 2539 1405 2602 de
1423 2541 1573 2613 Parisiis,
1590 2544 1623 2603 et
1641 2545 1692 2602 W.
1706 2543 1746 2603 de
1762 2547 1826 2606 Le·

180 2655 233 2716 Ad
255 2655 457 2716 irecensem
479 2653 685 2728 episcopum,
701 2653 818 2714 Sancti
833 2655 921 2726 Lupi
942 2654 975 2715 et
1031 2641 1121 2701 Si³⁰0
1133 2639 1304 2700 0³110ssicis
1318 2638 1441 2698 Eiluen·

359 2751 795 2814 SaawitMartintnpoates,
1070 2737 1119 2796 lix
1139 2736 1232 2811 parte
1261 2734 1455 2796 dilectorum
1479 2733 1623 2796 illiorum
1646 2737 1826 2798 canonico-

449 2861 607 2920 ΗΘΜ,
624 2863 704 2920 ¹220,
1030 2848 1104 2893 rum
1120 2831 1355 2894 Primiacensis
1368 2830 1519 2892 ecclesiae
1530 2829 1592 2894 luit
1605 2831 1699 2894 nobis
1712 2833 1824 2894 humi-

228 2967 349 3031 fflffl„
360 2967 405 3020 lib.
421 2968 451 3025 v,
467 2967 542 3031 ψει,
552 2967 608 3018 ¹93·
628 2967 929 3033 poemaninensium
1030 2929 1108 2990 liter
1122 2929 1352 3006 supplicatum,
1370 2930 1406 2989 ut
1428 2945 1502 2990 cum
1524 2929 1560 2990 in
1574 2930 1651 2990 aliis
1676 2946 1824 2992 conven-

459 3045 535 3105 nist,
545 3047 613 3103 xix.
629 3047 696 3113 rie]
1030 3027 1175 3089 tualibus
1184 3027 1335 3088 ecclesiis
1344 3025 1469 3088 circum
1482 3027 1665 3104 adjacentis
1679 3029 1824 3107 undique

181 3141 368 3218 Litigautede
381 3143 622 3204 hohseiodorensi
645 3146 782 3204 comitatu
791 3145 922 3219 Philippo
941 3146 977 3204 de
1030 3125 1177 3201 “08101158
1199 3125 1397 3202 P0l80ss³ills
1417 3128 1451 3186 θῑ
1464 3125 1642 3201 didimi&
1665 3127 1821 3199 existant,

217 3233 589 3300 Curtiniaco,Namurcensl
604 3235 798 3304 contiacum
814 3235 976 3292 llerveode
1032 3239 1073 3284 na
1092 3223 1156 3300 ipsi
1191 3225 1360 3298 tamquam
1392 3223 1545 3298 acephali
1569 3223 1755 3296 videamur,
1789 3226 1824 3286 in

180 3365 182 3370 .
217 3320 371 3390 lionziaco,
386 3321 491 3378 comite
507 3323 687 3392 Nivernensl,
704 3323 847 3380 Honorius
861 3322 976 3397 delega-

216 3409 281 3466 tisa
297 3422 329 3464 se
339 3406 483 3480 judicibus
495 3407 612 3466 mandat
626 3417 656 3466 ut
668 3423 702 3466 ea
722 3425 786 3483 qun
797 3417 895 3468 contra
905 3412 977 3485 juris

217 3496 345 3554 ordinem
360 3504 493 3568 egerunt,
507 3495 673 3555 reforment.

220 3613 390 3675 Honorius
406 3611 582 3690 episcopus
598 3630 714 3675 servus
730 3631 902 3677 servorum
918 3617 977 3679 bei

180 3709 364 3771 venerabili
389 3708 484 3771 tratri
508 3711 663 3788 episcopo
690 3714 723 3775 et
742 3713 871 3775 dilectis
898 3714 976 3776 liliis

181 3807 295 3869 Sancti
326 3807 409 3883 Lupi
445 3808 478 3869 et
505 3809 617 3870 Sancti
640 3810 777 3872 Martini
803 3811 976 3873 abhatibus

178 3905 345 3976 Trecens„
373 3904 563 3968 salutemet
588 3907 805 3983 apostolicam
819 3907 977 3970 benedic-

181 3999 316 4062 tionem.

220 4098 270 4156 Ex
283 4096 509 4158 insinuatione
520 4098 714 4160 nobilisviri
726 4103 976 4164 comitisNiver-
998 4123 999 4128 ¹

178 4192 295 4254 nensis
317 4194 349 4257 et
370 4195 413 4254 bl.
441 4195 555 4256 uxoris
575 4199 646 4272 ejus
666 4198 853 4274 accepimus
875 4199 973 4276 quod,

181 4305 282 4366 quum
297 4289 378 4352 certi
394 4289 434 4350 de
450 4290 541 4352 obitu
557 4292 656 4353 clarae
670 4295 838 4367 memoriae
853 4297 975 4368 P.,im·

180 4386 344 4463 paratoria
355 4387 724 4465 constantinopolitani,
737 4391 904 4456 civitatem
911 4397 975 4456 Aa·

179 4483 451 4546 tissiodorensem
470 4487 628 4564 tanquam
643 4490 720 4566 jure
740 4489 780 4550 ad
795 4504 853 4551 eos
868 4490 972 4552 devo-

1031 3336 1127 3381 suum
1158 3321 1191 3381 et
1217 3319 1365 3396 ejusdem
1389 3320 1539 3380 ecclesiae
1569 3336 1634 3381 nen
1661 3322 1825 3383 modicum

1031 3417 1275 3488 detrimentum,
1306 3417 1510 3494 praeficiendi
1532 3417 1596 3480 sibi
1618 3419 1763 3497 aliquem
1789 3421 1824 3480 in

1031 3516 1205 3586 rectorem,
1234 3517 1329 3593 cujus
1363 3514 1525 3592 regimine
1549 3515 1646 3577 dictae
1673 3519 1825 3580 ecclesiae

1030 3612 1148 3675 tamin
1164 3611 1404 3688 spiritualibus,
1422 3628 1520 3690 quam
1538 3612 1571 3674 in
1586 3614 1825 3691 temporalibus

1032 3709 1193 3786 suscipiat
1206 3709 1457 3781 incrementum,
1475 3709 1600 3772 eisdem
1611 3711 1826 3788 dignaremur

1031 3807 1823 3883 auctoritateApostolicaconcederefacultatem,

1031 3904 1214 3981 praesertim
1238 3920 1340 3980 quum
1366 3905 1487 3980 praeter
1509 3905 1666 3980 plebanos
1682 3908 1825 3969 sedecim

1031 4001 1267 4062 canonicorum
1300 4016 1460 4061 numerus
1494 4001 1527 4061 in
1565 4003 1651 4064 dicta
1683 4005 1825 4066 ecclesia

1030 4097 1174 4160 existere
1189 4097 1413 4173 dignoscatur.
1433 4101 1538 4170 Quum
1551 4099 1654 4175 igitur
1666 4100 1825 4165 instantia

1030 4196 1143 4257 nostra
1158 4193 1350 4273 quotidiana
1376 4195 1420 4256 sit
1441 4195 1660 4258 ecclesiarum
1675 4200 1824 4260 omnium

1029 4292 1216 4354 sollicitudo
1256 4291 1431 4364 continua,
1479 4293 1642 4355 dictorum
1685 4299 1825 4358 canoni-

1030 4405 1142 4452 corum
1165 4387 1318 4466 precibus
1341 4390 1505 4464 inclinati,
1531 4391 1723 4456 discretioni
1747 4410 1826 4457 ves—

1028 4490 1088 4550 trae
1126 4503 1186 4564 per
1220 4489 1410 4564 Apostolica
1448 4489 1571 4566 scripta
1609 4493 1822 4567 mandamus,

174 4579 281 4642 lutam
304 4581 517 4644 haereditario
539 4583 711 4658 adiissent,
735 4587 767 4649 et
788 4603 888 4664 super
911 4588 974 4651 hoc
1028 4587 1201 4664 quatenus,
1217 4583 1457 4663 habentesprae
1472 4588 1578 4650 oculis
1591 4589 1698 4650 solum
1708 4593 1821 4664 Deum,

178 4693 252 4738 cum
277 4677 381 4740 nobili
404 4681 477 4742 viro
503 4681 623 4742 comite
644 4683 865 4746 Namurcensi
893 4687 995 4746 Phi·
1026 4684 1181 4746 statuatis
1222 4698 1323 4760 super
1355 4683 1414 4744 his
1454 4686 1652 4748 auctoritate
1689 4690 1822 4762 nostra,

178 4773 278 4850 lippo,
293 4775 371 4836 nato
389 4777 538 4852 praedicti
557 4776 973 4852 deiuncti,etRobertode
1028 4781 1113 4858 quod
1147 4780 1314 4858 predicte
1346 4781 1565 4844 Primiacensi
1595 4785 1756 4860 ecclesiae,
1785 4804 1825 4850 ac

178 4871 353 4932 cortenaio
370 4873 564 4948 aliquandiu
579 4874 776 4952 litigassent,
795 4884 854 4940 vos
873 4895 974 4957 super
1027 4879 1178 4956 personis
1207 4877 1428 4942 residentibus
1465 4879 1500 4940 in
1529 4880 1645 4944 eadem
1671 4884 1823 4948 videritis

178 4967 242 5038 his,
269 4967 466 5031 auctoritate
493 4973 603 5034 vestra
628 4975 861 5051 processistis,
884 4977 972 5053 juris
1019 4976 1194 5052 expedire,
1205 4975 1382 5038 dummodo
1396 4977 1432 5037 in
1442 4977 1584 5054 alicujus
1593 4981 1821 5058 praejudicium

178 5063 328 5124 ordinem
350 5079 417 5125 non
439 5069 622 5130 servantes.
646 5071 738 5132 Unde
753 5072 853 5134 iidem
878 5073 972 5136 nobis
1027 5089 1093 5136 non
1119 5072 1290 5136 redundet
1329 5074 1422 5145 Quod
1461 5075 1489 5136 si
1519 5091 1585 5138 non
1619 5093 1733 5141 omnes
1768 5080 1822 5142 his

178 5160 352 5222 humiliter
366 5160 594 5239 supplicarunt
612 5168 659 5239 ut,
677 5184 751 5230 cum
771 5171 879 5246 parati
905 5171 973 5234 sint
1026 5170 1247 5248 exsequendis
1273 5170 1435 5234 interesse
1455 5173 1640 5249 potueritis,
1659 5175 1723 5238 duo
1744 5193 1823 5239 ves·

177 5257 219 5318 de
240 5273 276 5318 se
299 5273 400 5334 super
421 5259 484 5321 boc
511 5265 788 5340 conquerentibus
806 5268 971 5344 justitiam
1026 5269 1113 5331 hum
1141 5282 1181 5328 ea
1206 5267 1422 5329 nihilominus
1440 5273 1677 5347 exsequantur.
1699 5275 1819 5336 Datum

178 5354 348 5426 exhibere,
359 5372 418 5432 pro
431 5361 683 5428 conservatione
692 5363 779 5439 juris
792 5379 907 5426 eorum
919 5381 973 5428 vo-
1026 5365 1193 5437 Laterani,
1208 5367 1252 5426 ill
1274 5380 1381 5428 nonas
1399 5365 1584 5436 decembris
1609 5369 1820 5445 pontificatus

177 5449 227 5511 bis
243 5451 389 5513 scribere
409 5453 632 5530 dignaremur.
655 5460 827 5532 Quocirca,
841 5461 970 5523 discre—
1026 5462 1132 5522 nostri
1147 5462 1375 5538 annoquinto.
