4250 6404
286 304 327 362 39
907 292 1083 354 honorii
1105 293 1150 354 111
1172 293 1319 374 ospiti.
1898 293 1939 352 10

286 461 320 522 31
334 475 413 520 3333
427 456 583 521 dicebant
605 455 796 534 conjudices
817 453 1026 530 impetrasse,
1047 451 1088 514 de
1108 455 1109 458 ’
1140 449 1314 514 beratione
1328 450 1498 522 statutum,
1514 449 1550 512 ut
1562 447 1950 527 constantinopolitana.

286 557 517 619 reservatione
542 556 615 634 ipsa
639 569 706 616 non
721 552 836 615 hahita
857 550 1036 622 mentione,
1051 549 1088 610 in
1142 547 1230 610 sedis
1249 548 1399 620 antistes,
1417 549 1590 624 postquam
1612 563 1632 608 a
1654 551 1806 612 Romano
1824 549 1942 611 Ponti-

286 635 531 732 possessionem
556 653 737 715 decanatus
764 649 871 728 ipsius
891 647 1089 710 inducerent
1141 645 1203 707 tice
1231 646 1398 722 receperit
1425 646 1576 722 pallium,
1602 645 1689 723 quod
1714 646 1766 708 331
1789 646 1941 724 plenitu-

288 751 567 828 defenderentque
592 749 775 811 inductum.
812 745 969 808 Partibus
985 745 1089 822 igitur
1141 743 1229 804 dinis
1257 741 1358 804 oflicii
1385 741 1586 820 pontificalis
1612 741 1760 818 insigne,
1787 744 1941 821 praestito

286 849 322 911 in
337 850 444 926 ipsius
459 847 588 910 ahhstis
613 849 645 908 s.
674 845 820 908 Victoris
835 845 868 906 et
885 843 1088 920 collegarum
1141 839 1205 902 sihi
1224 839 1394 902 fidelitatis
1413 841 1447 902 31
1467 839 1665 904 obedientia
1682 841 1878 916 juramento
1896 841 1942 902 li-

285 961 423 1007 333333
439 943 617 1022 praesentia
632 942 832 1015 constitutis,
846 957 889 1002 ex
903 939 997 1018 parte
1007 938 1087 1000 dicti
1141 942 1256 998 center
1273 935 1344 998 suis
1365 935 1588 1013 suffraganeis
1604 937 1744 1015 pallium
1764 937 1938 1014 largiatur,

286 1042 456 1121 praepositi
469 1042 502 1103 et
515 1041 735 1103 coelectorum
749 1055 884 1101 suorum
895 1038 1089 1114 fuitpropo-
1140 1034 1307 1112 recipiens
1328 1050 1388 1111 pro
1412 1051 1449 1096 se
1472 1033 1715 1112 professionem
1732 1035 1938 1108 canonicam,

286 1141 388 1201 situm
398 1155 511 1201 coram
521 1138 583 1211 313,
596 1137 682 1216 quod
693 1136 892 1199 auctoritate
902 1135 1087 1198 litterarum
1141 1134 1174 1195 et
1197 1148 1257 1210 pro
1281 1134 1433 1194 Romana
1454 1132 1604 1196 Ecclesia
1625 1133 1839 1210 sponsionem
1857 1132 1940 1194 ohe-

287 1236 670 1315 hujusmodiprccedere
696 1251 762 1297 non
788 1233 942 1312 poterant
961 1233 1088 1309 inipso
1141 1229 1275 1292 dieutiae
1305 1229 1349 1290 ah
1378 1229 1523 1303 eisdem,
1556 1229 1750 1294 discretioni
1787 1231 1853 1308 tuas
1880 1247 1942 1310 per

286 1335 436 1411 negotio,
459 1349 521 1396 nec
546 1332 722 1401 dehebant,
751 1348 790 1394 3ο
817 1331 902 1409 quod
924 1346 985 1408 per
1011 1329 1088 1391 falsi
1140 1327 1332 1404 Apostolica
1365 1327 1491 1404 scripta
1522 1328 1737 1401 mandamus,
1774 1329 1941 1406 quatenus

286 1432 533 1510 suggestionem
556 1431 740 1508 impetratae
759 1429 902 1500 fuerant,
922 1428 983 1490 tali
996 1427 1088 1490 veri-
1141 1422 1249 1488 eidem
1278 1423 1546 1502 archiepiscopo,
1578 1440 1676 1502 quem
1705 1441 1750 1490 ex
1779 1425 1941 1502 praedicta

287 1531 355 1592 tate
366 1529 467 1591 tacita
482 1545 556 1606 333
577 1544 736 1606 expressa
748 1527 937 1589 nullatenus
947 1525 1089 1588 fuissent
1141 1536 1242 1584 causa
1268 1521 1440 1584 dumtaxat
1464 1538 1565 1599 super
1592 1539 1656 1582 usu
1677 1523 1802 1600 recepti
1826 1523 1941 1586 taliter

289 1627 442 1699 ostentae,
458 1626 871 1701 cumetiamlitteraeipsae
896 1640 961 1685 non
977 1623 1088 1684 essent
1140 1617 1235 1694 pallii
1259 1619 1416 1685 nolumus
1440 1618 1605 1696 impediri,
1631 1619 1745 1682 utendi
1768 1635 1809 1682 oo
1832 1619 1939 1682 libere

290 1725 509 1787 revocatoriae
519 1725 707 1786 litterarum
719 1723 759 1783 ad
773 1721 945 1800 praefatum
957 1719 1089 1784 11133113-
1140 1713 1268 1776 1311333
1283 1715 1486 1780 facultatem.
1501 1718 1620 1782 Datum
1630 1717 1850 1790 Laterani,IV
1858 1718 1936 1782 Kal.

291 1825 419 1884 tensam
431 1824 463 1883 et
473 1837 551 1882 suos
563 1819 755 1897 canudices
764 1835 864 1896 super
873 1818 1087 1896 ipsonegotio
1140 1811 1305 1886 novemb„
1320 1813 1534 1890 pontificatus
1548 1813 1655 1879 nostri
1668 1830 1757 1880 anno
1771 1815 1883 1878 tertio.

291 1918 599 1994 obtentarumzquae
610 1917 721 1978 omnia
731 1916 839 1978 dicture
847 1915 1045 1992 praepositus
1054 1915 1088 1976 et

290 2019 453 2095 perseius
466 2015 613 2089 legitime
628 2013 769 2090 probare
781 2012 946 2074 volebant.
963 2014 1087 2072 Verum
1462 1971 1611 2060 XXXII

289 2113 367 2192 quia
378 2112 573 2174 executores
584 2111 648 2188 ipsi
660 2110 870 2187 exceptiones
881 2109 914 2170 et
923 2108 1088 2185 probatio-
1139 2105 1192 2166 aa
1217 2107 1422 2180 episcopum,
1449 2107 1617 2168 1133333111
1643 2106 1679 2168 31
1704 2107 1936 2172 subdecanum

289 2227 349 2273 nes
371 2226 486 2272 eorum
504 2209 670 2285 legitimas
686 2207 861 2270 admittere
879 2205 1087 2282 denegabant
1399 2204 1677 2266 aurelianenses.

287 2306 650 2371 nostramaudientiam
664 2305 924 2382 appellaverunt.
934 2303 1085 2366 Attidem
1417 2314 1453 2374 33
1466 2313 1561 2373 octob,
1579 2317 1657 2374 itis.

286 2408 498 2477 executores,
521 2403 669 2480 legitima
692 2403 841 2479 ipsorum
863 2401 1085 2478 appellatione
1177 2413 1297 2478 313333,
1311 2411 1546 2476 1331333331.
1559 2411 1615 2466 hm.
1629 2413 1900 2480 herencurtem]

287 2503 473 2580 contempta
482 2499 839 2562 excommunicationis
847 2500 882 2560 in
890 2515 947 2560 eos
955 2499 1085 2560 senten·
1139 2513 1176 2572 pr
1191 2509 1266 2584 quod
1280 2525 1367 2583 super
1381 2509 1533 2582 prebenda
1546 2516 1577 2568 ec
1593 2509 1826 2570 archidamum
1843 2513 1934 2572 Seno.

286 2601 367 2662 tiam
378 2597 686 2677 promulgaverunt,
697 2597 782 2658 31133
795 2596 885 2673 ipsos
898 2595 1085 2673 multiplici·
1174 2615 1241 2658 333.
1266 2597 1473 2658 sententialiter
1487 2612 1502 2656 o
1517 2597 1590 2657 sede
1604 2599 1769 2672 Apostolics
1787 2598 1840 2659 fuit
1860 2599 1935 2658 diiii-

162 2737 166 2743 ·
285 2699 337 2760 ter
346 2697 578 2774 aggravantes.
591 2695 753 2768 Quocirca
763 2691 1085 2755 discretionivestroe
1173 2689 1275 2754 31133,
1289 2686 1434 2745 observari
1450 2684 1566 2746 iaciant.

286 2812 346 2875 per
355 2794 544 2872 Apostolica
556 2793 679 2870 scripta
690 2791 897 2864 mandamus,
909 2791 1082 2869 quatenus,
1177 2795 1356 2864 Honorius,
1370 2795 1622 2873 313.,3313333ο,
1631 2797 1664 2860 31
1675 2795 1805 2858 dilectis
1816 2795 1934 2858 filiis...

229 2939 233 2948 .
286 2893 316 2955 si
327 2893 421 2956 vobis
436 2891 621 2954 constiterit
640 2890 681 2951 de
698 2889 892 2966 praemissis,
910 2905 929 2949 a
946 2887 1084 2964 praefato
1138 2890 1275 2965 decano,
1290 2895 1359 2954 et...
1376 2890 1565 2954 subdecano
1579 2893 1807 2966 aurelianen„
1824 2886 1887 2955 etc.

284 2991 463 3069 praeposito
489 2989 522 3050 et
537 2988 637 3049 sociis
652 2987 721 3048 suis
735 2985 916 3048 sufficienti
930 2985 1084 3048 cautione
1177 2992 1258 3052 Cum
1282 3003 1383 3067 super
1405 2987 1593 3067 praebenda,
1607 2988 1641 3052 et
1661 2989 1935 3054 archidiaconatu

284 3089 429 3165 recepta,
443 3086 530 3164 quod
543 3099 645 3162 super
659 3085 702 3145 iis
722 3100 782 3161 pro
805 3082 925 3161 quihus
949 3099 1085 3145 excom·
1139 3089 1304 3150 senonen.
1326 3086 1478 3148 ecclesias
1496 3086 1629 3148 diversa
1643 3088 1677 3152 ot
1695 3088 1836 3152 adversa
1855 3089 1938 3152 olim

284 3184 445 3248 municati
474 3183 577 3245 131333
602 3183 787 3270 noscuntur
805 3181 876 3260 juri
905 3180 1082 3257 parebant,
1137 3185 1279 3247 fuissent
1292 3184 1461 3263 proposita
1471 3185 1702 3258 coramnobis,
1716 3189 1753 3247 Ρ.
1767 3189 1934 3248 senonen.

285 3283 411 3346 eisdem
421 3283 519 3360 juxta
532 3279 672 3343 formam
684 3279 840 3342 Ecclesiae
862 3277 1083 3342 absolutionis
1137 3283 1297 3346 canonico
1304 3283 1729 3360 procuratorevenorahilis
1738 3282 1851 3346 fratris
1860 3300 1938 3346 nos-

282 3379 481 3459 impendatis
506 3377 705 3440 heneficium
720 3377 762 3438 ad
783 3376 958 3448 cautelam,
976 3377 1020 3450 et,
1043 3376 1084 3438 de
1136 3379 1180 3442 tri
1183 3423 1244 3440 .....
1285 3383 1450 3442 senonen.
1479 3379 1724 3458 archiepiscopi
1751 3381 1934 3453 asserente,

282 3477 516 3556 appellationis
531 3491 633 3538 cansa
655 3475 803 3551 legitime
831 3475 1080 3550 cognoscentes,
1137 3477 1223 3556 quod
1238 3477 1380 3540 dilectus
1396 3477 1484 3540 lilius
1498 3479 1527 3540 J.
1545 3479 1710 3540 senonen.
1723 3477 1937 3543 archidiaco-

283 3575 446 3638 sidictam
459 3571 813 3636 excommunicationis
827 3571 1085 3634 sententiamin·
1136 3591 1201 3637 nus
1225 3575 1304 3638 3113
1327 3573 1512 3652 resignavit
1532 3575 1720 3653 utrumque,
1745 3591 1783 3637 se
1803 3576 1838 3638 in
1861 3577 1935 3654 1333

284 3672 444 3736 veneritis
455 3672 528 3749 post
538 3669 796 3749 appellationem
811 3669 852 3730 ad
863 3685 924 3730 nos
936 3669 1085 3747 13311133
1136 3673 1362 3750 resignatione
1372 3674 1450 3735 roto
1464 3673 1517 3734 vel
1526 3674 1716 3750 juramento
1731 3673 1933 3750 astringens,

283 3769 514 3847 interpositam
527 3783 601 3830 esse
616 3767 728 3840 latam,
741 3767 939 3830 3313331313
950 3767 1083 3829 irritum
1137 3771 1224 3848 quod
1234 3787 1274 3833 ea
1288 3770 1329 3833 de
1339 3771 1459 3832 caelero
1475 3770 1547 3831 sine
1562 3769 1810 3848 dispensatione
1823 3775 1935 3848 ipos-

283 3866 443 3945 quidquid
458 3867 532 3943 post
544 3863 801 3942 appellationem
819 3863 927 3942 ipsam
941 3863 1085 3926 invene·
1136 3866 1936 3946 131133333333133331,1311333331,1331333133

282 3965 357 4028 ritis
373 3978 547 4042 perperam
561 3963 769 4035 attentatum,
790 3961 969 4039 inquiratis
984 3977 1085 4039 super
1137 3965 1386 4036 archidiacono,
1403 3963 1490 4041 quod
1505 3963 1650 4033 devoto,
1672 3964 1725 4026 vel
1743 3967 1936 4042 juramento

283 4077 442 4141 processu
466 4061 572 4124 totius
597 4060 722 4136 negotii
746 4059 939 4135 diligentius
954 4059 1083 4121 verita·-
1137 4062 1346 4140 praemissum
1359 4059 1612 4146 estinsiuuante
1624 4061 1771 4134 omnino,
1783 4077 1823 4126 33
1834 4063 1935 4128 etiam

282 4164 361 4233 tem,
388 4162 425 4224 et
445 4175 580 4222 causam
605 4157 810 4220 sufficienter
831 4156 1027 4220 instructam
1042 4156 1083 4218 ad
1137 4160 1323 4221 affirmante
1338 4159 1424 4236 quod
1436 4173 1554 4220 331333
1564 4157 1767 4235 prebendam
1782 4159 1888 4237 ipsam
1903 4161 1937 4224 st

283 4261 431 4321 nostram
444 4257 656 4333 praesentiam
670 4255 858 4327 remittatis,
873 4255 1083 4331 praefigentes
1137 4256 1446 4319 archidiaconatum
1469 4255 1666 4332 simpliciter
1689 4255 1886 4332 resignavit,
1903 4258 1936 4319 et

284 4354 433 4433 partibus
442 4354 622 4415 terminum
636 4354 875 4428 competentem
890 4367 955 4429 quo
969 4353 1083 4414 nostro
1138 4354 1345 4433 postmodnm
1360 4370 1420 4432 per
1433 4354 1585 4416 eumdem
1595 4351 1884 4432 archiepiscopum
1894 4355 1936 4416 de

285 4469 322 4514 33
332 4449 522 4526 3333333131
532 4449 781 4540 repraesentent,
790 4447 876 4523 quod
887 4449 1084 4510 canonicum
1138 4455 1279 4530 utroque
1300 4452 1363 4514 fuit
1381 4453 1417 4513 in
1440 4453 1605 4512 senonen.
1630 4450 1777 4527 capitulo
1795 4451 1935 4514 investi-

284 4549 395 4620 fuerit,
408 4548 543 4608 auctore
554 4544 705 4616 Domine,
724 4543 907 4619 recepturae
918 4559 925 4602 :
936 4543 1084 4620 alioquin
1137 4553 1206 4623 tus;
1224 4550 1301 4627 quia
1314 4565 1414 4626 super
1435 4547 1487 4611 his
1503 4547 1600 4609 nobis
1613 4563 1680 4609 non
1694 4549 1825 4624 poterat
1839 4549 1936 4626 plene

286 4647 397 4724 partes
412 4643 453 4706 ad
464 4641 679 4721 praefatorum
694 4643 728 4702 s.
745 4640 889 4704 Victoris
908 4639 1037 4701 abbatis
1052 4643 1086 4702 et
1138 4647 1302 4716 constare,
1327 4661 1387 4722 per
1411 4644 1550 4708 dilectos
1572 4643 1660 4706 tilios
1674 4643 1827 4707 abbatem
1842 4649 1936 4708 Prae-

286 4745 489 4820 collegarum
504 4755 639 4802 suorum
651 4737 892 4828 Parisiensium
907 4737 1085 4800 remittatis
1138 4742 1352 4806 3333133133.
1382 4742 1415 4803 31
1497 4740 1770 4810 archidiaconum
1796 4745 1932 4806 Reman.

287 4857 440 4904 examen.
454 4840 573 4900 Datum
583 4835 739 4899 Laterani
749 4838 793 4898 VI
800 4835 869 4898 kal.
882 4834 1082 4909 novembris,
1137 4839 1311 4902 veritatem
1325 4839 1464 4900 fecimus
1477 4838 1613 4916 inquiri.
1629 4839 1841 4904 Postmodum
1854 4857 1935 4904 vero

287 4938 498 5016 pontificatus
512 4934 617 4998 nostri
633 4949 721 4996 anno
734 4933 844 4995 tertio.
1138 4937 1326 5000 constitutis
1341 4937 1375 4998 in
1389 4936 1568 5014 prasentia
1584 4937 1699 4998 nostra
1712 4939 1756 4998 M.
1773 4953 1934 5013 procura·
2043 4933 2049 4938 ’

622 5058 748 5148 XXXI
1137 5035 1209 5097 tore
1230 5034 1483 5143 archiepiscopi,
1507 5035 1540 5096 et
1558 5035 1592 5142 J..
1605 5031 1842 5144 archidiacono
1863 5051 1935 5097 me.

306 5189 358 5250 Ad
378 5185 792 5260 constantinopolitanam
806 5183 1061 5258 patriarcham.
1138 5134 1277 5246 {maim
1292 5133 1369 5212 qnia
1385 5149 1444 5210 per
1459 5147 1565 5209 msam
1585 5131 1833 5242 ¹¹¹q¹¹¹⁵¹t¹9¹¹f³m
1848 5133 1934 5195 nihil

567 5285 707 5346 2900101,
720 5287 802 5346 itis.
1138 5247 1327 5342 invenimus
1340 5233 1455 5292 contra
1471 5229 1645 5306 praefatum
1659 5229 1933 5338 archidiaconum

328 5377 467 5446 [Raynald,
480 5377 573 5428 rinnai.
585 5344 721 5425 ecclesiast.
735 5376 767 5426 ad
779 5387 875 5424 annum
886 5374 956 5433 liis,
968 5373 1043 5438 iili]
1138 5329 1340 5438 sumqenter
1353 5343 1427 5390 ⁰⁸⁸⁰
1438 5326 1669 5437 prob-titum&
1680 5326 1721 5388 de
1734 5329 1934 5438 lllysssfilui'a

283 5461 320 5518 iil
339 5459 456 5519 mandat
475 5464 508 5516 ut
529 5455 720 5516 corinthiensi
745 5456 962 5528 archiepiscopo
983 5451 1084 5513 utendi
1137 5423 1852 5504 121'2131110131101’13⁰0¹1⁸t¹t¹telldssntffl'ffllilte
1868 5426 1935 5488 ¹¹¹⁰·

268 5605 271 5610 ,
486 5537 573 5611 pallio
586 5536 692 5593 tribuat
707 5535 881 5593 facultatem.
1136 5526 1207 5586 133
1226 5522 1499 5586 archidiaconum
1514 5517 1720 5600 [accepisset
1735 5520 1777 5583 de
1788 5522 1933 5586 oonsilio

326 5633 407 5695 Cum
423 5631 457 5692 in
472 5627 621 5705 generali
635 5626 783 5688 Concilio
797 5625 934 5706 prouida
948 5625 991 5687 sit
1004 5624 1085 5686 deli·
1138 5621 1278 5686 fratrum
1313 5624 1503 5685 nostrorum
1537 5615 1647 5681 eidem
1681 5616 1933 5702 archiepiscopo
