4230 6388
339 258 400 322 815
955 267 1130 338 HONQRII.
1151 270 1197 334 111
1217 271 1365 338 OPERA·
1919 281 1994 342 816

341 419 382 483 de
395 437 482 484 novo
497 425 613 485 contra
632 424 820 488 sanctiones
842 425 1020 488 canonicas
1034 443 1134 489 oons—
1187 447 1301 494 eorum
1328 433 1485 498 abbatum
1503 437 1698 512 consilium,
1721 438 1885 516 quaedam,
1905 455 1989 517 quae

339 517 453 579 truare
496 521 777 596 praesumpserint.
821 522 899 584 Ideo
933 523 1132 587 fraternitati
1186 544 1246 604 per
1260 531 1420 592 desidiam
1436 533 1557 594 omissa
1573 533 1718 605 inerunt,
1736 537 1935 610 revocastis,
1950 537 1991 598 et

338 612 1031 694 tuaeparapostolicasoriptamandamus,
1049 639 1133 698 qua·
1186 627 1336 700 quaedem
1376 629 1559 691 ordinastis·
1592 631 1723 692 noviter
1759 631 1985 694 observanda.

338 710 448 782 tenus,
474 711 503 770 si
532 712 577 772 ita
603 713 663 784 est,
689 731 876 790 synagogas
905 717 994 792 ipsas
1028 716 1156 778 iacias
1183 724 1265 792 Quae
1289 722 1326 783 in
1339 724 1512 785 duodecim
1529 726 1684 788 distincta
1706 729 1871 805 capitulis,
1893 746 1987 806 prae-

339 806 501 880 demoliri,
520 809 633 878 fideles
655 810 683 870 si
709 813 764 888 qui
780 828 816 873 sa
830 815 1056 889 opposuerint,
1073 832 1132 892 per
1186 819 1293 880 dictus
1319 821 1524 883 Andreusen.
1539 823 1640 886 abbas
1655 841 1698 887 ex
1714 828 1807 902 parte
1831 827 1985 888 omnium

339 919 513 966 censuram
528 908 798 982 ecclesiasticam,
815 910 1036 987 appellatione
1047 913 1132 988 post·
1186 916 1330 977 vestrum
1347 917 1441 978 nobis
1464 917 1637 991 humiliter
1654 925 1910 1000 repraesentans,
1937 940 1981 984 ea

339 1003 456 1080 posita,
477 1006 723 1080 compescendo.
741 1006 860 1068 Datum
872 1009 1040 1081 Laierani,
1056 1011 1132 1072 XIV
1186 1015 1368 1090 opportune
1414 1015 1600 1094 importune
1648 1020 1744 1096 petiit
1783 1021 1982 1082 confirmari

249 1099 270 1170 J
338 1097 499 1162 kalendas
521 1102 629 1179 junii,
656 1101 867 1180 pontificatus
902 1105 1009 1170 nostri
1043 1122 1131 1170 anno

337 1196 463 1274 quinto.

626 1351 864 1490 dccxciii

336 1557 388 1614 Ad
404 1555 587 1614 universes
597 1555 734 1615 abbates
746 1557 879 1616 ordinis
889 1555 1129 1617 SoaottBane-

374 1653 457 1712 dicii
481 1667 547 1725 per
565 1655 768 1714 Remeuscm
791 1657 1008 1728 proviaciam
1026 1669 1129 1716 cous-

375 1749 505 1810 titevtos.

618 1853 654 1916 2⁰
674 1853 741 1910 mcii
766 1853 845 1913 lati.

336 1975 435 2038 [Fonds'
445 1979 555 2036 blorean,
569 1979 637 2038 lies,
655 1981 673 2034 t.
686 1977 962 2043 impassibilem.
977 1977 1128 2044 nationale]

334 2093 478 2150 Honorius
492 2093 612 2150 ratificat
626 2099 654 2149 et
666 2093 816 2151 confirmat
832 2093 982 2152 duodecim
994 2095 1128 2167 capitula,

369 2195 421 2238 seu
436 2188 540 2239 statuta
554 2181 709 2254 regularia,
725 2181 753 2238 in
769 2180 891 2254 quodam
907 2183 1029 2255 capitulo
1044 2197 1129 2256 gene·

369 2269 421 2326 rali
445 2267 519 2342 apud
546 2270 681 2327 Sanctum
697 2271 862 2344 Quintiuum
883 2269 1043 2328 coadunato
1061 2286 1125 2344 pro-

332 2351 336 2358 '
367 2356 471 2430 posita,
483 2364 512 2413 el
524 2355 559 2413 ad
570 2355 700 2413 abbatem
713 2357 808 2414 Sancti
825 2356 931 2415 Bertini
947 2359 1125 2427 transmissa,

367 2446 456 2503 secuti
471 2452 499 2502 et
510 2444 545 2502 ad
560 2445 787 2502 omnesabbates
800 2445 907 2502 ordinis
923 2447 1018 2502 Sancti
1033 2449 1124 2504 Bene·

366 2531 434 2590 dicti
444 2547 494 2606 per
508 2533 684 2603 provinciam
695 2533 867 2590 Remensem
877 2532 1058 2592 constitutos.

371 2668 539 2732 Honorius
548 2667 733 2744 episcopus,
743 2683 859 2729 servus
868 2683 1039 2729 servorum
1052 2669 1123 2742 Dei,

1186 1125 1258 1188 quae
1272 1111 1403 1188 quidem
1415 1128 1434 1174 a
1444 1113 1549 1188 vobis,
1563 1116 1739 1194 utcumque
1754 1119 1915 1192 correcta,
1927 1120 1984 1180 te-

1153 1265 1154 1268 ,
1185 1222 1266 1270 nore
1279 1210 1492 1284 praesentium
1506 1211 1661 1272 duximus
1674 1213 1884 1275 declaranda.

1225 1304 1371 1366 Primum
1387 1305 1541 1370 videlicet
1553 1309 1587 1374 ut
1597 1309 1748 1387 quotiens
1759 1312 1874 1388 regula
1888 1311 1982 1374 beati

1185 1403 1353 1466 Benedicti
1366 1403 1488 1482 legitur
1497 1405 1530 1468 in
1543 1407 1697 1482 capitulo,
1709 1408 1766 1468 ille
1779 1410 1835 1486 qui
1846 1411 1979 1485 praest,

1184 1499 1236 1560 vel
1249 1501 1336 1562 alius
1349 1504 1421 1578 ejus
1436 1503 1519 1574 vice,
1535 1504 1641 1580 ipsam
1657 1507 1802 1582 exponat
1816 1505 1982 1582 simplici-

1183 1597 1245 1658 bus
1265 1599 1298 1662 et
1318 1600 1428 1660 minus
1450 1599 1713 1677 intelligentibus
1732 1602 1766 1662 iu
1782 1603 1929 1678 vulgari,
1945 1605 1981 1664 et

1184 1695 1240 1772 qui
1253 1697 1340 1772 regit
1350 1699 1532 1774 capitulum
1543 1697 1690 1776 quolibet
1700 1700 1764 1772 die,
1776 1716 1852 1762 cum
1866 1702 1978 1761 omni-

1115 1777 1121 1846 ἶ
1183 1791 1244 1852 bus
1260 1793 1294 1858 iu
1314 1793 1458 1870 capitulo
1481 1794 1646 1868 adunatio,
1668 1812 1729 1872 pro
1748 1813 1875 1859 summo
1888 1800 1979 1858 Pon-

1183 1890 1271 1951 tiiice
1280 1907 1319 1951 ac
1328 1892 1413 1953 statu
1425 1893 1581 1954 Ecclesiae
1590 1896 1758 1966 Romanae,
1767 1909 1828 1954 nec
1841 1909 1905 1956 non
1915 1911 1975 1971 pro

1184 1987 1446 2052 subventloueac
1456 1993 1698 2066 restauratione
1711 1993 1822 2055 Terrae
1833 1993 1971 2065 sancte,

1183 2085 1837 2164 acprobeneiaoioribussuis,decantatis
1847 2092 1973 2166 septem

1182 2184 1331 2261 psalmis,
1356 2185 1392 2246 in
1419 2184 1572 2254 ecclesia,
1601 2185 1768 2250 orationes
1783 2186 1974 2264 iaciatspe·

1182 2282 1295 2344 ciales.

1222 2381 1419 2453 Secundum,
1441 2382 1477 2444 ut
1495 2382 1536 2444 ab
1552 2381 1634 2444 hora
1648 2382 1854 2460 completorii
1871 2398 1972 2458 usque

1182 2476 1222 2536 ad
1248 2477 1334 2538 diem
1363 2480 1553 2556 sequentem
1575 2480 1724 2541 districte
1740 2480 1908 2542 silentium
1922 2482 1972 2540 te·

1182 2574 1309 2646 neutur,
1319 2576 1351 2636 ei
1365 2576 1401 2636 ut
1411 2575 1521 2636 nullus
1536 2577 1717 2638 monachus
1730 2577 1794 2638 uisi
1807 2592 1909 2637 senex
1919 2576 1972 2636 vel

1180 2671 1330 2732 intirmus
1346 2673 1403 2734 aut
1420 2673 1685 2760 valetudinarius
1705 2689 1766 2734 seu
1789 2689 1833 2734 ex
1853 2673 1971 2734 itinere

331 2762 461 2828 dilectis
485 2763 563 2825 liliis
594 2764 764 2824 universis
798 2763 970 2826 abbatibus
999 2765 1125 2828 ordinis
1180 2767 1335 2843 fatigatus
1349 2771 1443 2832 extra
1456 2769 1685 2832 dormitorium
1701 2771 1892 2832 collocetur.

333 2861 445 2924 Sancti
456 2859 626 2922 Benedicti
642 2876 700 2936 per
710 2863 905 2922 Remensem
919 2861 1124 2939 provinciam
1218 2864 1364 2926 Tertium
1391 2865 1427 2927 ut
1454 2865 1548 2928 extra
1576 2865 1795 2926 infirmariam
1819 2863 1972 2927 monachi

332 2958 531 3029 constitutis,
559 2957 699 3018 salutem
724 2958 757 3021 et
781 2957 996 3034 apostolicam
1016 2957 1123 3023 bene·
1178 2962 1369 3034 existentes,
1398 2961 1438 3023 ad
1466 2962 1565 3022 boras
1599 2961 1770 3036 regulares
1796 2975 1972 3022 occurrere

331 3055 520 3120 dictionem.
1179 3061 1364 3130 teneantur,
1379 3060 1412 3121 et
1426 3059 1455 3118 si
1470 3060 1543 3135 quis
1561 3057 1712 3131 deluerit,
1729 3059 1796 3119 nisi
1813 3058 1898 3120 torte
1916 3075 1974 3120 oo-

370 3153 541 3214 Benedicti
560 3169 619 3214 vos
644 3169 663 3216 a
678 3154 817 3215 Domino
839 3155 895 3230 qui
910 3153 988 3215 iecit
1002 3153 1124 3216 coelum
1179 3155 1355 3232 cupatione
1374 3155 1534 3216 canonica
1549 3155 1761 3232 praepeditus,
1778 3155 1813 3218 in
1826 3153 1973 3230 capitulo

330 3251 511 3320 alternam,
529 3251 684 3326 quoniam
709 3252 903 3311 aemulantes
922 3237 1123 3312 charismata
1179 3252 1330 3331 proximo
1346 3268 1382 3314 se
1402 3268 1513 3313 coram
1536 3251 1689 3312 omnibus
1709 3252 1894 3328 prostratus
1915 3266 1989 3311 ac»

331 3347 482 3419 meliora,
499 3348 531 3408 et
547 3347 588 3407 ad
611 3347 780 3409 anteriora
799 3364 858 3408 vos
879 3363 953 3408 curn
968 3349 1124 3425 Apostolo
1180 3351 1282 3422 cusat,
1311 3350 1441 3426 culpam
1472 3349 1640 3428 propriam
1672 3347 1844 3410 humiliter
1877 3363 1974 3410 reco-

331 3444 523 3518 dirigentes,
535 3443 575 3505 de
587 3444 695 3518 gratia
708 3445 742 3504 in
756 3445 898 3519 gratiam
909 3445 941 3505 et
951 3445 991 3505 de
1004 3445 1125 3508 virtute
1178 3461 1352 3521 gnosoeus.

331 3541 437 3602 auditi
458 3537 563 3620 [estis]
585 3541 745 3617 proficere
761 3540 796 3600 in
811 3542 977 3614 virtutem,
995 3541 1070 3602 dum
1088 3543 1125 3614 in
1220 3544 1378 3616 Quartum
1408 3543 1443 3604 ut
1477 3542 1612 3604 abbates
1648 3559 1722 3604 cum
1755 3541 1973 3603 conventibus

330 3639 495 3702 mandatis
509 3638 640 3699 Domini
656 3637 869 3699 laudabiliter
883 3638 1038 3702 delectati
1050 3655 1125 3700 con·
1179 3639 1248 3699 suis
1274 3633 1373 3700 simui
1402 3639 1562 3706 viventes,
1590 3641 1739 3724 cumeis
1770 3638 1974 3714 regulariter

329 3735 405 3799 allia
426 3734 627 3796 laudabilius
647 3734 886 3811 amplexantes,
914 3736 950 3795 ut
981 3735 1124 3812 amplius
1179 3736 1362 3807 comedant,
1385 3735 1539 3811 psallant,
1561 3736 1683 3810 legant,
1709 3735 1775 3796 nisi
1797 3735 1882 3796 sorte
1906 3751 1971 3794 ne-

328 3834 362 3894 et
376 3831 553 3912 perfectius
574 3833 712 3892 Domino
734 3832 904 3908 placeatis
930 3849 995 3892 non
1018 3834 1124 3893 solum
1179 3835 1317 3894 cessitas
1346 3833 1512 3910 hospitum
1543 3833 1605 3894 lioo
1632 3833 1800 3910 impediat,
1825 3832 1879 3894 vel
1904 3831 1973 3894 alia

329 3945 402 4010 quae
428 3929 596 3992 inordina
617 3930 729 3992 vestro
750 3929 947 4006 corrigenda
963 3929 996 3991 ei
1017 3928 1125 3991 reior-
1174 3932 1265 4008 justa
1286 3945 1400 4000 causa,
1425 3945 1485 3990 neo
1504 3929 1615 3990 tamen
1635 3929 1669 3992 in
1684 3930 1828 4006 bospitio
1843 3929 1896 3991 vel
1909 3945 1970 3990 ca-

328 4027 448 4088 manda
459 4027 593 4090 inventa
607 4027 695 4099 sunt,
707 4027 877 4103 corrigere
888 4043 927 4090 ac
941 4026 1124 4090 reformare
1179 4043 1270 4090 mera
1280 4029 1352 4090 sine
1365 4042 1461 4088 sacra
1474 4027 1616 4089 lectione
1629 4043 1668 4088 ac
1683 4027 1821 4089 testibus
1837 4027 1876 4087 de
1890 4043 1973 4090 con·

328 4126 483 4202 curastis,
508 4126 743 4186 verumetiam
766 4125 903 4202 provide
918 4125 1123 4186 attendentes
1178 4129 1289 4188 ventu.

328 4222 414 4300 quod
429 4223 556 4283 tantum
572 4223 645 4298 quis
665 4223 809 4298 propriae
824 4221 940 4282 adimit
964 4221 1122 4289 libertati,
1219 4222 1385 4293 Quintum,
1401 4223 1436 4282 ut
1451 4220 1562 4282 nullus
1574 4221 1665 4297 prior
1675 4218 1905 4284 conventualis
1918 4237 1973 4282 ca·

329 4320 488 4396 quantum
504 4335 540 4379 se
556 4307 676 4380 divinae
694 4319 828 4394 subjicit
844 4314 1006 4389 servituti,
1023 4335 1125 4394 regu·
1178 4335 1314 4391 meram,
1329 4334 1430 4396 equos
1452 4319 1510 4380 aut
1524 4317 1684 4378 familiam
1705 4318 1826 4388 teneat,
1839 4333 1900 4378 nec
1919 4316 1974 4378 lo-

329 4418 397 4478 lam
418 4418 453 4478 in
478 4432 543 4492 qua
569 4415 689 4492 cupitis
705 4416 843 4477 Domino
862 4415 1016 4475 famulari
1029 4416 1123 4492 quasi
1178 4418 1343 4479 rinsecam
1361 4415 1683 4478 administrationem
1707 4416 1766 4476 aut
1788 4415 1972 4492 prioratum

329 4517 417 4578 viam
431 4513 701 4575 excellentiorem
714 4513 874 4587 aggressi,
888 4526 1022 4574 servare
1033 4513 1122 4573 irre·
1178 4531 1237 4574 seu
1254 4514 1380 4574 curtem
1396 4513 1448 4573 vel
1463 4513 1636 4588 grangiam
1650 4511 1772 4574 audeat
1785 4511 1970 4588 possidere,

328 4612 524 4676 vocabiliter
550 4610 723 4676 statuistis.
746 4610 838 4670 Siout
858 4609 958 4678 enim,
978 4610 1044 4674 tam
1064 4625 1124 4686 per
1178 4610 1234 4672 sed
1241 4612 1337 4686 juxta
1348 4608 1451 4670 oiiioii
1462 4610 1514 4670 sui
1525 4609 1699 4680 nomen,ad
1708 4608 1971 4683 omnomregulae

330 4710 487 4771 dilectum
512 4709 617 4769 lilium
641 4706 852 4770 Guillelrnum
878 4706 1029 4768 abbatem
1054 4710 1123 4768 Au·
1178 4707 1421 4776 observantiam
1439 4706 1597 4768 exhibere
1612 4705 1742 4768 studeat
1761 4721 1796 4766 se
1810 4707 1969 4782 priorem.

328 4807 563 4876 drausensem,
598 4821 696 4884 quam
730 4819 789 4880 per
825 4804 955 4865 litteras
993 4804 1122 4864 vestras
1218 4806 1353 4865 Sextum
1367 4804 1403 4864 ui
1415 4803 1499 4863 nulli
1517 4803 1671 4865 monachi
1685 4803 1857 4865 claustrali
1872 4803 1973 4864 licoat

331 4905 452 4966 nostris
465 4903 601 4964 auribus
616 4903 804 4971 intimastis,
821 4917 921 4978 quum
932 4916 1020 4962 anno
1035 4917 1124 4977 prae·
1177 4900 1498 4970 administrationem
1535 4901 1681 4976 aliquam
1710 4899 1971 4961 ecclesiasticam

330 5002 426 5064 terito
450 5000 536 5078 apud
563 5001 719 5062 Sanctum
741 4999 934 5071 Quintinum
953 5011 1014 5074 pro
1034 4997 1123 5059 cele·
1177 4998 1227 5062 vel
1240 4998 1424 5058 secularem
1435 4997 1537 5073 adjus
1546 4996 1740 5058 monasterii
1750 4997 1971 5072 pertinentem

329 5100 466 5172 brando,
475 5099 571 5176 juxta
582 5095 751 5173 generalia
765 5097 886 5157 statuta
898 5095 1048 5167 Concilii,
1061 5111 1121 5156 oa·
1176 5095 1217 5156 ad
1233 5095 1361 5156 firmam
1377 5095 1505 5168 tenere;
1525 5110 1587 5156 nec
1606 5094 1656 5154 tas
1677 5094 1722 5156 sit
1738 5095 1770 5154 ei
1791 5093 1972 5170 iideJubere

328 5198 433 5276 pitulo
446 5195 605 5273 generali,
624 5196 754 5257 etstaiu
767 5193 895 5254 ordinis
912 5191 1121 5255 reformando
1176 5208 1235 5270 pro
1250 5193 1317 5252 alio
1332 5191 1385 5252 vel
1400 5191 1503 5252 alium
1523 5207 1583 5268 pro
1599 5207 1634 5251 se
1653 5189 1860 5267 fidejussorio
1883 5188 1971 5251 obli·-

329 5296 533 5358 unanimiter
556 5293 788 5362 conveneritis,
820 5290 949 5374 dilectis
978 5289 1057 5350 liliis
1061 5333 1120 5350 .....
1176 5304 1267 5364 gare.

327 5395 368 5456 de
396 5394 551 5463 dumien„
576 5395 609 5453 et
611 5433 671 5453 .....
700 5390 740 5449 de
760 5386 905 5449 vacellis
931 5385 1120 5460 abbatibus,
1217 5386 1408 5462 Septimum,
1432 5389 1468 5447 ut
1487 5387 1586 5462 juxta
1607 5385 1696 5447 beati
1718 5383 1889 5446 Benedicti
1911 5399 1972 5444 re-

328 5491 559 5554 Gisterciensis
586 5486 728 5556 ordinis,
756 5484 903 5546 evocatis
931 5485 1122 5546 continuato
1176 5483 1289 5560 gulam
1309 5483 1547 5559 nequissimum
1562 5482 1681 5545 vitium
1703 5468 1869 5543 retinendi
1887 5496 1972 5557 pro-

327 5588 440 5660 biduo,
453 5587 633 5652 secundum
645 5582 795 5658 regulam
810 5580 898 5646 beati
911 5581 1079 5648 Benedicti
1091 5587 1123 5646 et
1176 5581 1284 5658 prium
1311 5579 1453 5642 evitetur
1478 5579 1519 5641 ab
1546 5579 1710 5653 omnibns,
1738 5579 1785 5641 ita
1811 5579 1847 5640 ut
1875 5580 1974 5639 extra
