4300 6392
269 315 276 324 ’
299 350 358 408 ιιι
916 349 1091 412 uosonu
1113 351 1158 409 111
1180 351 1327 410 orani.
1883 352 1942 412 aas

299 505 456 568 militabit
479 505 628 569 Ecclesia
651 507 828 584 generalis.
854 509 904 570 Ne
926 507 1029 584 igitur
1053 507 1091 580 ii,
1147 507 1271 584 scripta
1306 480 1531 578 mandamus,
1559 507 1723 583 quatenus
1757 523 1817 585 pro
1850 507 1942 570 illins

299 604 356 681 qui
370 604 516 666 nondum
530 602 573 666 ad
593 605 798 682 agnitionem
813 621 902 668 verae
922 606 998 668 lidei
1010 621 1091 683 per·
1146 619 1271 676 amore,
1287 604 1344 681 qui
1362 603 1498 681 propter
1517 603 1654 666 nimiam
1670 605 1855 678 caritatem,
1877 622 1942 684 qua

298 701 472 772 venerunt,
497 702 640 780 alicujus
654 703 833 766 dubietatis
853 704 1009 779 scrupulo
1037 719 1093 764 re·
1147 701 1265 764 dilexit
1278 716 1350 773 nos,
1374 701 1414 762 de
1438 701 1568 764 secreto
1582 701 1691 763 Patris
1709 702 1751 763 ad
1773 703 1942 780 publicum

298 799 482 869 tardentur,
498 815 558 876 pro
579 799 746 861 minusad
762 801 1006 876 agnoscendam
1020 800 1093 862 veri
1147 798 1301 863 humanae
1321 799 1523 861 conditionis
1542 799 1658 872 exivit,
1684 787 1956 875 proficiscamini

299 896 435 958 luminis
454 896 639 959 claritatem
660 898 760 958 corde
783 899 909 974 pariter
933 898 967 962 et
981 899 1092 960 animo
1147 896 1309 973 cumipse
1325 896 1664 959 fratrebommicoad
1679 899 1941 975 proponendum,

300 995 550 1066 convertantur,
573 995 784 1057 devotionem
799 997 945 1057 vestram
966 1010 1093 1071 rogan·
1147 995 1267 1070 quibus
1289 995 1450 1071 aspecire
1471 994 1603 1068 viderit,
1626 995 1763 1056 verbum
1788 997 1858 1069 Dei,
1878 1013 1944 1075 quo

299 1091 374 1152 dam
389 1092 543 1154 duximus
558 1093 592 1154 et
603 1093 812 1164 monendam,
828 1108 888 1170 per
901 1093 1092 1170 apostolica
1147 1094 1272 1156 lumine
1287 1093 1446 1156 veritatis
1460 1097 1603 1166 ostenso,
1620 1093 1772 1154 errantes
1791 1093 1833 1156 ad
1853 1095 1944 1155 viam

298 1188 393 1250 vobis
408 1189 532 1266 scripta
544 1190 753 1262 mandantes,
773 1192 938 1268 quatenus
952 1192 1094 1256 univer·-
1124 1257 1125 1262 ,
1147 1191 1298 1254 veritatis
1333 1189 1565 1261 revertantur,
1603 1191 1746 1252 scientes
1773 1190 1861 1268 quod
1884 1207 1946 1262 vos

300 1285 347 1347 sis
360 1286 554 1353 bominibus
572 1289 694 1350 vestrae
708 1289 817 1364 geniis
834 1289 890 1365 qui
902 1289 995 1350 vobis
1008 1304 1093 1350 con·
1147 1289 1373 1350 concessimus
1395 1286 1490 1349 tratri
1515 1287 1684 1365 predicto,
1712 1290 1750 1350 ut
1775 1289 1883 1350 eidem
1907 1290 1944 1350 in

205 1455 212 1460 ι
300 1385 536 1460 sanguinitate,
564 1386 618 1448 vel
637 1402 846 1463 quacumque
869 1387 987 1449 notitia
1017 1385 1094 1446 sunt
1148 1385 1334 1452 ministerio
1355 1385 1448 1447 verbi
1472 1384 1532 1446 liei
1549 1386 1722 1461 cooperari
1748 1386 1944 1459 teneamini,

299 1483 487 1560 conjuncti,
515 1483 549 1545 et
573 1485 674 1545 etiam
707 1483 861 1545 omnibus
887 1485 956 1546 tam
982 1483 1093 1559 longe,
1147 1482 1318 1560 proprium
1333 1497 1463 1560 semper
1477 1482 1627 1544 habitum
1641 1482 1833 1545 deferendo.

298 1593 511 1657 quamprope
525 1580 651 1658 positis,
667 1582 765 1658 prout
778 1581 872 1642 vobis
890 1580 1093 1658 possibilitas
1188 1583 1306 1642 Datum
1326 1579 1477 1654 viterbii,
1501 1581 1545 1641 IV
1569 1579 1644 1646 idus
1659 1581 1750 1653 maii,
1769 1580 1950 1657 pontifice«

299 1676 419 1748 aderit,
440 1677 611 1746 intimetis,
639 1694 700 1740 nos
720 1677 852 1740 firmum
873 1676 996 1740 habere
1011 1693 1092 1754 pro·
1147 1678 1201 1739 tus
1215 1677 1321 1746 nostri
1335 1693 1425 1739 anno
1441 1677 1574 1755 quarto.

298 1774 453 1850 positum,
476 1775 543 1836 tam
571 1789 762 1848 conversos,
788 1792 887 1854 quam
910 1775 1011 1838 etiam
1036 1774 1092 1837 ia-

298 1873 396 1933 vente
410 1873 810 1939 Dominoconvertendos.
828 1874 862 1934 in
882 1874 972 1936 omni
991 1872 1094 1935 liber·
1446 1872 1644 1959 GXXWH·

298 1970 366 2030 tate
377 1968 501 2041 fovere,
516 1971 549 2033 et
561 1970 602 2032 ab
617 1971 752 2048 injuriis
765 1972 913 2032 omnium
922 1971 1094 2032 molestias

297 2065 423 2128 eisdem
434 2066 718 2154 inferentium,vel
730 2083 921 2144 gravamen,
934 2070 1092 2145 quantum
1392 2113 1683 2174 mmmmm

298 2165 408 2240 gratia
423 2163 536 2230 divina
554 2166 732 2241 permittet,
755 2165 970 2241 protectionis
982 2169 1093 2242 Apos-
1539 2233 1556 2245 η
1686 2158 1692 2173 ’

297 2261 407 2322 tolicae
433 2263 616 2324 munimine
638 2262 828 2334 defensare,
850 2263 884 2324 et
915 2263 1001 2339 quod
1022 2278 1093 2332 eos,
1432 2233 1468 2292 ¹³
1489 2247 1557 2292 Μ
1580 2233 1658 2292 ¹²²⁰·

298 2359 458 2436 quantum
482 2360 517 2420 in
542 2358 638 2420 nobis
659 2361 719 2431 est,
747 2376 927 2437 numquam
951 2360 1093 2438 alicujus
1230 2347 1361 2412 [recines
1376 2347 1670 2408 ³⁰⁰⁰¹⁸⁰¹²i⁸¹²⁰¹⁰¹¹⁵⁸b
1686 2349 1707 2409 ¹2
1722 2363 1751 2410 1¹.
1768 2349 1861 2416 ΜἈ]

297 2456 434 2530 gravari
448 2456 595 2517 dominio
616 2456 670 2518 vel
689 2459 772 2534 jugo
787 2458 953 2535 patiemur
974 2456 1094 2534 subjici
1183 2453 1298 2513 Mandat
1310 2455 1353 2512 eis
1364 2460 1395 2512 ut
1404 2459 1565 2512 convocent
1574 2454 1731 2527 eapiudum
1739 2455 1912 2516 Gneznense

300 2553 481 2615 servitutis,
547 2601 553 2611 ,
1343 2541 1748 2617 adeligenduniepiseopum,

338 2652 456 2713 Datum
471 2651 624 2723 Viterbii,
648 2652 767 2716 octavo
780 2651 855 2714 idus
869 2653 960 2724 maii,
977 2652 1092 2730 ponti-
1187 2650 1355 2711 Honorius
1370 2649 1678 2727 episcopusservus
1697 2667 1870 2714 servorum
1883 2653 1947 2715 Dei

301 2747 420 2812 ficatus
434 2749 642 2810 nostrianno
657 2750 786 2826 quarto.
1148 2747 1333 2810 venerabili
1355 2747 1488 2810 tratri...
1515 2749 1670 2825 episcopo
1693 2750 1727 2811 et
1751 2749 1872 2812 dilecto
1896 2750 1946 2810 fl-

356 2847 359 2859 ·
1149 2845 1232 2906 lio...
1253 2844 1365 2906 abbati
1388 2845 1518 2907 Sanctae
1544 2846 1661 2908 Mariae
1683 2847 1947 2909 wratislavien-

1160 2017 1213 2076 Λα
1226 2016 1423 2090 episcopam
1437 2013 1471 2074 et
1487 2015 1641 2076 abbatem
1655 2017 1793 2078 Sanctae
1805 2017 1937 2080 Martie

607 2935 784 3028 CXXVII
804 2924 824 2957 '
1149 2941 1261 3014 sibus,
1290 2943 1431 3004 salutem
1463 2943 1497 3004 et
1528 2942 1746 3020 apostolicam
1779 2943 1942 3006 benedic·
2014 2969 2018 2976 ·

300 3068 571 3146 samaraeum
580 3068 808 3130 Itoeubcrtum
817 3069 934 3130 Sancti
949 3070 1095 3131 Victoris
1147 3039 1285 3102 mmm·
1543 3137 1551 3151 .
1694 3137 1702 3151 .
1909 3137 1941 3154 Η

517 3166 551 3226 es
576 3168 661 3228 apog
679 3170 875 3232 maeones.
1188 3137 1337 3198 Vacante
1366 3139 1553 3199 damnans
1583 3138 1737 3211 ecclesia,
1759 3137 1947 3202 venerabili.

590 3287 624 3344 li
689 3286 704 3300 ..
723 3287 793 3344 mo
1150 3231 1247 3296 fratri
1267 3234 1418 3310 nostro...
1437 3233 1649 3297 cracoviensi
1676 3235 1831 3312 episcopo
1856 3238 1943 3298 notae

417 3401 422 3414 .
482 3401 487 3414 ‚
639 3302 706 3414 Μ)
795 3331 806 3352 ··
1150 3329 1334 3407 probitatis,
1357 3331 1392 3392 et
1419 3331 1519 3394 claras
1554 3330 1650 3394 iamae
1676 3332 1760 3405 viro,
1789 3331 1949 3393 duximus

381 3401 605 3468 [spoliabatur.
618 3401 825 3461 Prodicatemm,
841 3401 862 3462 1,
876 3402 952 3465 l0,n.
965 3403 1017 3470 io]
1150 3427 1413 3506 injungendum,
1447 3427 1483 3490 ut
1516 3429 1701 3492 assumeret
1733 3444 1818 3492 onus
1853 3429 1951 3506 regi*

305 3515 671 3578 Mandaielsomillbltslll
692 3515 908 3589 proficiscantur
928 3516 1096 3576 cumfratre
1150 3525 1250 3586 minis
1284 3525 1435 3587 ecclesia)
1470 3527 1672 3588 memoratas,
1708 3528 1831 3588 Verum
1866 3525 1945 3602 qula

336 3605 486 3664 DOfflifliw
500 3603 594 3678 priore
611 3604 719 3704 “diiii
734 3604 958 3706 lfftoedissflwffltss
970 3605 1008 3708 ad
1022 3622 1093 3680 iffi·
1150 3622 1238 3684 idem
1260 3622 1434 3700 episcopus
1454 3622 1634 3700 postulavit
1650 3623 1825 3696 instanter,
1849 3639 1892 3686 ne
1905 3623 1940 3685 id

335 3693 489 3758 ‘mudum
504 3691 623 3756 leffium
638 3695 694 3758 ⁰⁸¹»
705 3693 809 3766 qum
828 3694 962 3768 ⁰¹9⁰d¹f⁰
981 3693 1094 3754 mem·
1150 3721 1266 3781 oneris
1278 3720 1525 3796 imponeremus
1540 3719 1659 3796 edem,
1681 3736 1743 3782 nos
1759 3721 1944 3796 provisioni

340 3819 509 3882 Honorius
524 3819 700 3896 episcopus
715 3833 1025 3882 servasservorum
1036 3822 1096 3882 Dei
1151 3817 1299 3895 ejusdem
1325 3817 1476 3881 ecclesis
1503 3817 1596 3878 tanto
1625 3817 1806 3879 studiosius
1833 3819 1946 3879 inien-

301 3916 430 3979 dilectis
460 3916 551 3988 liliis,
582 3917 742 3992 magistro
766 3915 951 3980 Rocaberto
984 3919 1096 3982 Sancti
1151 3915 1276 3986 dentes,
1291 3915 1415 3992 quanto
1439 3929 1480 3975 ex
1504 3914 1634 3976 defectu
1648 3914 1792 3992 pastoris
1807 3916 1947 3993 majori-

300 4015 455 4086 Victoris‚
472 4014 647 4076 Vincentio
671 4015 712 4076 de
732 4014 839 4086 Sillia,
860 4015 1033 4092 Castorgio
1056 4015 1097 4077 de
1150 4011 1212 4072 bus
1227 4011 1409 4088 dispendiis
1424 4011 1546 4075 dicitur
1560 4011 1948 4089 subjacere,discretioni

301 4115 431 4182 blanau,
449 4112 597 4188 toseplio
620 4112 661 4174 de
692 4111 806 4184 Flore,
834 4113 958 4176 Jacobo
990 4113 1101 4176 Vallis.
1150 4111 1271 4173 vestrae
1291 4124 1350 4185 per
1370 4109 1560 4185 lposmlica
1586 4111 1711 4186 scripta
1734 4109 1943 4182 mandamus,

303 4209 485 4282 Umbrosae,
502 4211 535 4272 et
548 4209 720 4271 Dominico
736 4209 950 4287 deliquilari,
963 4225 1098 4272 monas-
1152 4208 1324 4285 quatenus,
1352 4206 1501 4284 quadem
1534 4207 1716 4284 capitulum
1745 4208 1951 4270 auctrritate·

301 4307 462 4375 teriorum
475 4305 664 4378 monacbis„
674 4305 816 4373 salutem
834 4306 868 4371 et
881 4307 1097 4386 apostolicam
1114 4367 1118 4386 ,
1152 4307 1266 4367 nostra
1280 4305 1502 4366 convocantes
1523 4304 1563 4364 ad
1583 4304 1692 4366 locum
1706 4305 1951 4383 competentem

301 4403 576 4472 benedictionem.
1152 4402 1185 4464 et
1203 4402 1321 4470 tutum,
1335 4401 1519 4478 injungatis
1534 4400 1669 4470 eisdem,
1684 4402 1720 4463 ut
1735 4401 1776 4464 de
1790 4417 1946 4480 persona,

342 4502 426 4574 Quia
446 4499 502 4578 qui
527 4500 694 4562 seminant
719 4515 826 4576 super
843 4515 959 4577 aquas,
984 4502 1017 4564 et
1040 4503 1096 4578 qui
1152 4514 1225 4576 quae
1244 4498 1437 4577 hujusmodi
1461 4500 1623 4575 congruat
1643 4499 1737 4561 oneri
1758 4500 1792 4560 et
1813 4498 1951 4572 honori,

189 4573 194 4578 ¹
302 4598 503 4662 frumentum
534 4596 759 4668 abscondunt,
785 4597 821 4658 in
842 4599 965 4675 populo
987 4599 1097 4660 male·
1152 4595 1215 4656 sibi
1230 4595 1404 4672 provideat
1417 4595 1503 4656 inira
1517 4595 1738 4672 quadraginta
1753 4595 1835 4668 dies,
1850 4597 1946 4673 post-

303 4696 471 4768 dicuntur,
486 4696 635 4757 consulte
648 4695 757 4770 agitis,
784 4695 815 4760 si
827 4695 991 4757 talentum
1002 4695 1097 4758 vobis
1151 4708 1250 4770 quam
1263 4707 1283 4756 a
1297 4692 1393 4755 vobis
1412 4693 1603 4754 commoniti
1627 4691 1763 4765 suerint,
1787 4693 1949 4756 canonice

304 4810 323 4856 a
339 4797 406 4855 Deo
419 4793 580 4855 creditum
591 4794 626 4854 in
642 4793 777 4853 sudario
790 4791 988 4869 conligatis,
997 4809 1096 4870 quum
1152 4791 1187 4851 in
1201 4789 1378 4866 pastorem.
1396 4789 1487 4860 Quod
1503 4789 1531 4849 si
1546 4787 1631 4853 torte
1644 4805 1708 4851 non
1723 4789 1874 4859 iecerint,
1886 4805 1954 4852 vos.

304 4890 680 4954 anemineaccendatur
693 4889 874 4952 lucernaet
888 4891 1097 4967 ponatursub
1152 4903 1195 4950 ex
1208 4888 1297 4958 tunc,
1314 4903 1357 4948 ne
1380 4885 1559 4962 saepedicta
1584 4887 1726 4948 ecclesia
1746 4887 1872 4950 diutius
1896 4887 1949 4949 vi-

303 4989 425 5061 modio,
442 4988 498 5050 sed
521 5003 622 5065 super
636 4988 883 5056 candelabrum,
910 4993 947 5051 ut
969 4990 1097 5051 cunctis
1152 4985 1290 5046 deitatis
1326 4983 1533 5046 incommoda
1568 4983 1733 5061 patiatur,
1771 5000 1950 5062 personam¹

304 5088 361 5165 qui
381 5087 415 5148 in
437 5087 535 5150 domo
555 5089 634 5148 sunl
659 5087 779 5158 luceat,
798 5087 974 5148 statuatur.
992 5089 1098 5158 Quum
1151 5084 1244 5146 tanto
1262 5082 1496 5158 congruentem
1522 5079 1631 5142 cilicio
1649 5081 1846 5144 auctoritate
1866 5098 1947 5143 nos-

219 5229 222 5234 *
305 5202 384 5262 ergo
399 5185 540 5247 dilectus
550 5184 654 5246 frater
663 5185 854 5252 Dominicus
864 5185 957 5262 prior
971 5185 1097 5246 ordinis
1152 5182 1215 5251 tra,
1232 5177 1362 5240 sublato
1380 5177 1613 5256 appellationis
1634 5179 1816 5252 obstaculo,
1832 5178 1948 5256 praeii-

304 5285 563 5347 Praedicatorum
590 5296 746 5358 magnum
772 5283 886 5344 credat
911 5283 1097 5350 animarum
1152 5278 1249 5339 elatis
1282 5276 1406 5348 eidem,
1442 5275 1703 5339 contradictores
1736 5293 1796 5354 per
1828 5292 1949 5338 censu·

304 5383 482 5462 provenire
502 5379 662 5452 fructum,
693 5379 722 5441 si
750 5395 852 5457 quam·
877 5379 1050 5455 recepistis
1078 5395 1098 5442 a
1153 5374 1508 5448 ramecolesiasticam,
1523 5373 1949 5452 appellationepostposita,

305 5480 445 5542 Domino
460 5477 708 5556 praedicationis
725 5478 878 5554 gratiam,
893 5477 990 5553 juxta
1004 5493 1101 5538 suam
1153 5475 1411 5550 compescentes.
1439 5473 1531 5544 Quod
1555 5473 1592 5532 si
1621 5487 1689 5533 non
1720 5471 1833 5545 ambo,
1863 5472 1964 5536 alter-

306 5579 450 5655 erogetis
480 5575 720 5654 providentiam
752 5575 951 5638 utilitatibus
983 5575 1103 5652 proxi-2
1153 5555 1699 5642 vestrum,etc...l>atumviterbii,
1714 5568 1952 5643 luidusmaii,

306 5691 445 5747 morum,
467 5675 661 5738 discretioni
682 5675 800 5736 vestrae
828 5689 887 5752 per
909 5673 1102 5752 apostolica
1154 5669 1365 5746 pontiocatus
1378 5668 1482 5733 nostri
1500 5683 1588 5728 anno
1604 5667 1737 5753 quarto..
