4280 6404
245 361 259 381 ι
309 331 372 391 327
924 331 1106 392 liONORII
1128 331 1172 392 lli
1194 331 1343 394 OPERA.
1903 335 1962 393 328

311 489 470 553 Nolentes
484 489 588 566 igitur
598 490 737 569 sustine
748 504 940 568 processum
955 489 1109 568 impediri
1165 491 1251 554 siout
1260 491 1396 568 dignum
1411 492 1462 554 est
1477 491 1512 554 ut
1526 491 1749 554 exaudiantur
1759 507 1779 552 a
1791 493 1825 554 te
1835 492 1869 554 in
1883 491 1963 570 peti·

311 589 487 651 occasione
501 586 692 666 hujusmodi
705 588 798 650 vel...
821 587 1015 651 discretioni
1033 604 1111 650 ves·
1163 588 1310 650 tionibus
1321 589 1433 666 justis,
1452 589 1497 650 ita
1513 589 1613 651 etiarn
1635 589 1772 666 dignum
1792 590 1843 652 est
1861 592 1898 651 ut
1912 589 1961 651 eis

309 689 371 748 trae
385 703 443 764 per
458 686 645 763 apostoliea
662 687 785 764 scripta
807 687 1003 748 mandamus
1024 702 1109 764 qua-
1165 687 1368 748 audientiam
1389 687 1531 762 deneges
1546 687 1581 747 in
1599 687 1744 764 iniustis.
1761 689 1887 766 injusta
1900 703 1964 748 au-

309 787 407 846 tenus
434 785 470 844 in
496 782 736 861 quaestionibus
764 784 858 861 ipsis,
886 782 1110 862 appellatione
1162 786 1229 846 tem
1243 785 1331 846 esset
1343 784 1470 861 petitio,
1485 784 1514 844 si
1529 783 1641 846 forsan
1654 785 1804 860 peterent
1814 785 1850 846 ut
1862 799 1962 862 super

310 882 589 954 remota,ratione
605 881 925 959 praeviaprooedatis
934 881 1111 959 juxtapri-
1165 881 1378 944 successione
1405 881 1582 944 comitatus
1608 883 1798 960 Campaniae
1827 882 1962 944 audires

311 995 405 1042 orum
418 979 656 1041 continentiam
673 979 868 1041 litterarum.
888 979 1021 1052 Quodsi
1043 994 1109 1040 non
1163 979 1270 1056 ipsius
1279 979 1404 1057 reginae
1413 979 1632 1058 hoctempore
1640 981 1962 1058 quaestionem:quia

310 1094 425 1139 omnes
444 1077 497 1138 his
512 1075 731 1155 exsequendis
758 1077 909 1154 poteritis
934 1075 1107 1148 interesse,
1164 1093 1263 1154 quum
1280 1076 1321 1138 ad
1343 1093 1483 1139 examen
1506 1079 1656 1140 nostrum
1667 1081 1738 1156 jam
1758 1077 1898 1140 deducta
1918 1077 1963 1141 sit

309 1178 346 1238 tu
361 1175 408 1236 tili
424 1175 538 1247 electe,
554 1177 622 1237 tam
637 1176 713 1237 ante
724 1175 1006 1236 consecrationem
1017 1175 1108 1236 tuam
1164 1175 1445 1247 causanatalium‚
1455 1175 1575 1253 quaead
1583 1175 1690 1237 iorum
1697 1175 1961 1237 ecclesiasticum

310 1287 409 1350 quam
433 1273 466 1334 et
494 1274 666 1350 postquam
695 1271 799 1338 tueris
824 1274 1048 1338 consecratus,
1069 1287 1109 1332 ea
1164 1272 1316 1349 pertinet,
1331 1274 1419 1334 etex
1432 1288 1496 1350 quo
1511 1272 1569 1334 illa
1585 1271 1756 1350 dependet,
1772 1271 1961 1335 nibilaliud

310 1385 385 1431 cum
398 1385 513 1432 eorum
524 1370 631 1431 altero
644 1369 850 1446 exsequaris.
870 1370 988 1430 Datum
998 1369 1110 1430 viter·
1163 1371 1261 1442 esset,
1275 1373 1452 1448 antequam
1465 1370 1537 1431 haec
1550 1370 1594 1432 sit
1605 1370 1794 1442 terminata,
1806 1369 1898 1431 illam
1913 1371 1962 1431 in·

309 1467 360 1529 bii
371 1471 415 1529 lv
430 1467 497 1530 kal.
512 1467 664 1530 novemb.
679 1467 890 1545 pontificatus
904 1467 1010 1528 nostri
1020 1481 1108 1527 anno
1164 1467 1276 1544 cipere
1299 1484 1397 1545 quam
1414 1468 1555 1530 diversis
1576 1467 1786 1545 processibus
1802 1467 1961 1530 intricare

310 1567 439 1644 quarto.
1163 1566 1345 1640 negotium,
1363 1566 1396 1627 et
1419 1566 1614 1628 confusione
1643 1565 1785 1644 quadam
1810 1566 1962 1628 ordinem

627 1653 796 1740 XXXIII
1160 1661 1280 1740 Judicii
1288 1661 1493 1740 perturbare.
1503 1663 1961 1741 ideoqueserenitatemtuam

459 1782 721 1855 coepiscopum
742 1781 956 1842 Trecensem.
1163 1760 1431 1836 praemonendam
1450 1759 1605 1822 duximus
1621 1763 1654 1822 et
1665 1759 1858 1838 rogandam,
1873 1775 1960 1840 qua·

586 1893 621 1951 ῃ
635 1891 729 1950 octob.
748 1892 829 1951 1219,
1162 1859 1272 1930 tenus,
1285 1857 1314 1918 si
1325 1857 1439 1920 forsan
1452 1857 1493 1919 ab
1507 1857 1579 1934 ipsa
1592 1857 1709 1934 regina
1723 1873 1812 1918 seua
1822 1857 1962 1935 praelato

340 1991 462 2056 [aegest.
477 1990 522 2042 lib.
534 1991 663 2056 turpise.
674 1989 729 2040 595¹
741 1987 1076 2050 uss.ual>0rudurnei1.]
1164 1955 1282 2016 nuntio
1296 1959 1368 2032 ejus
1383 1955 1435 2018 vel
1449 1955 1517 2016 alio
1530 1969 1631 2032 super
1644 1953 1707 2016 hoc
1728 1954 1832 2016 lucris
1846 1955 1962 2032 requi-

309 2089 442 2162 ludulget
453 2090 480 2146 ei
496 2096 527 2146 ut
541 2087 726 2146 servitoribus
741 2088 926 2144 ecclesiarum
937 2085 1110 2144 suedioecs·
1164 2051 1263 2164 must
1277 2069 1392 2114 mrum
1415 2051 1568 2162 precibu?
1587 2066 1687 2113 aures
1705 2052 1828 2164 regfas’
1855 2051 1963 2164 d⁰J¹9⁰

344 2179 385 2234 sis
396 2177 430 2234 de
443 2177 526 2234 bouis
539 2177 664 2250 ipsarum
676 2189 836 2248 covrgruam
850 2175 1021 2248 portionem,
1027 2173 1108 2246 juxta
1160 2149 1319 2226 Jamdfflta
1340 2165 1440 2212 ⁰³¹¹S³
1455 2148 1617 2211 namnum
1632 2150 1814 2227 ³P⁰⁸t⁰l¹⁰⁰
1830 2149 1961 2229 jnd¹⁰¹⁰

344 2274 447 2324 statuta
470 2265 586 2324 concilii
611 2263 767 2338 generalis,
782 2262 878 2321 valeat
896 2261 1015 2336 provide
1036 2263 1108 2320 essi·
1164 2245 1449 2326 ᾒΠθῑΰῧθθθΡθΓῘῒ»
1467 2262 1532 2308 ΠΟΠ
1545 2247 1698 2309 inclines·

345 2369 446 2428 gnare.
1202 2345 1319 2406 Datum
1333 2343 1486 2417 viterbii,
1504 2345 1547 2406 lv
1567 2343 1728 2407 kalendas
1753 2343 1955 2416 novembris,

349 2451 801 2526 Honorius,etc.,venerabili
811 2450 1108 2530 iratri...episcopo
1163 2443 1375 2520 pontificatus
1391 2443 1496 2505 nostri
1509 2457 1598 2506 anno
1613 2448 1741 2520 quarto.

310 2555 461 2625 Trecen,
475 2553 627 2624 salutem,
644 2552 707 2612 eto.

248 2678 253 2693 ·
350 2649 676 2715 Detuadiscretione
687 2649 818 2726 plenam
830 2646 985 2708 tlduclam
996 2647 1031 2707 in
1043 2649 1110 2708 Do-

309 2744 1108 2823 minoobtinentes,auctoritateiibipraesentium

309 2847 541 2922 indulgemus,
569 2847 606 2908 ut
638 2843 856 2906 servitoribus
890 2841 1108 2903 ecclesiarum

308 2947 375 3007 tuae
397 2943 551 3006 dioecesis
573 2942 614 3003 de
638 2941 734 3004 bonis
756 2941 905 3018 ipsarum
927 2955 1108 3015 congruam

309 3043 496 3122 portionem
518 3041 616 3120 juxta
636 3039 760 3101 statuta
780 3037 921 3100 concilii
941 3036 1108 3114 generalis

309 3137 422 3200 valeat
435 3134 572 3213 provide
587 3135 772 3210 assignare.
789 3131 1057 3194 contradictores
1079 3130 1108 3190 si

309 3235 366 3314 qui
378 3234 512 3306 ruerint,
522 3233 574 3296 vel
582 3231 735 3304 rebelles,
748 3245 991 3308 percensuram
1000 3228 1109 3290 eccle-

311 3333 493 3404 siasticam,
508 3329 732 3410 appellatione
747 3327 941 3406 postposita,
953 3341 1107 3403 compes·

311 3432 428 3495 condo.
440 3431 560 3492 Datum
571 3425 713 3491 Viterbii
727 3427 844 3504 quarto
858 3440 963 3487 nonas
978 3439 1110 3486 novem·

309 3530 380 3591 bris
389 3527 600 3608 pontificatus
615 3523 720 3588 nostri
735 3539 823 3586 anno
834 3521 963 3601 quarto.

630 3683 794 3772 XXXIV

392 3817 443 3878 Ao
455 3815 652 3888 Philippum
663 3825 783 3885 repam
798 3811 1026 3870 Francorum.

595 3921 826 3983 accaronitis.
986 3987 989 3996 ι

524 4031 600 4098 [Opp.
615 4031 654 4082 ed.
669 4030 759 4094 iligna,
775 4029 818 4088 lll,
831 4026 900 4091 aad]

313 4138 355 4198 ΝΘ
375 4133 517 4193 audistin
535 4146 621 4190 causa
641 4127 832 4188 successionis
853 4126 1005 4184 comitatus
1025 4123 1108 4182 Cam·

350 4225 453 4300 paula,
465 4223 558 4280 donec
570 4220 737 4278 terminetur
750 4231 837 4275 causa
853 4213 990 4274 natalium
1003 4213 1112 4286 reginae

351 4313 446 4389 Cyprl.

356 4412 524 4475 Honorius
535 4409 846 4486 episcopusservus
857 4400 1111 4469 servorumDei,

317 4509 491 4574 carissimo
501 4508 537 4568 in
548 4504 678 4566 Christo
691 4503 760 4563 illio
772 4501 925 4577 Philippo
934 4499 1004 4574 regi
1014 4501 1113 4586 liran-

318 4626 444 4679 corum,
461 4605 601 4668 salutem
619 4603 653 4664 et
668 4598 884 4678 apostolicam
905 4597 1113 4660 benedictio-

1491 2629 1633 2716 XXXV

1163 2767 1215 2828 Ad
1229 2767 1469 2830 Aaeoeuudrcm
1495 2768 1692 2838 episcopum
1714 2764 1960 2824 Varcdtcttsem

1301 2864 1334 2926 ct
1349 2865 1384 2925 G.
1396 2862 1623 2938 propositum
1638 2863 1827 2924 Aibertsam.

1446 2981 1482 3040 29
1492 2978 1585 3039 octob.
1598 2981 1677 3038 liic.

1257 3097 1384 3162 [Theium.
1400 3096 1512 3148 Menam.
1528 3094 1670 3158 llupgsriae,
1685 3093 1704 3152 l,
1715 3092 1756 3150 fl,
1769 3107 1795 3144 n.
1806 3091 1859 3157 tin]

1223 3203 1259 3261 lit
1274 3201 1310 3260 dc
1325 3209 1400 3259 statu
1414 3199 1544 3258 ecclesiae
1561 3199 1597 3256 de
1611 3196 1750 3256 witbuhu
1764 3197 1898 3255 celerant.

1202 3320 1381 3390 Honorius,
1390 3313 1961 3391 eto.,venerabiliiratri...episoopo

1164 3417 1374 3479 Waradiensi
1394 3415 1427 3478 et
1445 3413 1621 3491 praeposito
1647 3409 1796 3484 Albensi,
1817 3410 1959 3473 salutem

1164 3517 1197 3578 et
1211 3513 1426 3592 apostolicam
1442 3509 1719 3574 benedictionem.

1204 3609 1470 3674 Exhibitaenobis
1481 3607 1682 3670 venerabilis
1693 3604 1958 3667 iratrisnostrl...

1165 3707 1379 3772 cenadiensis
1410 3705 1556 3784 episcopi
1590 3705 1711 3766 litterae
1747 3701 1963 3764 continebant

1165 3807 1250 3887 quod
1266 3823 1366 3886 quum
1380 3805 1466 3866 idem
1481 3803 1672 3882 reperisset,
1689 3802 1723 3862 in
1739 3817 1808 3862 suae
1824 3816 1962 3877 promo-

1165 3906 1266 3969 tionis
1278 3905 1384 3976 initio,
1395 3899 1778 3965 incenadiensidioecesi
1787 3897 1963 3959 ecclesiam

1165 4002 1205 4064 de
1221 4002 1384 4065 Witbuhu
1398 4001 1570 4077 nigrorum
1582 3997 1710 4059 ordinis
1726 3995 1964 4056 monachorum

1166 4091 1967 4179 inspiritualibusettemporallbusdestitutam,et

1166 4202 1239 4278 ejus
1254 4195 1405 4259 abbatem
1421 4196 1453 4258 et
1467 4192 1658 4264 monachos,
1676 4189 1890 4252 observantia
1904 4204 1964 4249 re-

1168 4297 1276 4375 gulari
1284 4295 1419 4372 reiecta,
1434 4290 1609 4364 interalia,
1622 4305 1696 4367 quae
1705 4283 1965 4356 committebant,

1168 4394 1330 4466 enormia,
1345 4392 1463 4454 salsam
1487 4387 1682 4464 intersepta
1697 4385 1845 4462 eiusdem
1859 4382 1964 4444 eccle·

1168 4494 1228 4555 sim
1250 4489 1414 4552 labricare
1438 4487 1615 4557 monetam,
1633 4485 1668 4544 in
1683 4497 1782 4560 quam
1798 4480 1919 4541 calices
1936 4482 1968 4541 et

1169 4605 1284 4651 cruces
1297 4589 1329 4650 et
1342 4603 1422 4648 vasa
1438 4587 1504 4646 tam
1520 4597 1615 4643 sacra
1632 4595 1729 4658 quam
1745 4579 1812 4640 alia
1823 4575 1966 4653 'redige-

318 4723 406 4770 nem.
1169 4687 1412 4764 bantzpropter
1422 4679 1629 4744 hocmobllia
1640 4679 1673 4739 et
1685 4675 1881 4747 immobilia,
1894 4691 1968 4752 quae

358 4805 452 4866 Licet
462 4795 688 4862 indubitanter
695 4791 1115 4870 noverimustepromptum
1170 4785 1293 4847 habere
1308 4779 1470 4862 poterant,
1485 4775 1720 4847 distrahentes,
1736 4771 1840 4834 iidem
1865 4770 1968 4834 abbas

320 4919 394 4966 esse
410 4901 450 4962 ad
468 4897 635 4978 justitiam
659 4891 787 4956 cunctis
809 4889 995 4970 petentibus
1014 4889 1114 4951 exbi—
1170 4883 1204 4946 et
1215 4879 1369 4944 monachi
1385 4879 1425 4938 de
1442 4878 1514 4953 ipsa
1528 4872 1682 4944 ecclesia,
1703 4871 1884 4933 metuentes
1900 4885 1968 4980 prae

320 4999 473 5070 bendam,
488 5012 531 5057 ex
545 4992 727 5056 abundanti
740 4993 852 5052 tamon
870 5004 976 5066 nuper
986 4984 1027 5048 ad
1040 5002 1117 5064 pre-
1171 4977 1337 5042 commissi
1358 4973 1508 5038 criminis
1535 4969 1739 5033 conscientia
1764 4969 1970 5044 indignatio-

322 5116 378 5162 oes
393 5089 576 5159 carissimae
588 5092 623 5152 in
634 5089 765 5151 Christo
781 5087 858 5148 litiae
874 5086 1006 5156 nostrae,
1021 5083 1118 5144 illus·
1173 5076 1378 5152 nomregiam
1389 5074 1422 5137 et
1431 5069 1578 5149 ejusdem
1589 5063 1967 5146 episcopirecesserunt.

320 5199 385 5261 tris
396 5194 521 5271 reginae
530 5187 639 5270 Cypri,
654 5185 866 5248 serenitatem
882 5183 972 5244 luam
982 5180 1118 5257 rogavi·
1172 5177 1343 5251 Quumque
1356 5170 1444 5232 dicta
1456 5167 1673 5230 remansisset
1687 5163 1828 5275 ecclesia
1842 5163 1875 5224 et
1887 5176 1968 5272 per-⁹

321 5312 395 5359 mus
413 5294 455 5364 et,
474 5291 582 5352 adhuc
597 5300 725 5366 quoque
746 5298 901 5358 rogamus
917 5281 952 5341 ut
968 5277 1117 5338 eamdem
1173 5273 1263 5334 sonis
1278 5285 1384 5331 vacua
1399 5267 1432 5328 et
1449 5262 1661 5328 facultatibus
1677 5261 1829 5372 spoliata,
1855 5275 1916 5320 nec
1938 5275 1969 5320 er

322 5395 484 5472 reginam,
503 5403 602 5466 quum
617 5385 724 5462 ipsam
739 5381 780 5443 ad
801 5377 1012 5458 prasentiam
1026 5377 1117 5437 tuam
1172 5371 1250 5431 tunc
1261 5368 1372 5446 posset
1384 5365 1424 5427 de
1437 5363 1589 5442 personis
1600 5359 1814 5470 regulambus
1823 5372 1971 5418 commo-

321 5492 437 5554 venire
450 5485 638 5564 contigerit,
653 5497 749 5542 cures
763 5477 906 5552 benigne
923 5471 1071 5550 recipere
1086 5472 1119 5534 et
1172 5467 1213 5529 de
1226 5464 1404 5546 provideri,
1420 5461 1598 5525 saeculares
1613 5472 1793 5521 canonroos
1806 5471 1844 5566 tn
1854 5455 1970 5516 eadem

322 5592 387 5653 tam
408 5603 481 5650 eam
498 5599 595 5663 quam
616 5585 654 5641 Α.
674 5575 824 5640 nuntium
841 5588 936 5633 suum
957 5571 992 5633 in
1012 5569 1117 5648 ipsius
1173 5565 1326 5636 instituit,
1353 5562 1509 5624 dilectum
1537 5557 1640 5620 tilium
1665 5557 1698 5616 G.
1727 5552 1877 5616 ecolesroe
1901 5565 1970 5616 suae

322 5688 447 5762 regium
457 5683 557 5760 justis
575 5672 788 5756 petitionibus
805 5669 977 5732 exaudire.
995 5671 1117 5729 Verum
1173 5662 1370 5726 canonicum
1396 5658 1459 5737 ipsi
1483 5655 1672 5734 praetlciens
1701 5652 1917 5730 provisorem,
1936 5651 1973 5710 ut

2131 5767 2134 5946 l

2126 6050 2130 6157 l
