4248 6410
205 1427 214 1444 ‘
314 1413 446 1476 bebetis
474 1415 509 1476 in
534 1415 621 1477 Villa
647 1415 907 1482 Henseoslenen,
930 1431 1004 1478 cum
1028 1429 1107 1478 area

309 279 369 342 bet
921 285 1098 347 HONORII
1120 285 1164 346 111
1186 287 1336 349 OPERA.
1900 287 1965 346 568

310 439 440 504 dilectis
459 437 539 503 liliis
556 441 667 504 abbati
686 443 720 504 et
742 443 919 506 conventui
940 443 982 506 de
1005 443 1105 506 Porta
1161 446 1360 524 competenti
1388 463 1449 525 pro
1475 447 1660 525 quantitate
1680 447 1818 524 peccati.
1840 445 1963 507 Datum

309 538 541 600 Cisterciensis
549 538 688 610 ordinis,
696 539 1105 618 salutemetapoetolicam
1162 545 1336 617 Laterani,
1367 544 1478 606 idibus
1508 543 1717 616 novembris,
1745 543 1961 623 pontificatus

310 633 587 698 benedictionem.
1162 641 1512 720 nostriannoquinto.

353 735 432 794 Gom
447 733 578 795 anobis
597 733 730 810 petitur,
749 735 836 813 quod
857 737 984 813 justum
1003 737 1053 798 est
1074 736 1108 797 et

312 829 498 902 honestum,
511 833 579 893 tam
594 832 691 907 vigor
711 832 890 910 aequitatis,
911 845 1010 910 quam
1025 831 1107 895 erdo
1488 803 1633 890 XCVII
1698 918 1708 926 ,

311 927 419 1004 exigit
436 928 588 1000 rationis,
607 931 644 992 nt
663 927 696 990 id
711 945 771 1006 per
784 929 1042 992 sollicitudinem
1056 929 1107 991 ot·
1195 937 1247 994 Ad
1259 935 1484 996 Benedictum
1496 939 1693 1012 episcopum
1707 937 1923 997 scarensem.

312 1025 380 1087 dcii
393 1025 499 1088 nostri
512 1025 554 1088 ad
566 1026 713 1089 debitum
729 1027 929 1104 perducatur
938 1027 1105 1089 ellectum.
1458 1056 1492 1114 lt
1505 1071 1571 1112 nov,
1585 1055 1664 1114 ,Μ

313 1123 506 1200 Eapropter,
532 1123 645 1186 dilecti
672 1124 706 1184 in
728 1125 867 1186 Domino
887 1123 959 1196 dlii,
985 1125 1106 1188 vestris
1278 1169 1425 1235 amem
1437 1167 1548 1224 Sum
1559 1169 1633 1236 dipl..
1644 1171 1664 1230 1,
1677 1169 1732 1230 m·
1745 1185 1770 1220 n.
1783 1170 1850 1236 m]

311 1219 411 1297 justis
438 1220 717 1298 postulationibus
749 1223 845 1298 grato
872 1223 1107 1284 concurrentes
1162 1277 1204 1336 Ne
1224 1277 1347 1349 patiatur
1370 1284 1493 1350 pamm,
1508 1276 1533 1334 εἰ
1548 1285 1641 1334 mm
1663 1277 1692 1334 jn
1714 1277 1788 1336 lecto
1808 1285 1894 1336 ηοω,
1909 1293 1960 1350 W

314 1331 465 1389 assensu’
478 1333 595 1380 ”mm
617 1333 751 1380 ”¹⁸⁰⁸oe
774 1321 809 1380 ot
826 1319 1001 1381 dimidium
1025 1335 1107 1396 ‘³⁰⁰⁸
1198 1365 1337 1422 incuriam
1345 1361 1482 1424 infantem
1491 1366 1745 1438 oppresserit,sine
1753 1365 1958 1439 proprieculpa

1199 1468 1304 1526 puniri.

1203 1562 1561 1640 Honoriusepisoopus,
1572 1577 1689 1624 servus
1703 1579 1875 1626 servorum
1884 1563 1957 1634 bei.

1162 1658 1347 1720 venerabili
1362 1659 1456 1721 tratri
1471 1659 1627 1738 episcopo
1635 1661 1802 1732 scarensi,
1815 1660 1958 1722 salutem

1164 1758 1196 1817 et
1210 1757 1427 1834 apostolicam
1438 1756 1715 1819 benedictionem.

1203 1853 1295 1915 Siout
1320 1854 1355 1914 in
1392 1856 1505 1916 nostra
1538 1855 1741 1932 proposuisti
1775 1845 1983 1931 praesentia

1163 1951 1383 2022 constitutus,
1420 1949 1572 2028 qnaedam
1605 1951 1809 2014 consuetudo
1835 1952 1871 2014 in
1900 1953 1959 2014 tua

1164 2047 1299 2110 dioecesi
1319 2051 1396 2126 jure
1425 2048 1593 2110 contraria
1617 2048 1765 2120 inolevit,
1789 2047 1957 2120 videlicet,

1163 2145 1249 2223 qued
1264 2145 1293 2205 si
1308 2145 1414 2207 mater
1423 2145 1458 2206 in
1468 2143 1553 2206 lecto
1565 2146 1606 2206 de
1615 2147 1710 2206 noete
1723 2145 1956 2223 perincuriam

1163 2241 1324 2304 infantem
1358 2242 1571 2319 oppresserit,
1599 2245 1694 2319 pater
1721 2243 1794 2303 sine
1819 2243 1956 2320 propria

1164 2339 1261 2416 culpa
1276 2338 1423 2416 punitur,
1438 2353 1511 2400 cum
1522 2339 1783 2417 sioppresslonis
1792 2340 1953 2416 tempora,

314 1511 507 1584 molendini,
524 1527 665 1574 necnon
681 1513 836 1574 undecim
853 1527 986 1576 mansos
1004 1515 1038 1574 et
1051 1512 1106 1573 di-

287 1607 451 1671 .midium
474 1624 557 1686 qnos
578 1610 707 1672 bebetis
732 1610 819 1686 apud
841 1611 1017 1686 grangiam
1032 1625 1109 1670 ves-

313 1705 400 1766 tram
416 1705 451 1766 in
465 1707 551 1768 Vere
565 1721 639 1768 curn
654 1708 723 1768 suis
737 1707 959 1785 pertinentiis,
970 1722 1052 1786 quoe
1063 1705 1108 1783 ab

315 1801 432 1864 abbate
455 1805 489 1865 et
509 1807 674 1866 conventu
700 1804 913 1866 Herseldensi
929 1805 1106 1882 emptionis

311 1901 389 1976 jure
419 1901 621 1962 monasterio
644 1904 756 1964 vestro
779 1902 966 1980 acquisisse
992 1903 1108 1964 nosci-

313 1995 408 2068 mini,
421 1997 507 2060 siout
516 2011 555 2058 ea
566 1998 678 2060 omnia
687 2001 777 2076 juste
791 2015 832 2060 ae
846 2000 984 2076 pacifice
1000 1999 1110 2076 possi-

312 2091 411 2164 detis,
424 2095 457 2154 et
472 2091 505 2154 in
521 2095 712 2157 authentico
729 2096 850 2157 exinde
870 2095 1018 2158 coniecto
1039 2096 1110 2172 ple-

315 2189 390 2250 nius
405 2191 603 2258 continetur,
614 2191 708 2254 vobis
723 2195 756 2254 et
766 2209 825 2270 per
837 2209 897 2254 vos
908 2193 1108 2255 monasterio

314 2287 425 2348 vestro
447 2289 644 2350 auctoritate
658 2290 846 2366 Apostolioa
862 2291 1106 2360 confirmamus,

314 2385 348 2444 et
369 2385 544 2462 praesentis
567 2385 682 2462 scripti
708 2387 894 2464 patrocinio
921 2387 1108 2450 communi-

313 2495 397 2542 mus.
406 2482 497 2544 Nulli
510 2497 626 2558 ergo...
640 2483 863 2545 incursurum.
880 2487 998 2547 Datum
1011 2487 1110 2548 Late·

314 2579 400 2646 rani,
417 2581 460 2642 lv
475 2580 549 2641 idus
567 2596 656 2652 nov„
672 2581 884 2658 pontificatus
899 2583 1003 2644 nostri
1019 2597 1108 2645 anno

312 2677 439 2754 quinto.

1163 2435 1954 2514 ipsenecineodemlecto,necindomo,velterra

1159 2535 1251 2610 tacet
1263 2533 1391 2605 eadem,
1405 2549 1466 2596 nee
1489 2533 1575 2596 aliae
1588 2533 1622 2595 in
1635 2533 1698 2595 boe
1708 2533 1882 2611 delinquit,
1897 2549 1960 2611 par

1165 2631 1296 2709 utrique
1318 2630 1513 2708 poenitentia
1539 2631 1743 2708 injungatur.
1774 2630 1858 2704 Quia
1879 2621 1976 2694 vero'
2009 2627 2012 2631 ’

1164 2727 1544 2804 indignumeetalterum
1555 2743 1614 2805 pro
1629 2727 1768 2790 alteriue
1779 2726 1875 2805 eulpa
1891 2743 1958 2806 pu-

648 2795 772 2883 XCVI
1164 2823 1426 2898 niri,necdebet
1445 2823 1960 2902 extendivindictaultraqnam

345 2925 397 2986 Ad
409 2927 633 2988 Benedictnm
648 2931 843 3004 episcopum
857 2929 1072 2992 scarensem.
1163 2921 1334 2984 inventum
1349 2921 1449 2984 luerit
1464 2921 1499 2983 in
1513 2921 1695 2984 excedente
1707 2921 1876 2994 delictum,
1888 2921 1961 2983 ira-

575 3046 751 3106 ngmwmg
768 3048 847 3110 qm
1163 3018 1313 3080 ternitati
1324 3019 1390 3081 tum
1405 3034 1466 3096 per
1479 3017 1668 3095 apostolica
1683 3017 1808 3096 scripta
1820 3018 1962 3080 manda·

1164 3131 1248 3188 mus,
1263 3115 1470 3193 quatenueid
1486 3115 1526 3176 de
1541 3117 1661 3177 caetero
1679 3115 1871 3178 nullatenus
1885 3115 1959 3177 deri

1164 3212 1314 3290 patiaris,
1339 3213 1395 3273 sed
1415 3211 1595 3274 secundum
1623 3213 1738 3290 culpas
1761 3212 1962 3290 delinquen·

1163 3310 1257 3382 tium,
1280 3309 1491 3388 poenitentias
1514 3307 1707 3371 modereris.
1731 3309 1849 3372 Datum
1859 3309 1960 3372 Late-

426 3161 571 3228 [biliam
590 3161 699 3214 Svenskt
712 3161 785 3227 dipl..
799 3165 817 3222 l,
828 3162 920 3223 sitm.
932 3162 999 3230 len]

313 3267 346 3328 Ei
366 3267 483 3328 mandat
503 3277 534 3327 ut
557 3267 697 3342 quosdam
721 3267 769 3344 qui
794 3277 908 3344 propter
929 3269 1106 3330 imbecillite-

346 3363 406 3416 tem
420 3369 571 3430 ourporum
594 3359 624 3413 in
637 3357 692 3415 elie
718 3357 840 3416 eoeleste
860 3355 981 3416 iaclliter
998 3359 1109 3417 admitti

347 3459 405 3502 nou
416 3446 569 3518 potuerint,
585 3452 769 3504 removentes
787 3445 816 3504 ln
831 3447 895 3504 aliis
908 3447 1038 3504 eeclesiis
1048 3461 1108 3505 sue
1163 3407 1250 3480 ‘³¹¹1’
1266 3405 1377 3469 idum
1389 3404 1590 3479 ¹²⁰V⁰¹¹¹b¹⁸¹⁸2
1609 3421 1698 3469 ²⁰⁰⁰
1708 3407 1838 3486 ‘lumm-

346 3533 481 3592 dioecesis
498 3532 628 3594 collocet.

353 3651 520 3713 Honorius
531 3651 717 3729 episcopus,
727 3667 844 3715 servus
854 3664 1026 3716 servorum
1036 3654 1106 3726 liei,
1481 3585 1647 3674 XCVIII

312 3746 497 3810 venerabili
512 3747 608 3811 tratri
620 3749 776 3827 episcopo
788 3751 954 3823 scarensi,
965 3751 1108 3812 salutem
1193 3719 1244 3780 Ad
1258 3717 1482 3780 Be'wdwtum
1497 3721 1695 3793 0P¹³00l2um
1708 3719 1924 3780 scarensem·

188 3836 191 3847 '
312 3846 346 3907 et
355 3845 570 3924 apostolicam
580 3846 859 3910 benedictionem.
1456 3833 1490 3891 le
1505 3847 1572 3889 nov-
1590 3831 1670 3890 liin.

353 3943 551 4021 supplicasti
570 3944 679 4014 nobis,
696 3946 733 4008 nt
746 3961 823 4008 cum
836 3945 969 4023 quidam
980 3947 1051 4023 jam
1073 3945 1109 4005 in
1285 3935 1433 4004 [intonen.
1446 3937 1541 3990 sienis
1553 3937 1627 4004 alpi..
1641 3938 1662 4000 1,
1676 3937 1731 3994 ¹¹⁸·
1744 3951 1770 3988 ¹¹·
1781 3933 1849 4003 ¹⁹2]

313 4039 411 4103 astute
425 4041 594 4120 decrepita
614 4043 796 4112 constituti,
818 4043 897 4105 olim
914 4041 1109 4120 obsequium
1166 4047 1202 4108 Ut
1216 4061 1303 4120 super
1330 4045 1467 4104 vicesima
1485 4045 1745 4104 ecelesiasticorum
1771 4049 1961 4116 proventuum

313 4153 349 4200 se
359 4141 427 4202 Deo
441 4141 600 4216 prestare
612 4141 785 4204 eredentes
794 4142 830 4202 in
842 4140 984 4202 ecclesia
994 4141 1051 4202 tna
1062 4140 1110 4200 in·
1200 4133 1564 4204 matisconensem
1578 4133 1688 4192 Sidete
1698 4131 1856 4190 subsidium
1869 4131 1959 4206 deiu-

313 4250 462 4312 gressum
475 4235 818 4315 habuissentpeounia
828 4235 1108 4314 mediante,ipsis,
1201 4231 1271 4295 tate,
1293 4223 1451 4298 iffllfflffli·

313 4333 370 4409 qui
382 4334 516 4410 propter
527 4333 788 4418 imbecillitatem
803 4348 980 4411 corporum
991 4333 1026 4396 in
1041 4333 1110 4395 alia
1205 4333 1564 4410 ilonoriusepisoopus,
1575 4345 1692 4393 servus
1705 4346 1877 4394 servornm
1886 4330 1957 4402 Dei,

312 4429 456 4492 ecclesia
471 4429 512 4492 de
528 4428 620 4492 sacili
641 4430 770 4493 admitti
799 4445 866 4492 non
890 4433 1036 4508 possent,
1055 4431 1110 4508 pio
1165 4429 1350 4492 venerabili
1365 4427 1461 4491 fratri
1476 4429 1632 4504 episcopo
1640 4429 1808 4500 scarensi,
1818 4427 1960 4488 salutem

314 4527 551 4605 compatientes
567 4526 699 4598 affectu,
714 4541 772 4590 eos
787 4529 822 4588 in
837 4527 953 4590 eadem
968 4529 1111 4590 eeclesia
1165 4529 1199 4592 et
1210 4527 1426 4604 apostolicam
1442 4523 1717 4586 benedictionem.

314 4625 429 4687 vivere
470 4624 732 4686 misericorditer
773 4627 974 4701 pateremur.
1018 4625 1111 4686 illins
1205 4627 1287 4687 cum
1299 4625 1385 4686 sicut
1397 4624 1552 4685 innostra
1567 4622 1768 4699 proposuisti
1782 4621 1960 4700 presentia

314 4723 427 4799 ltaque
440 4722 547 4784 vicem
567 4723 733 4798 gerentes,
750 4722 807 4800 qui
818 4723 985 4800 parcendo
1000 4737 1039 4784 ae
1054 4723 1112 4784 mi·
1166 4723 1377 4786 constitutus.
1388 4720 1548 4784 vicesima
1561 4719 1867 4784 ecelesiasticorum
1882 4733 1962 4798 pro-

315 4819 458 4882 serando
488 4835 581 4880 suam
609 4820 884 4896 omnipotentiam
906 4821 1109 4892 manifestat,
1167 4821 1322 4883 ventuum
1343 4819 1409 4880 tuae
1430 4816 1584 4880 dioecesis
1602 4816 1760 4896 deputata
1787 4817 1823 4878 in
1848 4817 1962 4878 Terre

315 4916 517 4980 fraternitati
529 4921 596 4979 tues
612 4917 869 4996 parapostolica
884 4918 1008 4995 scripta
1021 4933 1112 4979 man·
1168 4917 1298 4979 &ncta
1319 4917 1463 4994 nequeat
1478 4913 1519 4976 de
1544 4914 1636 4977 sacili
1662 4914 1834 4987 estimari,
1849 4929 1909 4994 pro
1921 4930 1963 4978 eo

314 5015 442 5084 damus,
464 5016 628 5092 quatenus
649 5029 707 5076 eos
723 5014 763 5075 da
789 5013 948 5092 praedicta
968 5014 1111 5078 ecclesia
1167 5013 1253 5092 quod
1269 5015 1447 5090 proventus
1475 5013 1540 5090 ipsi
1555 5028 1623 5074 non
1646 5013 1681 5074 in
1697 5013 1844 5081 moneto,
1857 5011 1914 5076 sed
1928 5012 1964 5074 in

314 5129 502 5183 removens,
514 5111 554 5174 de
570 5111 812 5184 misericordia,
829 5129 903 5190 quae
916 5112 1113 5189 superexal-
1165 5109 1377 5182 victualibus,
1395 5125 1468 5188 quae
1491 5109 1657 5172 habentur
1671 5109 1718 5172 ibi
1733 5107 1963 5172 valdemodici

312 5209 507 5290 tatjudicio,
519 5210 610 5287 ipsos
629 5211 665 5272 in
687 5210 764 5273 aliis
777 5211 928 5272 ecclesiis
943 5211 1009 5271 tuae
1027 5208 1113 5271 dite-
1167 5207 1264 5286 pretii
1281 5223 1340 5285 pro
1365 5208 1484 5284 majori
1501 5209 1594 5285 parte
1618 5207 1815 5279 consistunt,
1831 5207 1966 5284 propter

314 5309 401 5371 cesis
416 5307 552 5371 studeas
568 5307 743 5370 collocare.
760 5306 851 5379 Quod
864 5306 892 5368 si
903 5305 987 5368 sorte
1000 5305 1112 5383 nequi·
1167 5305 1253 5383 quod
1269 5305 1383 5366 cleriei
1398 5305 1547 5382 ejusdem
1572 5303 1724 5366 dioecesis
1751 5305 1810 5365 vix
1833 5302 1874 5365 ad
1889 5305 1962 5365 eol-

314 5406 415 5477 veris,
441 5419 498 5466 eos
528 5404 755 5480 dispensative
777 5403 817 5464 de
842 5417 928 5464 novo
954 5401 1110 5478 recipias,
1166 5403 1457 5465 vendumcentum
1480 5417 1609 5464 marcas
1629 5417 1688 5478 pro
1708 5402 1868 5464 vicesima
1884 5417 1964 5480 pos·
2097 5411 2103 5424 ’

315 5503 452 5566 mutatis
465 5501 633 5579 prioribus
648 5501 741 5570 locis,
756 5503 788 5561 et
800 5498 1016 5560 interioribus
1031 5501 1113 5560 assi·
1167 5501 1235 5562 sint
1253 5499 1376 5562 induci.
1405 5501 1474 5562 Nos
1499 5497 1694 5562 discretioni
1721 5501 1799 5571 tuae,
1829 5498 1870 5561 de
1898 5515 1964 5575 qua

315 5601 442 5677 gnatis,
470 5600 619 5676 injuncta
661 5597 879 5658 nibilominus
919 5597 1111 5674 poenitentia
1168 5596 1298 5675 plenam
1315 5597 1349 5658 in
1365 5597 1669 5660 Domiuotlduoiam
1686 5595 1883 5668 obtinemus,
1907 5613 1967 5658 su-
