4300 6392
206 306 266 367 413
824 297 1052 366 EPISTOLAE.
1075 305 1231 366 LIB.'IV.

1790 309 1848 368 414

206 465 376 544 proposita
398 479 510 528 coram
529 479 568 526 eo
592 461 687 525 nobis
703 461 735 524 et
750 460 906 526 iratribus
921 479 1001 532 nos-
1055 463 1161 534 nicus,
1181 465 1238 541 qui
1257 461 1439 524 secundum
1457 463 1598 534 Domini,
1615 466 1648 526 et
1667 465 1755 526 beati
1774 468 1846 533 Au·
1928 467 1937 484 '

205 564 268 625 tris
285 563 427 624 fideliter
438 561 617 632 retulisset,
633 575 693 622 nos
712 560 754 620 de
765 561 914 637 ipsorum
932 559 1002 620 ira-
1056 561 1180 636 gustini
1193 561 1341 636 regulam
1357 561 1391 621 in
1411 561 1527 622 eadem
1549 561 1690 623 ecclesia
1710 563 1847 624 institu-

206 661 295 722 trum
318 659 459 721 consilio
485 659 695 736 privilegium
715 659 823 733 ipsum
851 671 918 717 non
942 656 1002 716 ob·
1055 657 1109 718 tus
1126 673 1199 718 esse
1213 658 1428 732 dignoscitur,
1438 659 1605 734 perpetuis
1624 657 1746 720 ibidem
1768 662 1850 722 tem·

207 759 316 818 stante
339 756 599 817 contradictione
619 754 749 832 praelati
776 753 1001 830 procuratoris
1056 753 1190 830 poribus
1205 754 1445 818 inviolabiliter
1459 756 1665 817 observetur.
1680 757 1848 818 Praeterea

208 853 358 915 ecclesiae
370 855 482 916 Sancti
494 852 654 930 Stephani
667 851 822 912 duximus
837 851 1002 911 innovan·
1056 865 1281 929 quascumque
1289 855 1528 928 possessiones,
1538 869 1752 930 quaecumque
1763 852 1850 915 bona

207 951 297 1011 dum.
324 951 443 1012 natum
473 949 624 1022 viterbii,
652 949 746 1010 sexto
774 947 849 1008 idus
872 945 999 1024 aprilis,
1057 949 1172 1008 eadem
1197 947 1339 1009 ecclesia
1359 951 1396 1010 in
1422 949 1675 1024 praesentiarum
1698 951 1788 1026 justa
1816 953 1850 1012 et

206 1047 418 1124 pontificatus
432 1047 539 1109 nostri
552 1063 642 1108 anno
653 1045 780 1124 quarte.

549 1215 656 1302 CXII

315 1351 369 1410 Aa
386 1351 640 1412 waldemarum
660 1351 885 1422 capellanum.

490 1462 507 1520 8
524 1459 621 1532 aprilis
638 1459 717 1517 1220.

356 1576 456 1640 [Suhm,
469 1574 533 1624 llist.
546 1575 573 1624 al
586 1573 723 1632 Daumarlr,
739 1571 783 1630 lx,
794 1569 862 1636 rot]

253 1685 349 1758 -Super
358 1681 470 1740 delectu
486 1680 622 1740 natalium
643 1680 682 1738 illi
696 1679 941 1751 dispensationem

536 1768 677 1830 concedit.

247 1881 414 1942 Honorius
422 1880 608 1956 episcopus,
623 1892 738 1938 servus
747 1890 918 1936 servorum
928 1874 999 1945 Dei,

199 1978 327 2039 dilecto
342 1975 410 2037 tilio
423 1975 646 2046 Waldemar0,
661 1973 801 2034 salutem
817 1969 850 2033 et
864 1972 1001 2050 aposto-

202 2075 307 2136 licam
321 2072 594 2134 benedictionem.

249 2174 328 2231 Cum
339 2170 422 2230 bene
437 2168 564 2230 meritis
575 2165 766 2244 apostolicae
779 2166 897 2242 gratiae
908 2165 1004 2225 favor

203 2268 411 2345 impenditur
425 2266 465 2328 ad
482 2266 567 2328 bene
588 2263 780 2326 merendum
807 2263 866 2325 alii
882 2277 1003 2340 provo·

209 2365 344 2438 cantur3
361 2379 435 2424 cum
450 2363 552 2438 igitur
570 2361 611 2422 de
626 2361 766 2424 scientia
781 2361 814 2421 et
830 2359 1003 2421 honestate

203 2463 267 2523 tua
281 2459 448 2521 laudabile
460 2457 688 2520 testimonium
703 2456 926 2532 receperimus
937 2456 1002 2516 tuae

207 2557 330 2618 merito
343 2556 517 2633 probitatis
532 2555 566 2616 et
584 2552 737 2630 precibus
751 2551 830 2614 dicti
845 2553 934 2627 regis
949 2552 1003 2611 in-

211 2654 299 2715 ducti
321 2654 430 2715 tecum
449 2667 550 2728 super
572 2649 702 2711 delectu
725 2649 888 2710 natalium
906 2663 1002 2724 quern

211 2751 357 2812 sustines
374 2766 393 2810 a
416 2749 525 2810 soluto
541 2747 672 2822 genitus
694 2747 727 2808 et
747 2745 855 2806 soluta
867 2745 1002 2804 miseri-

212 2847 355 2908 corditer
378 2845 619 2922 dispensamus.
644 2842 737 2904 Nulli
763 2857 842 2917 ergo
868 2842 1002 2902 omnino

204 2943 394 3016 hominum,
410 2944 498 3004 etc...

1056 1045 1216 1106 canonice
1236 1045 1393 1121 possidet,
1417 1047 1523 1107 autin
1543 1045 1689 1107 futurum
1711 1063 1851 1108 conces-

1057 1141 1151 1203 sione
1165 1142 1368 1220 pontificum,
1379 1143 1556 1218 largitione
1565 1159 1679 1220 regum
1688 1145 1740 1205 vel
1754 1145 1849 1221 prin-

1056 1240 1177 1315 cipum,
1200 1238 1367 1300 oblatione
1389 1239 1546 1310 bdelium,
1573 1255 1631 1299 seu
1656 1241 1731 1301 aliis
1748 1241 1849 1317 justis

1056 1335 1174 1408 modis,
1196 1327 1540 1412 praestante'Dominc,
1557 1337 1678 1413 poterit
1696 1335 1847 1414 adipisci,

1057 1431 1152 1493 firma
1171 1432 1264 1493 vobis
1286 1433 1473 1510 vestrisque
1495 1431 1744 1494 successoribus
1763 1437 1796 1496 et
1809 1433 1852 1494 il·
1935 1501 1944 1520 ·

1057 1529 1158 1592 libata
1176 1531 1403 1606 permaneant.
1424 1533 1460 1590 ln
1484 1529 1604 1606 quibus
1619 1529 1691 1591 haec
1706 1531 1851 1608 propriIs

1057 1625 1211 1687 duximus
1223 1627 1439 1703 exprimenda
1454 1627 1624 1688 vocabulis
1642 1645 1649 1687 ε
1672 1627 1782 1689 locum
1794 1627 1851 1705 ip·

1057 1735 1140 1795 sum,
1155 1723 1267 1800 inquo
1287 1723 1425 1800 praefata
1445 1725 1586 1784 ecclesia
1605 1725 1669 1785 sita
1691 1725 1752 1794 est,
1776 1739 1851 1786 cum

1057 1819 1209 1880 omnibus
1220 1819 1429 1897 pertinentiis
1445 1821 1642 1881 :ecclesiam
1658 1819 1697 1881 de
1712 1821 1848 1898 Alburg,

1057 1917 1097 1977 de
1121 1916 1315 1989 aitenbach,
1339 1917 1379 1978 de
1397 1918 1654 1991 Hartchircben,
1678 1917 1718 1979 de
1733 1919 1851 1979 Griez-

1057 2013 1226 2086 chireben,
1245 2013 1499 2085 deAluchoven,
1522 2015 1562 2075 de
1576 2015 1801 2104 Munichrent,
1820 2017 1853 2077 et

1057 2109 1098 2172 de
1108 2111 1333 2188 Widenspacb
1348 2111 1507 2172 ecclesias
1518 2127 1593 2172 cum
1609 2109 1760 2172 omnibus
1773 2128 1853 2189 per-

1057 2209 1208 2269 tinentiis
1231 2209 1316 2282 suis;
1343 2209 1504 2286 capellam
1529 2209 1659 2270 Sanctae
1682 2208 1798 2270 Mariae
1817 2207 1853 2269 in
1934 2219 1941 2230 ’

1058 2305 1177 2374 insula,
1202 2305 1309 2366 sancti
1328 2304 1443 2368 Jacobi
1467 2305 1503 2365 in
1526 2305 1630 2381 burgo
1656 2307 1785 2380 Petam,
1812 2305 1852 2368 de

1057 2402 1302 2474 hunchirchen,
1313 2401 1581 2474 deEuehendori,
1594 2395 1627 2463 ‘et
1636 2403 1766 2464 Sanctae
1779 2405 1853 2463 Ma-

1057 2499 1117 2560 rica
1145 2500 1180 2559 in
1208 2503 1329 2570 Anaso,
1359 2498 1505 2575 capellas
1538 2515 1612 2558 cum
1641 2499 1851 2574 pertinentiis

1057 2596 1138 2656 suis.
1154 2595 1316 2668 Decimas,
1343 2611 1425 2672 quas
1449 2594 1579 2656 habetis
1597 2595 1633 2654 in
1652 2595 1849 2670 Aitenbach,

1057 2693 1092 2752 in
1107 2691 1360 2763 Hartchircben,
1371 2693 1405 2752 in
1420 2691 1686 2764 Grieschirchen,
1697 2693 1732 2754 in
1746 2693 1853 2754 Muni-

1058 2789 1186 2861 cbrent,
1196 2790 1231 2850 in
1243 2789 1489 2866 Widemspacb,
1507 2789 1542 2848 in
1558 2789 1804 2862 aunchirchen,
1816 2791 1851 2852 in

1057 2887 1221 2957 Dcrnach,
1245 2887 1280 2946 in
1294 2884 1466 2956 Selebach,
1492 2885 1526 2946 in
1548 2887 1793 2959 Wachenweis,
1817 2887 1852 2948 in

1058 2985 1198 3055 Hutarn,
1225 2984 1261 3044 in
1285 2982 1535 3054 Chelichberch,
1568 2983 1604 3044 in
1638 2983 1790 3055 Irshehn,
1816 2985 1852 3045 in

1058 3079 1224 3156 Haiming,
1236 3079 1415 3156 inAlhurg,
1426 3079 1461 3140 in
1473 3079 1677 3153 Alnchoven,
1692 3081 1727 3141 in
1738 3081 1853 3142 Ehers·

1057 3177 1190 3250 wanch,
1205 3179 1240 3238 in
1254 3176 1433 3248 Sobiltarn,
1450 3175 1484 3236 in
1501 3177 1643 3253 Aspach,
1661 3178 1697 3238 in
1713 3177 1852 3240 Vehils-

1058 3275 1135 3346 tori,
1153 3276 1187 3334 in
1203 3275 1297 3346 Rust,
1312 3275 1347 3334 in
1360 3273 1521 3346 Isendorl,
1537 3274 1571 3333 in
1592 3275 1850 3348 Hochenwarth,

1060 3373 1092 3434 et
1105 3372 1138 3432 in
1152 3371 1327 3433 Buchrich.
1351 3371 1518 3432 Praeterea
1535 3368 1570 3430 hi
1590 3370 1748 3433 suburbio
1761 3373 1848 3435 civi-

1058 3469 1136 3531 tatis
1169 3469 1315 3529 Pataviae
1346 3467 1499 3528 undecim
1529 3467 1671 3541 domata,
1703 3469 1850 3542 fundum,

1059 3581 1156 3644 quem
1172 3564 1301 3626 habetis
1312 3565 1399 3626 inter
1414 3563 1612 3637 Danubium,
1629 3566 1661 3626 et
1673 3567 1810 3639 Ocnum,
1824 3569 1853 3628 11

1059 3665 1169 3724 curtes
1197 3661 1362 3737 senaling
1384 3663 1417 3723 et
1441 3662 1659 3734 Neunhoven,
1682 3663 1853 3726 dimidium

1060 3776 1213 3822 mansum
1249 3759 1289 3820 ad
1325 3757 1502 3831 Tantobel,
1543 3761 1686 3836 quatuor
1719 3777 1853 3822 mansos

236 3871 397 3930 Ecclesiam
410 3871 506 3928 Sancti
519 3868 628 3926 Nicolai
644 3864 851 3939 protegendam
862 3861 981 3935 suscipit
1059 3856 1242 3927 Holzheim,
1266 3871 1368 3916 unum
1392 3871 1543 3915 mansum
1575 3855 1788 3931 Hegenbach,
1818 3857 1853 3917 in

363 3971 520 4030 omnesque
532 3956 595 4030 ejus
607 3955 683 4012 bona
696 3954 856 4011 confirmat.
1060 3953 1265 4023 Probstrent,
1288 3953 1322 4012 in
1346 3952 1534 4025 Bachmull,
1559 3952 1593 4012 in
1615 3953 1789 4028 Sauming,
1818 3953 1853 4013 in

251 4069 420 4132 Honorius
433 4067 609 4144 episcopus
622 4078 737 4124 servus
753 4059 1001 4131 servorumDei,
1059 4048 1262 4111 Hasenbuell
1284 4065 1418 4108 manSOS
1442 4049 1475 4108 θῑ
1496 4049 1678 4120 dimidium,
1702 4065 1853 4110 mansum

208 4167 343 4228 dilectis
362 4163 441 4224 tiliis
466 4161 578 4224 Ulrico
601 4159 778 4236 praeposito
796 4155 944 4218 ecclesiae
969 4155 1002 4214 S.
1060 4147 1095 4208 ln
1109 4147 1221 4217 Putre,
1239 4160 1339 4206 unam
1355 4147 1481 4206 curtem
1497 4144 1532 4206 i1¹
1548 4145 1748 4220 Wissdberht
1767 4162 1853 4223 ‘11¹³-

213 4261 346 4326 Nicolai
360 4259 581 4330 pataviensis,
603 4259 741 4333 ejusque
757 4252 916 4314 tratribus
937 4253 1004 4312 tarn
1059 4245 1136 4306 tuor
1147 4243 1257 4304 curtes
1277 4241 1311 4302 in
1332 4239 1489 4314 Alburch,
1515 4243 1548 4303 et
1569 4243 1603 4302 in
1624 4243 1730 4303 Gehin
1754 4241 1857 4320 Engl-

252 3043 369 3102 Datum
384 3039 524 3101 viterbii
539 3041 567 3100 V
586 3038 663 3098 Idus
681 3035 809 3114 aprilis,
835 3035 1004 3114 pontifica-

205 3139 264 3199 tus
279 3139 383 3199 nostri
396 3152 484 3200 anno
497 3135 624 3213 quarta.

544 3311 669 3398 CXIII

224 3453 283 3512 Ad
300 3451 448 3512 Uiriatum
462 3446 688 3520 praepositam
702 3446 852 3506 ecclesia
866 3441 984 3506 Sancti

251 3549 388 3608 Nicolat
402 3546 623 3606 Patavtcasts
636 3545 776 3616 almam
789 3540 932 3614 fratres.

497 3657 514 3714 9
526 3655 623 3728 aprilis
638 3655 718 3712 1220.

354 3765 536 3830 ‘monumenta
549 3761 635 3821 boica,
648 3765 667 3810 t.
681 3761 724 3818 lv,
736 3775 762 3824 p.
775 3757 843 3824 att]

212 4358 433 4438 praesentibus
447 4353 545 4434 quatu
561 4352 681 4415 tuturis
701 4349 888 4425 regularem
902 4348 1004 4410 vitam
1060 4355 1243 4418 marsperg,
1267 4339 1302 4399 in
1327 4338 1561 4416 Sprinznhcrg,
1591 4340 1627 4400 in
1656 4341 1789 4416 Pering,
1820 4341 1855 4402 in

213 4453 372 4532 protessis
386 4453 422 4513 in
434 4451 641 4529 perpetuum.
1061 4435 1280 4510 Euchendorl,
1292 4437 1327 4496 in
1338 4436 1585 4509 Bezrechsdcrt,
1596 4438 1630 4498 in
1640 4439 1804 4512 bernach,
1820 4438 1857 4499 in

255 4551 456 4628 Religiosam
480 4547 581 4608 vitam
606 4543 805 4620 eligentibus
837 4540 1006 4618 Apostoli·
1059 4535 1202 4609 Abstori,
1232 4536 1268 4596 in
1295 4535 1451 4605 altheim,
1477 4535 1511 4595 in
1539 4535 1785 4608 hunchirchen,
1821 4537 1856 4596 in

215 4665 289 4712 curn
313 4647 467 4710 convenit
488 4645 605 4705 adesse
626 4641 831 4720 praesidium,
855 4655 897 4700 ne
920 4638 1005 4700 torte
1061 4633 1161 4706 Lech,
1176 4633 1210 4693 in
1237 4631 1416 4703 liberatori,
1434 4631 1468 4692 in
1485 4631 1668 4702 Pinzheim‚
1690 4633 1725 4692 in
1740 4632 1858 4694 Schal-

215 4745 391 4824 cujuslibet
413 4741 610 4804 temeritatis
644 4739 799 4801 incursus
822 4737 880 4797 aut
905 4752 961 4796 ecs
986 4751 1006 4795 a
1061 4730 1180 4802 aheim,
1203 4730 1238 4790 in
1256 4728 1422 4805 Ruspach,
1448 4729 1483 4788 in
1506 4728 1795 4802 Chrieschircben,
1821 4731 1857 4791 in

215 4844 383 4921 proposito
405 4839 548 4908 revocet,
562 4841 618 4898 aut
629 4836 741 4907 robur,
755 4835 840 4912 quod
855 4833 951 4905 absit,
969 4848 1005 4894 sa
1060 4827 1182 4898 Monte,
1208 4825 1241 4886 in
1256 4824 1500 4901 Tegernspach,
1527 4826 1562 4885 in
1587 4827 1723 4899 Wasen,
1739 4825 1775 4888 in
1789 4831 1857 4889 As·

213 4957 280 5003 crae
300 4937 472 5015 religionis
488 4934 661 5010 infringat.
685 4933 877 5010 Eapropter,
894 4930 1005 4992 dilecti
1062 4924 1179 4995 chach,
1197 4923 1231 4982 in
1245 4921 1440 4994 Naumarht,
1452 4921 1488 4982 in
1500 4922 1705 4995 Alnchoven,
1723 4925 1757 4984 in
1773 4927 1858 4986 Eus-

215 5039 250 5099 in
261 5036 399 5100 Domino
410 5032 610 5104 tilii‚vestris
616 5030 717 5107 justis
730 5027 1006 5106 postulationibus
1060 5021 1127 5091 ten,
1147 5021 1182 5080 in
1206 5019 1391 5090 Hartheim,
1414 5019 1448 5078 in
1469 5019 1605 5095 Busiug,
1626 5021 1661 5080 in
1679 5019 1856 5094 Lintheim,

215 5135 394 5196 clementer
422 5130 610 5199 annuimus
638 5127 672 5187 et
697 5125 867 5202 praefatam
899 5124 1008 5185 eccle·
1061 5117 1097 5176 in
1110 5117 1290 5188 Mauttarn,
1307 5115 1341 5175 in
1357 5115 1522 5187 Reontio
1539 5117 1633 5187 Rust,
1646 5117 1681 5176 in
1697 5115 1856 5190 isendort,

216 5233 298 5294 siam
315 5228 427 5291 Sancti
445 5225 576 5287 Nicolai
590 5221 811 5294 pataviensis,
824 5221 858 5281 in
873 5236 937 5297 qua
952 5219 1005 5280 di·
1062 5217 1096 5276 in
1107 5211 1366 5283 Hochenvvarth,
1383 5212 1419 5272 in
1431 5213 1641 5288 BurgenwiS,
1654 5213 1689 5272 in
1706 5215 1855 5287 stragan,

214 5329 293 5390 vino
317 5324 497 5401 mancipati
526 5321 606 5382 estis
631 5317 800 5396 obsequia,
833 5316 893 5377 sub
919 5315 1007 5378 beati
1062 5312 1095 5375 et
1109 5307 1357 5373 inNeunburch
1374 5311 1496 5378 curtes,
1510 5311 1543 5370 et
1566 5309 1723 5370 curiasin
1739 5309 1858 5385 quibus

215 5424 306 5487 Petri
329 5425 361 5484 et
384 5423 496 5483 nostra
521 5416 724 5496 protectione
742 5413 952 5489 suscipimus,
975 5414 1008 5474 et
1062 5411 1198 5471 decimae
1221 5407 1432 5482 colliguntur.
1453 5409 1533 5467 Tres
1560 5419 1693 5466 mansos
1714 5406 1750 5464 in
1772 5409 1862 5468 Ave-

215 5521 390 5600 praesentis
413 5517 529 5594 scripti
555 5512 729 5592 privilegio
750 5511 1005 5571 communimus.
1063 5507 1174 5582 ching,
1202 5506 1237 5565 in
1258 5503 1445 5576 Dornbach,
1472 5503 1507 5564 in
1542 5501 1790 5579 schenenburg,
1824 5505 1858 5566 in

217 5625 252 5682 ln
265 5618 381 5696 primis
395 5615 556 5692 siquidem
568 5609 762 5679 statuentes,
773 5611 808 5669 ut
820 5607 900 5668 ordo
912 5624 1008 5670 cano·
1062 5604 1192 5674 Ahaim,
1217 5603 1251 5662 in
1274 5601 1534 5672 Huhenchoven,
1557 5600 1593 5659 in
1615 5601 1803 5675 Hauspach,
1822 5603 1857 5663 in
