4248 6410
1016 275 1191 378 uonoau
1213 319 1258 378 111
1279 317 1427 378 ornan.
1864 363 1870 373 .
1964 319 1999 376 :n

402 315 461 380 735

365 489 368 495 ·
402 493 471 540 suaa
490 475 532 538 de
550 477 691 540 Varedel
713 475 776 538 sibi
798 474 962 548 vendicat,
984 478 1016 537 et
1035 477 1070 536 in
1095 477 1194 538 terris
1249 477 1338 537 modi
1380 476 1637 554 presumptione
1675 489 1825 546 cessare,
1863 475 1999 538 monitione

401 575 508 652 ipsius
528 589 633 634 novas
655 573 754 635 villas
779 576 899 650 praeter
921 577 993 650 ejus
1018 589 1195 634 assensum
1250 574 1431 652 praemissa,
1443 589 1503 650 per
1515 587 1688 634 censuram
1701 570 2000 649 ecclesiasticarum

402 669 545 732 aedificat
570 670 679 731 minus
694 671 796 746 Juste,
818 672 851 733 et
869 669 953 730 alias
975 674 1099 732 temere
1117 673 1195 747 jnra
1249 670 1427 747 pellatione
1446 669 1572 732 remota
1595 683 1798 746 compescas.
1822 668 1944 739 Quodsi
1959 687 1999 730 nnn

401 767 549 845 ejusdem
565 768 712 843 usurpat,
730 781 768 828 ac
782 782 882 842 super
899 767 1041 843 quadam
1059 783 1196 827 consue·
1250 785 1373 838 omnes,
1398 767 1462 828 duo
1481 770 1639 837 vestrum,
1657 769 1719 828 etc.
1738 767 1854 826 Datum
1874 768 1999 838 Laterani,

401 863 526 930 tudine,
546 878 619 939 quae
642 879 762 923 manus
785 864 914 924 mortua
939 863 1070 935 dicitur,
1088 863 1194 924 eidem
1250 868 1324 927 VIII
1344 866 1419 926 idus
1435 866 1558 938 martii,
1577 865 1667 941 pout.
1685 864 1792 924 nostri
1817 879 1899 924 anuo
1912 864 1999 940 quinto.

402 959 583 1035 injuriosus
594 957 753 1030 existens,
771 959 960 1020 bominibus
976 961 1044 1020 suis
1058 959 1098 1020 de
1109 957 1196 1020 Cou-

398 1057 498 1132 'giaco
519 1055 647 1116 inhibet
667 1071 710 1115 ne
730 1055 776 1130 ,ad
798 1056 903 1132 ipsius
927 1059 1110 1118 exercitum
1132 1073 1194 1118 ve·

401 1153 508 1225 uiant,
525 1154 561 1213 ut
572 1153 737 1223 tenentur,
752 1153 804 1212 liis
819 1153 940 1214 talibus
954 1155 1059 1214 modis
1075 1155 1195 1214 damna

398 1249 518 1326 marla
533 1250 565 1311 et
582 1248 723 1325 injurias
738 1249 927 1324 irrogando.
945 1251 1027 1321 Quia
1044 1267 1122 1311 vero
1136 1267 1197 1311 no·

401 1347 454 1407 bis
478 1361 545 1406 non
567 1345 715 1406 constitit
733 1346 773 1406 de
793 1347 985 1422 praemissis,
1004 1347 1195 1408 discretioni

401 1443 522 1505 vestrae
546 1457 607 1520 per
629 1442 818 1518 apostolica
849 1443 972 1519 scripta
1001 1443 1196 1504 mandamns

404 1541 577 1619 quatenus,
587 1538 736 1616 partibus
750 1541 953 1611 convocatis,
963 1535 1108 1601 audiatis
1122 1557 1198 1601 cau·

401 1649 486 1706 sam,
510 1635 545 1696 et
567 1633 653 1711 quod
675 1634 801 1709 justum
833 1633 943 1705 luerit,
974 1635 1197 1711 appellatione

403 1730 597 1808 postposita,
617 1730 783 1802 statuatis,
799 1729 958 1791 facientes
973 1732 1060 1806 quod
1076 1733 1197 1792 statue

403 1826 478 1888 ritis
500 1827 697 1888 auctoritate
718 1827 832 1887 nostra
853 1827 992 1888 tirmiter
1010 1827 1201 1888 observari.¹

404 1923 519 1984 restes
542 1923 653 1983 autem
673 1922 730 1998 qui
753 1923 878 1983 suerint
902 1925 1134 1996 nominatius
1161 1941 1196 1984 se

404 2020 525 2094 gratia,
548 2017 623 2080 odio
647 2019 701 2079 vel
727 2019 846 2080 timore
873 2020 1110 2093 subtraxerint,
1139 2037 1198 2098 per

405 2130 581 2177 censuram
602 2115 874 2187 ecclesiasticam,
891 2117 1113 2193 appellatione
1130 2135 1198 2179 ces·

403 2213 511 2284 sante,
529 2212 655 2287 cogatis
676 2213 811 2274 veritati
833 2213 1059 2276 testimouium
1083 2216 1198 2291 perni-

404 2309 494 2370 bere.
513 2309 604 2380 Quod
626 2309 656 2369 si
675 2315 741 2368 nori
765 2325 878 2370 omnes
901 2311 953 2370 bis
977 2312 1197 2389 exsequendis

405 2405 579 2483 potueriIIs
595 2405 768 2477 interesse,
785 2405 850 2466 duo
865 2408 1012 2468 vestrum
1025 2409 1198 2471 nihilomi-

405 2515 468 2562 nus
481 2504 718 2579 exaequantur.
731 2503 849 2564 Datum
860 2506 1027 2576 Laterani,
1036 2505 1111 2566 VIII
1122 2505 1196 2566 idus

404 2597 526 2670 martii,
543 2598 752 2676 pontificatus
767 2601 873 2661 nostri
889 2617 977 2662 auno
993 2602 1120 2678 quinto.

664 2784 939 2871 cclxxxvii

405 2917 456 2976 nd
474 2916 713 2989 patttarcnam
733 2919 1143 2990 cotntnntnzopnntannm
1164 2919 1197 2978 et

444 3015 638 3086 episcopum
658 3015 943 3073 Satcrnbricttsem
964 3028 1004 3074 tte
1024 3019 1198 3076 orclttdiu-

444 3123 567 3170 cocum
581 3109 755 3170 Constant

695 3223 712 3279 8
727 3230 810 3280 mart.
828 3219 905 3281 tati.

420 3327 468 3392 [Ex
480 3340 527 3378 ms.
542 3327 671 3385 Vaticano,
680 3327 725 3377 lib.
737 3329 768 3386 V,
781 3329 825 3380 lol.
839 3329 879 3388 86,
893 3331 965 3394 epist.
978 3331 1031 3382 lua.
1045 3331 1180 3396 raynald..

542 3399 574 3447 ad
584 3412 644 3447 auu.
659 3398 727 3455 aaut,
740 3399 752 3461 y
766 3401 805 3456 28,
819 3401 861 3448 sed
875 3416 926 3450 nou
938 3403 1058 3467 integra]

403 3495 639 3555 Constitutiouem
665 3495 832 3568 synodalem
858 3512 873 3555 a
899 3500 1033 3572 Pelagio,
1063 3503 1197 3573 episeopo

1251 1007 1319 1064 llaec
1333 1007 1394 1078 ipsa
1404 1006 1522 1076 epistola
1538 1020 1592 1076 qua
1608 1011 1753 1062 vetaretur
1765 1018 1802 1061 ue
1813 1003 1858 1061 cui
1872 1005 2001 1076 principiul

1286 1091 1368 1133 sacro
1392 1077 1456 1132 oleo
1481 1077 1613 1131 inunctus
1636 1082 1722 1142 esset,
1749 1073 1882 1146 religioso
1905 1074 2002 1130 instructo

1287 1147 1413 1219 agmine,
1440 1145 1557 1202 bononis
1579 1146 1681 1216 gratia,
1709 1144 1825 1201 obviarn
1848 1145 1939 1212 iretur3
1956 1161 2002 1199 nne

1286 1218 1359 1274 lecto
1376 1218 1533 1290 Evangelio
1553 1216 1623 1272 liber
1643 1215 1854 1272 exosculandus
1872 1213 2001 1273 deterretur:

1288 1301 1323 1414 af)
1336 1303 1371 1343 ne
1386 1287 1475 1344 sacrIs
1495 1287 1641 1344 ordinibus
1653 1286 1757 1342 initiati
1772 1285 1920 1342 tabellionis
1932 1301 2002 1340 inuitus

1287 1374 1304 1414 o
1324 1359 1408 1415 irent.

1291 1479 1333 1536 Iu
1348 1477 1465 1535 eodem
1477 1478 1574 1535 trtodo
1585 1474 1744 1550 scriptum
1756 1473 1806 1534 est
1819 1473 1947 1548 utsupra
1959 1473 2002 1530 eis-

1252 1571 1324 1632 dem
1339 1587 1444 1644 ttsqne
1455 1589 1465 1630 .·
1479 1569 1630 1648 synodali
1642 1571 1777 1631 decreto
1789 1569 1931 1639 uetuerit,
1977 1585 2002 1625 ne

1252 1670 1326 1744 quis
1342 1669 1376 1729 in
1392 1669 1498 1730 sacris
1521 1667 1693 1728 ordinibus
1714 1665 1906 1729 constitutus
1926 1665 2001 1725 nin!-

1252 1765 1396 1826 lionatus
1411 1765 1557 1826 osticium
1576 1767 1759 1826 exerceret.
1778 1762 1949 1838 Presbyteri
1961 1763 2003 1818 l‘n-

1252 1861 1415 1923 nellarum
1431 1863 1464 1923 et
1474 1862 1533 1922 alii
1549 1862 1769 1922 consistentes
1785 1861 1819 1920 iu
1832 1860 1926 1920 sacris
1938 1857 2001 1918 orli-

1252 1959 1349 2020 nibus
1364 1957 1581 2020 nihilominus
1601 1973 1760 2020 exercere
1775 1957 1959 2034 praesumunt
1968 1953 2001 2012 ol·

1252 2055 1363 2118 licium
1373 2056 1590 2118 memoratum
1602 2073 1636 2116 se
1645 2051 2001 2131 superuocnpostnlinn

1252 2155 1375 2216 habere
1402 2153 1612 2230 privilegium
1634 2154 1842 2214 mentientes.
1867 2151 1933 2212 Ideo
1955 2147 2001 2206 dis·

1252 2252 1390 2314 crettoni
1406 2253 1526 2312 restrae
1539 2267 1597 2326 per
1612 2249 1802 2326 apostolica
1818 2249 1928 2323 scripta
1938 2259 2000 2304 nan-

1251 2348 1379 2420 damus,
1396 2351 1559 2425 quatenus
1581 2346 1794 2424 presbyteros
1808 2347 1892 2422 ipsos
1905 2346 1932 2403 et
1945 2343 2000 2400 alin<

1252 2447 1288 2507 ut
1311 2444 1352 2506 ab
1378 2445 1569 2522 hujusmodi
1595 2433 1853 2521 praestlmptione
1883 2439 2000 2500 desistant

1252 2542 1432 2603 moultione
1454 2543 1637 2618 praemIssa,
1659 2557 1720 2618 per
1742 2553 1908 2602 censuram
1927 2535 2000 2596 eccle

1252 2639 1431 2709 siasticam,
1448 2639 1670 2714 appellatione
1686 2639 1824 2708 remota,
1841 2635 1951 2710 cognita
1963 2645 2000 2686 te

1251 2737 1349 2798 ritate
1362 2735 1498 2811 cogatis
1521 2736 1611 2806 Quod
1625 2737 1654 2795 si
1668 2751 1733 2796 non
1747 2749 1869 2804 omnes,
1883 2731 1936 2792 duo
1948 2743 1999 2784 ns-

1250 2835 1349 2904 trum,
1361 2835 1423 2893 etc.
1441 2835 1558 2893 Datum
1571 2833 1733 2908 utsupra,
1750 2835 1812 2893 eto.

1499 3001 1797 3089 cclxxxviii

1157 3147 1161 3152 ·
1252 3137 1302 3194 Act
1323 3135 1477 3194 abbatom
1494 3136 1529 3195 S.
1551 3137 1811 3204 Bortltolontnct',
1830 3136 1867 3194 A.
1885 3133 1919 3189 dc
1936 3127 1997 3185 linit

1311 3235 1353 3292 P.
1365 3235 1406 3291 dc
1419 3233 1512 3304 Cupi,
1527 3236 1708 3293 canonicos
1720 3235 1954 3293 Nouiomenscs.

1533 3344 1566 3398 lo
1585 3350 1667 3398 mart.
1688 3344 1766 3401 tuat.

1284 3449 1402 3512 [Rogosl.‚
1415 3449 1459 3500 lih.
1471 3451 1502 3506 V,
1514 3449 1586 3513 epist.
1599 3447 1654 3497 468.
1669 3449 1724 3498 tiss.
1738 3451 1776 3500 La
1787 3450 1858 3499 Parte
1870 3445 1898 3492 du
1911 3435 1978 3496 Thali]

439 3583 593 3640 albanensi
614 3582 731 3652 editam,
749 3584 815 3641 dum
834 3586 987 3658 legationis
1008 3603 1127 3646 munere
1144 3591 1197 3648 illis

439 3671 468 3727 in
492 3670 657 3742 regionibus
676 3669 851 3744 iungeretur,
875 3674 968 3745 ipsunt
994 3675 1194 3747 (patriarcham

438 3757 791 3832 constantinopolitanum)
808 3766 893 3832 atque
908 3764 1073 3836 episcopum
1092 3765 1192 3822 Salirn·

438 3843 581 3902 briennam
595 3846 765 3906 servandam
777 3863 877 3906 curare
887 3845 978 3921 jubet.

442 3955 620 4026 Honorius,
644 3955 719 4027 eto,
742 3957 941 4033 patriarehae
962 3961 1196 4022 Constantino·

402 4051 549 4127 politano
563 4053 596 4113 et
615 4053 768 4130 epIscopo
785 4055 1002 4117 salembrien.
1018 4058 1051 4117 et
1065 4059 1192 4118 archid.

402 4149 776 4225 Constantinopolitano.

440 4245 488 4306 Ad
506 4245 708 4320 audientiam
730 4249 876 4309 nostram
892 4251 1053 4310 noveritis
1071 4268 1193 4327 perve-

1252 3547 1320 3604 Cum
1342 3547 1512 3603 llorinensis
1532 3547 1682 3617 episcopus
1702 3553 1842 3604 assereret
1856 3545 1882 3600 P.
1898 3547 1995 3621 pratill-

1286 3632 1344 3681 tum
1361 3627 1455 3682 Sancti
1472 3625 1635 3689 audomari,
1656 3626 1786 3682 eeclesiae
1805 3639 1861 3682 suae
1879 3613 1995 3694 cristodnn

1286 3719 1349 3761 cnm
1366 3719 1476 3762 annexa
1494 3705 1644 3774 praebenda
1662 3706 1692 3760 P.
1709 3705 1814 3760 clerico
1828 3705 1931 3758 uxoato
1943 3685 1996 3746 tratt-

1287 3781 1372 3849 disse,
1393 3783 1472 3855 jubet
1494 3790 1523 3840 ut
1543 3781 1578 3838 de
1600 3783 1718 3838 veritate
1741 3782 1889 3854 inquirant,
1909 3780 1931 3828 et
1947 3759 1994 3837 olid

1285 3863 1455 3919 canonicum
1471 3861 1554 3920 luerit
1571 3867 1705 3920 statuant.

1290 3971 1469 4041 llonoriuS,
1479 3973 1553 4042 eto,
1565 3970 1695 4030 dilectis
1710 3969 1790 4029 filiis
1805 3961 1904 4028 abbati
1917 3951 1993 4016 sandi

1250 4065 1494 4138 Bartholomaei,
1511 4071 1547 4126 Α.
1570 4066 1611 4127 de
1631 4069 1714 4126 Ham
1736 4067 1771 4128 et
1793 4065 1884 4126 Petro
1898 4041 1993 4118 detnli

1250 4163 1419 4223 canonicis
1433 4165 1628 4224 Noviomen.
1977 4234 1981 4246 Ι

1290 4261 1355 4318 Suu
1372 4259 1467 4318 nohis
1484 4259 1684 4320 uenerabilis
1700 4259 1804 4320 frater
1815 4243 1994 4316 nostorum·

401 4342 502 4413 nisse,
528 4342 615 4418 quod
637 4359 711 4402 cum
732 4344 933 4406 venerahilis
957 4337 1061 4407 fralai
1082 4353 1194 4408 noster

400 4442 437 4501 P.
457 4437 654 4500 attanensis
676 4441 861 4514 episcopus,
884 4442 960 4501 dum
984 4444 1017 4502 in
1044 4445 1193 4520 partibus

400 4535 1194 4618 Romaniaelegationisoilleioiungeretur,syno-

399 4631 467 4692 dali
494 4630 625 4691 decreto
652 4631 869 4701 vellentne
899 4649 1048 4708 personae
1071 4639 1191 4714 aliquae

399 4728 475 4788 aliae
489 4742 586 4802 quam
599 4726 744 4786 iuunctae
759 4730 1050 4802 processionaliter
1062 4736 1193 4812 recipe-

398 4825 515 4882 rentur
536 4820 659 4881 alicubi
680 4823 715 4882 in
737 4824 885 4898 partibus
901 4828 1087 4902 antedictis
1102 4833 1135 4893 et
1151 4849 1191 4892 ne

398 4919 484 4979 lecto
506 4919 685 4992 evangello
710 4919 794 4980 liber
812 4921 853 4981 ad
875 4925 1090 4987 osculandum
1115 4929 1191 4990 aliis

399 5030 496 5092 qnam
513 5016 663 5090 personis
678 5015 863 5078 deferretur
885 5020 1041 5094 inunctis,
1058 5025 1191 5101 quidam

399 5113 556 5176 statutum
576 5112 765 5188 hujusmodi
781 5116 903 5177 temere
917 5119 1044 5181 violare
1064 5137 1192 5198 praesu-

398 5212 492 5272 munt
512 5211 546 5270 in
569 5209 760 5270 scandalum
783 5211 935 5274 aliorum.
954 5215 1094 5294 Ideoque
1116 5219 1189 5280 dis-

397 5307 536 5370 cretioni
551 5309 617 5368 tuae
638 5323 697 5383 per
709 5310 898 5383 apostoliea
914 5314 1038 5390 scripta
1053 5317 1191 5378 mauda-

396 5421 469 5466 mus
480 5405 641 5482 quatenus
658 5420 726 5476 eos,
739 5407 795 5480 qui
806 5409 920 5470 contra
934 5411 1189 5486 prohibitionem

397 5503 596 5578 htrjusmodi,
627 5501 915 5566 honorificentiam
945 5511 1097 5584 personis
1124 5529 1189 5573 non

397 5599 542 5660 inunctis
570 5599 728 5660 exolbere
754 5607 967 5676 praesumunt,
1000 5606 1040 5666 ab
1069 5608 1189 5686 hujus-

1248 4355 1361 4415 nensis
1376 4357 1549 4432 episcopus
1565 4356 1810 4431 significatione
1830 4330 1992 4412 monstrarit.

1249 4453 1334 4528 quod
1358 4455 1394 4512 P.
1415 4454 1611 4528 praepositus
1631 4453 1782 4514 ecclesiae
1803 4443 1903 4510 Sancti
1916 4429 1994 4498 nuda

1249 4550 1332 4610 mari
1351 4565 1419 4609 suae
1442 4550 1605 4621 dioecesis,
1623 4550 1807 4611 custodiam
1822 4538 1946 4622 ejusdem
1958 4537 1994 4633 oe

1248 4647 1359 4707 clesiae
1375 4661 1448 4706 eum
1461 4661 1591 4706 annexa
1603 4646 1665 4706 sibi
1678 4629 1992 4722 prehenderentur

1247 4745 1410 4803 Morinen.
1432 4743 1584 4803 dloecesis
1608 4743 1748 4804 contulit
1767 4735 1908 4803 uxorato,
1924 4725 1993 4822 Sillii

1247 4856 1310 4916 quo
1322 4856 1341 4900 a
1353 4839 1448 4900 nobis
1459 4840 1554 4916 petiit
1567 4839 1653 4900 idem
1665 4841 1839 4916 episcopus
1850 4819 1993 4920 providete

1247 4938 1403 5013 quocirca
1418 4937 1611 4997 discretioni
1631 4939 1752 4998 vestrae
1773 4947 1831 5013 per
1848 4912 1993 5003 apostole

1247 5034 1369 5109 scripta
1382 5034 1575 5094 mandamus
1585 5024 1914 5110 quatenus,inquisita
1924 5013 1994 5106 Sillii

1246 5129 1308 5190 boc
1324 5130 1517 5206 diligentins
1533 5131 1684 5201 verItate,
1702 5130 1729 5190 si
1745 5128 1837 5190 vobis
1850 5097 1993 5183 eonstiterit

1245 5227 1291 5288 ita
1312 5243 1395 5297 esse,
1413 5227 1534 5288 dictam
1558 5227 1740 5288 custodiam
1760 5239 1832 5286 oum
1856 5195 1993 5293 prebende

1246 5323 1366 5384 clerico
1400 5323 1615 5396 subtrahatis,
1639 5327 1672 5385 et
1698 5323 1854 5384 eamdem,
1880 5303 1994 5409 P⁰P⁰¹¹²⁰

1245 5419 1372 5481 idoneae
1387 5421 1620 5483 conterendam
1639 5417 1800 5499 [curetis].
1819 5405 1902 5486 Quod
1917 5416 1939 5459 si
1951 5399 1995 5494 uoti

1245 5533 1370 5589 omnes
1387 5520 1449 5580 etc.
1461 5520 1578 5580 Datum
1594 5511 1888 5586 tetenderimus
1903 5489 1994 5560 nrnrtu,

1245 5615 1455 5692 pontificatus
1471 5617 1576 5677 nostri
1589 5631 1677 5677 anuo
1690 5615 1815 5691 quinto.
