4300 6392
180 326 240 386 505

1770 325 1829 385 soe
1877 307 1880 320 .

809 321 1037 425 EPISTOIAE.
1062 321 1139 383 LlB.
1163 323 1201 383 V.

182 482 316 562 quidam
330 482 507 549 somniant,
524 482 556 543 te
569 481 684 542 contra
699 483 838 557 regnum
855 482 976 542 Arme·
1032 483 1101 542 tras
1119 497 1192 543 cum
1213 479 1365 542 omnibus
1378 479 1484 552 bonis,
1502 495 1575 558 quaa
1589 481 1831 558 inpraesentia-

181 582 247 642 niae
258 581 344 643 velle
360 595 452 641 arma
468 595 619 654 movere;
636 595 711 640 cum
722 579 898 640 credamus
908 580 979 640 tan·
1032 595 1104 639 rum
1114 561 1359 640 rationabiliter
1369 578 1554 654 possidetis,
1567 579 1625 641 aut
1638 579 1827 642 infuturum

180 681 249 741 tam
273 693 347 739 esse
368 677 403 738 in
427 677 522 752 regia
545 676 723 738 serenitate
754 675 975 753 prudentiam,
1027 677 1128 752 justis
1142 661 1460 750 modis,ete.,usqrce
1472 677 1682 753 suscipimus.
1697 677 1829 754 Specta-

183 775 269 853 quod
285 775 459 852 perspicue
482 773 591 845 videS,
609 773 766 851 quantum
782 772 976 849 periculum,
1032 773 1109 834 liter
1133 773 1243 834 autem
1264 789 1315 844 ea,
1343 789 1415 850 quae
1441 772 1564 834 nobilis
1587 775 1641 834 vir
1665 775 1827 844 Herveus,

184 873 308 950 quanta
324 873 471 948 jactura,
497 871 619 947 quanta
645 869 796 931 conlusio
824 885 884 946 per
915 869 978 929 hoo
1033 867 1143 931 comes
1161 871 1358 941 Nivernen.,
1383 873 1415 932 et
1438 869 1604 932 Mactildis
1630 885 1717 931 uxor
1742 873 1827 946 ejus,

184 969 319 1031 evenire
332 969 443 1046 posset
457 966 610 1028 fidelibus
625 967 812 1028 constitutis
827 965 863 1026 in
879 965 980 1043 parti·
1032 967 1136 1028 vestri
1150 966 1344 1028 monasterii
1358 966 1560 1038 fundatores,
1575 966 1682 1028 eidem
1695 967 1829 1044 pietatis

186 1066 248 1128 bus
272 1065 428 1134 Orientis,
445 1063 555 1125 actoti
576 1063 696 1142 populo
712 1063 917 1135 Christiano,
947 1063 980 1124 et
1033 1062 1155 1125 intuitu
1178 1064 1399 1135 contulerunt,
1422 1064 1508 1126 sicut
1522 1080 1562 1125 ea
1574 1065 1664 1140 justa
1677 1079 1717 1125 ao
1732 1063 1829 1141 paci·
1912 1107 1914 1119 .

187 1161 347 1238 quantum
354 1159 553 1237 Apostolicae
569 1159 657 1231 Sedi,
673 1159 706 1220 et
721 1158 886 1220 universis
902 1155 980 1218 tide·
1034 1157 1095 1218 tice
1103 1157 1290 1234 possidetis,
1305 1158 1338 1218 et
1348 1157 1383 1218 in
1395 1173 1508 1219 eorum
1524 1158 1645 1220 litteris
1654 1159 1831 1220 continen-

187 1259 273 1319 libus
284 1258 316 1320 te
328 1257 484 1318 redderes
494 1255 656 1328 odiosum,
670 1255 699 1316 si
714 1271 801 1316 nunc
813 1254 914 1320 totius
924 1270 980 1317 or·
1033 1257 1099 1327 tur,
1117 1254 1211 1316 vobis
1232 1255 1265 1316 et
1293 1269 1352 1330 per
1375 1271 1434 1316 vos
1449 1255 1514 1331 ipsi
1529 1256 1729 1316 monasterio
1747 1271 1831 1317 con-

185 1356 236 1417 bis
260 1353 441 1416 Christiani
452 1352 580 1416 viribus
604 1369 664 1431 pro
688 1367 849 1415 succursu
864 1352 980 1424 tuo,et
1035 1352 1215 1423 iirmamuS,
1244 1353 1277 1413 et
1306 1352 1480 1429 praesentis
1514 1351 1628 1428 scripti
1648 1353 1833 1429 patrocinio

185 1456 298 1514 Terrae
314 1453 445 1514 Sanctae
457 1450 638 1521 concussis
655 1450 691 1510 tu
706 1449 872 1510 communi
888 1449 980 1510 utili·
1035 1450 1286 1510 communimus.
1301 1449 1393 1510 Nulli
1407 1464 1499 1526 erge,
1516 1449 1590 1521 etc,
1610 1450 1733 1510 nostrae
1751 1464 1831 1526 pro·

185 1551 252 1612 tate
265 1547 452 1626 posthabita
467 1546 658 1608 intenderes
669 1545 819 1622 speciali,
833 1562 905 1622 quae
915 1544 980 1606 nisi
1035 1547 1189 1608 tectionis
1215 1547 1248 1608 et
1269 1545 1530 1608 confirmationis
1554 1544 1749 1621 infringere,
1766 1547 1829 1606 ete.

187 1646 355 1709 communi
371 1645 521 1722 promota
535 1643 687 1716 feliciter,
701 1657 767 1704 non
788 1644 899 1719 posset
912 1643 982 1704 sta-

185 1741 508 1820 biliterpromoveri.

224 1841 318 1902 Licet
330 1839 433 1914 igitur
447 1836 664 1904 confidamus,
677 1835 763 1915 quod
773 1836 890 1898 tubaec
906 1852 983 1913 pru·

184 1937 302 1998 denter
309 1934 493 2002 attondens,
507 1933 648 1996 evitabis
661 1933 786 2011 aliquid
805 1933 979 2005 attentare,

185 2049 244 2111 per
268 2032 353 2111 quod
381 2031 491 2110 perire
515 2047 555 2093 ac
580 2031 738 2092 evacuari
759 2029 870 2108 posset
893 2029 982 2091 totus

186 2131 291 2202 labor,
318 2145 414 2206 quem
449 2129 609 2190 hactenus
645 2142 704 2205 pro
727 2129 830 2188 Terra
860 2126 982 2188 Sancta

185 2227 289 2289 subiit
313 2225 453 2303 populus
486 2223 708 2295 Christianus,
734 2223 982 2286 exabundanti

186 2327 297 2386 tamen
313 2321 373 2382 sub
384 2321 518 2384 obtentu
531 2320 648 2398 gratiae
657 2319 780 2381 divinae
792 2335 832 2381 ac
844 2319 979 2390 nostrae,

188 2422 222 2483 et
244 2419 305 2480 sub
327 2418 549 2480 anathematis
578 2433 675 2494 poena
701 2416 762 2478 tibi
784 2416 983 2478 auctoritate

188 2513 983 2594 praesentiumdistrictissimeinbibemus,nehoo

187 2615 336 2690 temporo
345 2612 555 2690 aliquatenus
566 2626 658 2672 arma
667 2625 801 2672 moveas
812 2611 927 2671 contra
938 2609 985 2685 ip·

188 2726 244 2772 sos
255 2709 494 2782 Armenes,aut
504 2706 760 2785 quoslibetalios
771 2705 982 2776 christianos,

192 2809 250 2868 sed
267 2807 411 2878 studeas,
426 2808 463 2866 ut
474 2806 542 2867 tota
566 2803 799 2881 christianitas
819 2802 983 2864 ultrama-

192 2906 267 2966 rina
297 2904 331 2964 in
366 2903 493 2964 unitate
521 2901 690 2972 consistat,
728 2900 760 2962 et
801 2899 984 2961 venerabili

190 3001 286 3062 tratri
309 2999 423 3062 nostro
438 3002 474 3060 Ρ.
500 2997 680 3059 Albanensi
705 2997 872 3074 episcope,
893 2999 932 3058 A.
950 2997 983 3057 S.

190 3097 311 3173 legato,
337 3096 394 3173 qui
416 3094 644 3157 strenuitatem
673 3094 764 3156 tuam
796 3093 986 3170 frequenter

190 3195 260 3255 suis
284 3191 378 3254 nobis
394 3193 513 3256 littoris
528 3192 781 3266 commendavit,
802 3191 889 3252 sicut
909 3207 987 3268 per-

193 3307 284 3354 sonae
300 3292 423 3352 nostrae
437 3291 630 3352 reverenter
643 3289 819 3350 intendens
838 3287 983 3358 studeas,

192 3387 279 3466 quod
302 3404 476 3450 commune
495 3386 607 3464 populi
622 3386 804 3447 Christiani
816 3385 985 3461 negotium

190 3487 431 3554 desideramus,
450 3485 613 3560 largiente
634 3485 785 3556 Domino,
802 3497 987 3558 consequa·

190 3586 246 3645 tur
267 3583 439 3658 effectum3
465 3581 673 3658 postmodum
695 3580 762 3642 tuis
786 3578 985 3656 specialibus

194 3678 375 3741 commodis
391 3695 525 3755 operam
539 3678 732 3753 diligentius
742 3677 921 3754 utiliusque
931 3677 987 3737 da·

190 3780 297 3840 turus.
308 3777 476 3855 Alioquin,
493 3776 794 3853 quantumcumque
808 3774 900 3837 tuam
914 3773 987 3834 dili·

191 3890 308 3951 gamus
321 3889 508 3951 personam,
526 3873 559 3936 et
571 3872 700 3935 deterre
714 3871 816 3948 regiae
833 3870 987 3947 dignitati

191 3971 345 4042 velimus,
362 3973 478 4031 contra
496 3970 606 4031 tamen
629 3984 835 4031 communem
854 3968 985 4029 utilita-

192 4069 269 4138 tem,
295 4066 362 4126 imo
384 4066 499 4126 contra
523 4065 630 4141 ipsum
645 4067 750 4127 Deum
768 4063 898 4126 deterre
913 4063 984 4134 tibi,

187 4163 246 4224 vel
269 4163 424 4238 cuiquam
452 4162 511 4222 alii
549 4177 616 4222 non
652 4176 836 4238 possemus.
868 4163 986 4222 Datum

191 4258 278 4336 apud
304 4257 425 4319 Urbem
454 4259 617 4329 Veterem,
648 4259 694 4318 lli
730 4257 805 4318 idus
842 4257 986 4334 augusti,

155 4365 158 4373 ’
192 4353 402 4433 pontificatus
416 4353 521 4417 nostri
532 4369 620 4416 anno
635 4355 761 4432 quinto.

542 4558 633 4644 XXI

214 4705 264 4762 Ad
283 4700 437 4762 abbatem
457 4700 490 4760 ct
503 4699 709 4760 corruentem
729 4699 770 4760 de
785 4700 967 4760 Belrreolts.

461 4822 494 4878 lt
509 4822 624 4895 augusti
644 4819 723 4878 ltro.

235 4935 355 5000 [Regest.,
367 4935 412 4986 lib.
424 4937 455 4993 v,
467 4934 541 4999 epist.
552 4933 591 4984 38.
604 4936 661 4986 llss.
672 4936 709 4985 La
719 4935 795 4985 Porta
804 4934 838 4984 du
847 4933 941 4998 thail]

196 5041 305 5112 Recipit
319 5039 372 5097 sub
390 5043 565 5114 protectione
579 5041 655 5098 beati
677 5041 752 5100 Petri
773 5047 802 5098 et
819 5039 991 5098 donationes

231 5130 300 5202 ipsis
313 5128 350 5186 ab
365 5131 477 5186 llerveo
488 5129 657 5186 Nivemensi
671 5130 775 5187 comite
788 5127 877 5186 iactas
890 5135 988 5186 aueto-

231 5219 314 5276 ritate
326 5217 488 5289 Apostolica
501 5217 660 5274 confirmat.
767 5251 773 5278 ι

236 5333 414 5404 Honorius,
442 5333 522 5416 etc,
550 5333 680 5395 dilectis
711 5333 789 5394 tiliis
821 5333 933 5395 abbati
958 5333 992 5396 et

197 5432 374 5494 conventui
389 5430 429 5492 de
444 5430 622 5492 Balneolis.

238 5529 455 5591 sacrosancta
484 5531 633 5590 Romana
657 5527 810 5596 ecclesia,
845 5527 906 5590 etc.
927 5529 992 5588 lta-

198 5627 341 5703 propter,
354 5627 430 5697 etc,
446 5639 552 5701 rmqrce
569 5639 718 5686 assensu.
735 5627 900 5686 Personas
913 5641 990 5686 ves-

1037 1643 1072 1704 Si
1087 1643 1161 1721 quis
1177 1644 1298 1714 autern,
1317 1643 1379 1705 etc.
1396 1645 1515 1705 Datum
1529 1642 1617 1719 apud
1632 1642 1753 1704 Urbem
1767 1644 1836 1703 Ve-

1038 1742 1112 1812 tem‚
1144 1740 1289 1801 secundo
1325 1739 1399 1801 idus
1430 1740 1584 1816 augusti,
1620 1737 1832 1816 pontificatus

1037 1837 1142 1899 nostri
1158 1853 1245 1898 anno
1259 1837 1385 1914 quinto.

1383 1977 1494 2064 XXII

1076 2113 1128 2172 Ad
1161 2113 1298 2172 eosdem
1331 2111 1488 2171 abbatem
1520 2109 1554 2171 et
1586 2109 1793 2170 conventum

1316 2209 1358 2266 de
1372 2208 1553 2268 Batneolis.

1308 2319 1341 2376 lt
1356 2319 1470 2391 augusti
1491 2319 1570 2376 lato.

1081 2427 1202 2492 [Bagest.,
1211 2425 1293 2484 lib.V,
1306 2424 1380 2489 epist.
1393 2424 1432 2473 ae.
1446 2425 1503 2474 llss.
1518 2423 1792 2489 marocenorum]

1038 2524 1240 2583 Observantiss
1251 2521 1401 2595 speciales,
1417 2535 1489 2593 quas
1505 2535 1541 2578 ex
1562 2521 1835 2580 monasteriollallis

1073 2611 1200 2668 Cantium
1218 2607 1418 2678 observabant,
1439 2608 1508 2680 ipsis
1527 2610 1695 2665 auctoritate
1710 2609 1832 2682 Aposto-

1073 2698 1128 2756 iicn
1143 2697 1303 2756 confirmat.

1080 2807 1259 2878 Honorius,
1274 2807 1349 2877 eto,
1364 2804 1494 2866 dilectis
1510 2803 1588 2866 tiliis
1603 2803 1709 2880 priori
1724 2806 1756 2866 et
1771 2803 1835 2866 ira·

1030 2905 1145 2967 tribus
1159 2904 1200 2966 de
1217 2903 1396 2964 Balneolis.

1080 2997 1834 3077 Quumanobispetitur,ete.,usqueeiiectum.

1041 3099 1259 3176 supplicastis
1271 3097 1378 3170 nobis,
1392 3097 1477 3175 quod
1491 3113 1590 3174 quum
1600 3095 1836 3172 protessibeati

1040 3194 1210 3259 Benedicti
1233 3196 1384 3272 regulam
1399 3196 1521 3272 praeter
1535 3194 1627 3254 illam
1642 3192 1836 3254 custodiatis

1040 3293 1269 3356 observantias
1290 3291 1462 3371 speciales,
1488 3305 1561 3368 quae
1583 3290 1618 3350 in
1634 3289 1835 3351 monasterio

1040 3391 1303 3454 VallisCaulium
1317 3389 1545 3460 observantur,
1557 3403 1577 3448 a
1593 3386 1701 3449 felicis
1714 3403 1840 3448 memo-

1040 3490 1100 3550 riae
1122 3488 1314 3550 Innocentio
1342 3502 1427 3564 papa
1452 3485 1699 3563 praedecessore
1722 3488 1837 3547 nostro

1040 3601 1155 3648 eorum
1181 3585 1307 3646 ordinis
1331 3583 1550 3655 confirmatae,
1580 3583 1714 3644 easdem
1742 3581 1836 3643 vobis

1041 3683 1238 3746 confirmare
1264 3681 1492 3743 observantias
1513 3681 1740 3758 dignaremur.
1768 3681 1837 3740 Nos

1040 3781 1143 3857 igitur
1156 3779 1308 3856 precibus
1323 3779 1443 3841 vestris
1456 3777 1637 3854 benignum
1648 3776 1838 3854 impertien-

1040 3880 1090 3940 tes
1108 3893 1293 3949 assensum,
1305 3875 1480 3953 praedictas
1495 3874 1590 3936 vobis
1607 3873 1838 3934 observantias

1041 3991 1115 4038 cum
1143 3975 1229 4036 dicta
1245 3973 1361 4050 regula
1380 3972 1626 4042 confirmamus
1641 3970 1838 4032 auctoritate

1042 4073 1255 4151 praesentium
1268 4069 1490 4140 concedende,
1503 4069 1539 4129 ut
1552 4067 1588 4128 in
1598 4067 1651 4127 bis
1664 4068 1696 4127 et
1708 4065 1784 4128 aliis
1798 4082 1837 4128 eo
1953 4143 1958 4151 .

1042 4170 1218 4248 privilegio
1243 4166 1428 4243 gaudeatis,
1445 4164 1530 4241 quod
1556 4163 1662 4225 eidem
1685 4162 1794 4225 ordini
1818 4179 1838 4224 a

1043 4267 1127 4330 Sede
1139 4264 1329 4343 apostolica
1342 4265 1392 4325 ast
1404 4261 1580 4330 indultum,
1593 4260 1696 4322 salvis
1707 4259 1838 4322 statutis

1043 4363 1182 4427 concilii
1196 4360 1373 4440 generalis.
1393 4359 1485 4421 Nulli
1507 4373 1599 4434 ergo,
1615 4357 1691 4430 etc,
1715 4357 1838 4419 nostrae

1043 4459 1315 4531 confirmationis,
1341 4459 1374 4519 et
1395 4455 1623 4518 concessionis
1643 4453 1838 4529 intringere.

1044 4561 1080 4622 Si
1099 4559 1173 4637 quis
1188 4559 1310 4629 autem,
1327 4557 1389 4618 etc.
1402 4555 1521 4616 Datum
1536 4553 1623 4630 apud
1636 4552 1758 4613 Urbem
1768 4553 1839 4614 Ve-

1042 4661 1158 4729 terem,
1187 4654 1332 4717 secundo
1358 4653 1432 4714 idus
1457 4650 1602 4726 augusti,
1628 4647 1840 4726 pontificatus

1043 4753 1150 4816 nostri
1164 4767 1255 4814 anno
1274 4751 1400 4828 quinto.

1376 4892 1508 4979 XXIII

1091 5029 1143 5091 Ad
1161 5031 1302 5090 clericos
1317 5027 1350 5087 et
1364 5029 1467 5088 luteos
1481 5028 1609 5086 Mussoe
1622 5027 1790 5086 Ftscaiice.

1312 5141 1346 5198 lt
1366 5138 1480 5212 augusti
1495 5138 1574 5196 itio.

1036 5259 1041 5266 ·
1092 5238 1223 5304 Uheinar,
1235 5236 1297 5290 God.
1312 5235 1375 5300 dipl.
1389 5234 1498 5286 dominii
1513 5239 1602 5298 temp„
1616 5231 1688 5296 1,tt⁷,
1702 5245 1729 5280 n.
1741 5229 1795 5295 aa]

1045 5337 1221 5409 Quibusdam
1237 5335 1348 5394 clericis
1366 5341 1395 5392 et
1415 5333 1496 5390 laicis
1511 5333 1614 5390 blasae
1633 5328 1761 5388 Fiscalire
1782 5328 1839 5400 pri·

1081 5426 1218 5500 vilegium
1229 5423 1380 5483 locationis
1390 5437 1405 5480 a
1414 5421 1569 5480 Benedicta
1575 5422 1629 5478 ΡΡ.
1637 5421 1674 5488 X,
1687 5415 1843 5474 ann01059

1081 5528 1250 5574 conoessum
1263 5512 1457 5570 eontlrmatur.

1088 5621 1255 5684 Honorius
1270 5620 1573 5698 episcopusservus
1589 5627 1759 5676 servorum
1771 5614 1840 5686 Dei,
