4280 6404
182 269 240 330 173
798 263 1025 326 aristotili.
1050 264 1127 324 bili.
1153 265 1207 324 ili.
1767 265 1822 326 lii

180 440 317 489 causam
330 424 422 502 regis
435 423 583 502 ejusdem
599 403 767 502 propriam
775 423 975 502 reputamus.
1031 423 1145 486 ventui
1172 423 1284 484 Sancti
1309 425 1438 495 Portus,
1470 424 1702 486 cisterciencis
1727 425 1832 486 ordi-s

181 524 224 586 ut
250 522 355 598 igitur
380 521 543 582 offensam
573 521 715 583 redimat
737 521 976 600 praecedentem
1032 521 1095 592 nis,
1112 519 1252 582 salutem
1269 521 1302 582 et
1315 521 1532 598 apostolicam
1547 519 1820 584 benedictionem.

179 621 212 682 st
223 619 341 698 gratiae
357 635 392 680 sa
407 619 548 696 coaptet,
563 619 604 680 ds
614 634 678 696 qua
689 619 797 696 ipsum
812 633 879 680 non
894 633 975 680 con·
1067 618 1262 680 Postulastis
1277 635 1297 680 a
1315 618 1421 690 nobis,
1440 619 1476 680 ut
1490 635 1564 680 cum
1579 620 1681 680 vestri
1698 619 1820 682 statuta

179 717 273 780 venit
307 717 498 794 desperare,
525 717 645 778 iterum
673 715 738 778 sibi
759 715 912 778 dedimus
939 718 976 778 iu
1031 716 1158 776 ordinis
1179 731 1238 778 vos
1264 717 1442 779 observare
1456 717 1606 794 oporteat
1628 716 1767 788 illibata,
1789 717 1823 778 et

179 814 355 887 mandatis,
376 815 413 876 ut
426 815 469 876 ad
493 813 805 890 praesentiamregis
826 813 975 890 ejusdem
1029 812 1249 875 dedicationis
1273 815 1423 876 ecclesiae
1450 814 1571 876 vestm
1598 813 1762 877 festivitas
1781 829 1821 875 eo

178 912 406 974 indubitanter
429 911 603 984 accedens,
625 911 661 973 et
675 911 890 973 villicationis
905 925 974 974 suae
1029 909 1225 986 quandoque
1238 911 1385 988 tempore
1395 910 1593 972 celebranda
1602 909 1696 972 vobis
1709 925 1822 972 occur-

178 1009 451 1072 reddatdebitam
474 1008 649 1070 rationem.
672 1010 723 1070 Ne
750 1023 832 1070 vero
850 1024 976 1070 memo-
1029 1008 1092 1072 rat,
1107 1023 1171 1084 quo
1192 1007 1373 1072 secuudum
1395 1008 1541 1085 ejusdem
1565 1008 1692 1070 ordinis
1715 1009 1820 1070 vestri

178 1107 245 1169 rati
273 1107 364 1184 regis
388 1106 554 1186 justitiam
581 1107 751 1184 negligere
788 1106 972 1180 videamur,
1030 1104 1151 1166 statuta
1165 1105 1292 1166 nullum
1310 1105 1403 1166 vobis
1427 1107 1478 1168 est
1492 1106 1618 1167 licitum
1638 1105 1818 1178 celebrare,

178 1204 375 1268 discretioni
387 1205 453 1267 tum
466 1220 525 1281 per
536 1203 725 1282 apostolica
741 1204 864 1280 scripta
878 1220 976 1265 man·
1028 1201 1203 1277 providere
1231 1202 1325 1263 vobis
1345 1217 1445 1279 super
1470 1202 1533 1264 boc
1561 1203 1821 1266 misericorditer

178 1302 307 1375 damus,
323 1302 486 1380 quatenus
499 1301 528 1364 si
541 1302 649 1364 dictus
660 1302 863 1380 justitiarius
874 1317 972 1362 man·
1028 1298 1253 1374 dignaremur.
1276 1301 1345 1362 Nos
1368 1301 1471 1377 igitur
1491 1301 1613 1362 vestris
1636 1317 1737 1377 super
1757 1301 1820 1362 boc

178 1400 292 1461 datum
306 1401 455 1462 nostrum
470 1399 706 1477 contempserit
730 1399 922 1476 adimplere,
938 1399 973 1462 tu
1028 1396 1305 1473 postulationibus
1314 1398 1677 1474 piooondescendentes
1685 1399 1818 1471 affectu,

177 1512 253 1556 eum
287 1497 329 1558 ad
351 1497 384 1557 id
408 1512 467 1574 per
499 1497 758 1558 ecclesiasticam
785 1485 970 1568 censuram,
1028 1495 1241 1570 presentium
1256 1495 1454 1557 auctoritate
1470 1495 1657 1566 statuimus,
1674 1499 1711 1557 ut
1726 1495 1821 1556 iesti-

178 1593 404 1672 appellatione
416 1595 553 1666 remota,
571 1593 761 1672 compellas.
779 1593 895 1656 Datum
908 1595 975 1654 La-
1027 1591 1113 1652 vitas
1125 1593 1317 1669 supradicta
1329 1593 1427 1655 tertio
1440 1607 1547 1654 nonas
1560 1592 1703 1654 octobris
1719 1594 1819 1653 annis

175 1690 296 1762 teraui,
318 1694 362 1752 vl
385 1691 453 1752 kal.
479 1690 607 1768 aprilis,
635 1691 845 1768 pontificatus
866 1691 973 1753 nostri
1027 1687 1169 1764 singulis
1198 1691 1357 1766 perpetuo
1393 1689 1589 1752 celebretur.
1619 1690 1712 1751 Nulli
1740 1705 1820 1766 ergo

176 1788 387 1851 annotertio.
1027 1785 1162 1848 omnino
1176 1786 1347 1846 bominum
1360 1785 1460 1848 liceat
1474 1786 1561 1848 banc
1575 1788 1730 1865 paginam
1742 1803 1822 1848 nos-

500 1876 654 1963 CLXIV
1027 1881 1086 1942 trae
1116 1883 1361 1946 constitutionis
1384 1883 1578 1960 intringere,
1609 1882 1661 1945 vel
1682 1884 1712 1945 ei
1737 1900 1821 1944 ausu

176 2002 230 2062 Ag
243 2003 464 2074 mmmm
478 2003 751 2077 mmmmm
758 2001 969 2063 commum
1026 1979 1204 2041 temerario
1220 1981 1397 2043 contraire.
1423 1981 1457 2041 Si
1472 1981 1546 2059 quis
1562 1984 1673 2044 autam
1688 1981 1751 2042 boc
1768 1983 1821 2044 at·

464 2105 498 2162 27
514 2111 597 2162 mm
612 2105 691 2164 12qu
1026 2075 1154 2138 tentare
1170 2077 1418 2154 praesumpserit
1432 2077 1693 2154 indignationem
1707 2079 1820 2140 omni-

267 2199 403 2266 [pouqqqq
416 2199 520 2252 pomp
531 2202 575 2252 pe,
587 2201 662 2263 ilist,
674 2207 694 2252 ι,
706 2201 774 2260 111,
783 2213 810 2265 q,
820 2197 879 2260 0703
1027 2175 1168 2253 potentis
1180 2176 1240 2238 Dei
1252 2177 1285 2237 et
1294 2175 1465 2238 beatorum
1478 2175 1571 2236 Petri
1580 2176 1717 2238 etPauli
1727 2192 1821 2253 apos·

376 2273 484 2334 amat..
498 2271 599 2330 libai,
612 2271 686 2336 splst.
697 2269 764 2333 itti
1026 2271 1167 2334 totorum
1178 2274 1206 2349 ej
1212 2287 1249 2332 us
1265 2287 1300 2333 se
1316 2272 1448 2334 noverit
1462 2271 1683 2334 incursurum.
1701 2275 1818 2336 Datum

176 2361 270 2432 Quum
282 2360 424 2418 ³⁰⁰⁰lil¹⁸
435 2360 594 2432 βθθῑῑθῡθω
611 2359 724 2420 Γθθίθθθῑ
738 2376 804 2420 ⁰¹¹¹ss
821 2375 891 2435 ¹030
907 2361 970 2420 Phi·
1027 2369 1182 2430 Laterani
1197 2372 1225 2431 V
1240 2367 1309 2432 kal.
1331 2369 1460 2448 aprilis,
1484 2369 1694 2448 pcncdcatns
1713 2371 1819 2433 nostri

211 2449 288 2522 lippo
306 2447 343 2508 ds
359 2448 519 2522 colligenda
536 2448 695 2508 reddituum
711 2450 970 2508 ecclesiasticorum
994 2461 995 2464 ’

214 2537 349 2594 vicesima
374 2536 492 2594 mandat
506 2537 650 2610 episcopis
664 2544 694 2595 ut
709 2545 883 2611 exemptssa
898 2539 971 2596 solu·

210 2626 288 2684 tione
309 2625 384 2683 lilius
397 2623 521 2684 babeant
539 2625 768 2686 cluniacensium
786 2628 933 2698 ecclesias,

217 2724 385 2785 Honorius
402 2724 613 2801 episcopus...
635 2725 881 2788 venerabilibus
897 2726 970 2788 ira-

1026 2481 1114 2531 auno
1130 2465 1240 2528 tertio.

1348 2554 1501 2642 CLXVI

1025 2679 1077 2740 Ad
1106 2681 1244 2751 micres
1276 2677 1413 2740 Sacotce
1447 2679 1679 2754 Recognoscite,
1702 2679 1821 2742 Sancti

1064 2777 1213 2845 Hilarii,
1243 2775 1277 2836 ct
1310 2777 1557 2836 subdiaconum
1588 2775 1820 2838 Pistoclerum

175 2821 283 2884 tribus
307 2821 566 2898 archiepiscopis
595 2823 628 2883 et
650 2821 821 2899 episcopis
837 2839 896 2900 per
915 2839 971 2885 re-

175 2934 277 2995 gnum
292 2919 443 2980 Franciae
457 2919 643 2981 constitutis
660 2920 817 2992 salutem„
827 2921 888 2984 etc.

216 3015 491 3093 Licetquamdam
511 3017 638 3092 partem
653 3017 820 3079 vicesimae
843 3022 972 3080 vestra-

175 3127 250 3173 rum
265 3113 480 3174 ecclesiarum
494 3115 527 3175 et
541 3113 734 3176 dioecesium
750 3115 922 3178 carissimo
935 3117 973 3180 in

175 3209 306 3274 Christo
330 3209 400 3272 illio
416 3212 529 3274 nostro
545 3211 799 3289 Pbilippo,.regi
824 3215 972 3276 anoo-
1002 3231 1003 3236 ¹

174 3322 249 3368 rum
273 3307 406 3379 illustri,
424 3324 484 3385 pro
507 3309 641 3384 negotio
666 3309 758 3387 pacis
782 3312 818 3372 et
835 3311 913 3372 adei
935 3312 974 3373 in

175 3404 361 3466 Provinciae
374 3405 523 3484 partibus
540 3407 761 3484 promovendo
777 3408 970 3471 duxerimus

173 3501 434 3578 concedendam
456 3503 492 3564 in
507 3503 628 3566 litteris
640 3508 751 3566 manen
767 3504 871 3582 ipsius
884 3522 970 3568 con·

51 3585 58 3596 '
173 3598 336 3662 cessionis
364 3601 601 3678 expressimus,
630 3601 716 3678 quod
737 3604 970 3666 concessiones

172 3695 272 3756 antea
295 3695 399 3758 iactas
415 3697 525 3760 salvas
540 3697 686 3763 existere
701 3699 892 3760 volebamus
908 3699 967 3782 (1).

174 3795 280 3866 Quum
292 3793 395 3870 igitur
410 3793 478 3856 tam
491 3794 597 3856 felicis
611 3797 779 3865 memoriae
801 3800 968 3860 innocen-

172 3889 241 3952 tius
261 3893 362 3968 Papa,
380 3891 606 3969 praedecessor
629 3894 752 3964 noster,
776 3909 874 3974 quam
894 3912 967 3972 nos,

174 3988 377 4050 monasterio
417 3988 628 4052 Cluniacensi
666 4006 726 4067 pro
763 3991 968 4056 relevatione

173 4082 370 4154 debitorum,
391 4084 510 4161 quibus
522 4085 720 4162 gravissime
745 4088 966 4164 premebatur,

173 4177 388 4240 ecclesiarum
400 4195 536 4244 suarum
550 4180 741 4242 vicesimam
759 4186 968 4246 concesseri-

173 4290 257 4347 mus,
274 4277 486 4351 praesentium
501 4277 594 4338 vobis
608 4279 805 4342 auctoritate
824 4281 967 4344 manda-

173 4387 257 4443 mus,
272 4373 435 4450 quatenus
447 4375 685 4437 monasterium
699 4377 883 4452 ipsumvel
894 4381 967 4458 ejus

172 4469 418 4542 ecclesias,non
427 4470 604 4550 requiratis
613 4473 965 4552 superipsavicesima,

172 4581 233 4628 nec
257 4567 382 4645 requiri
410 4567 451 4632 ab
477 4567 588 4646 aliquo
615 4569 823 4648 permittatis.
849 4574 966 4635 Datum

172 4665 339 4738 Laterani,
355 4667 397 4728 Vl
412 4665 479 4726 iel.
491 4666 620 4744 aprilis,
633 4667 849 4746 pontificatus
859 4673 967 4734 nostri

172 4763 387 4824 annoteruo.
509 4819 513 4826 .

501 4849 634 4940 clxv

230 4973 282 5036 Ac
302 4975 501 5038 abbatemet
515 4977 766 5040 consentanca.
777 4980 906 5050 Partus

370 5063 606 5126 cisterciensis
619 5069 769 5130 ordinis..

454 5167 490 5227 28
501 5173 583 5225 mart.
598 5169 679 5226 lats.

349 5259 481 5328 [biarteoc¹
489 5261 563 5312 Tbss.
577 5263 673 5314 anecd.
684 5265 703 5324 1,
715 5265 782 5332 Sit]

195 5419 200 5428 Ι
302 5353 343 5408 lle
358 5350 430 5409 leste
449 5349 638 5410 dedicationis
652 5353 833 5413 celebrando.

210 5458 388 5530 Honorius,
405 5459 483 5530 etc,
493 5457 712 5523 dilectisttliis
726 5460 836 5524 abbati
845 5464 879 5525 et
891 5480 967 5527 con·

1066 2875 1228 2934 caecata.

1309 2949 1347 3008 28
1359 2954 1442 3006 mart.
1458 2948 1536 3007 itit.

1057 3044 1176 3108 [Regest.‚
1190 3045 1234 3094 lib.
1248 3045 1292 3102 ill,
1303 3045 1379 3110 epist.
1391 3045 1445 3096 360.
1455 3047 1512 3096 blas.
1521 3047 1557 3098 La
1567 3045 1642 3097 Porta
1650 3045 1684 3096 du
1696 3045 1790 3112 Theti]

1026 3145 1101 3217 Erga
1114 3143 1269 3200 canonicos
1284 3142 1403 3202 rebelles
1419 3142 1470 3201 sed
1481 3144 1652 3218 poenitentes
1663 3145 1821 3205 misericor-

1273 3230 1345 3289 diter
1358 3231 1502 3306 agendum
1518 3239 1571 3290 est.

1064 3330 1248 3405 Honorius,
1274 3332 1355 3402 etc,
1383 3331 1513 3394 dilectis
1543 3331 1658 3394 tiliis...
1689 3332 1819 3394 sancte

1026 3427 1238 3504 Radegundis
1248 3429 1317 3490 et...
1333 3429 1446 3492 Sancti
1461 3429 1581 3490 Hilarii
1596 3429 1773 3506 prioribus,
1788 3432 1821 3491 et

1025 3523 1228 3586 subdiacono
1248 3526 1362 3588 Sancti
1381 3525 1501 3586 Hilarii
1524 3525 1819 3598 rtetaven.,sa1u-

1024 3622 1102 3689 tem,
1117 3625 1179 3685 etc.

1065 3720 1273 3782 Venerabilis
1293 3719 1396 3784 irater
1416 3722 1564 3783 noster...
1589 3722 1764 3800 episcopus
1787 3722 1820 3784 et

1025 3816 1137 3878 dilecti
1153 3817 1213 3878 iiiii
1226 3817 1406 3895 capitulum
1426 3819 1596 3881 Pictaven.
1617 3820 1738 3880 noscis
1759 3836 1822 3880 au-

1024 3909 1116 3971 ribus
1132 3911 1338 3984 intimarunt,
1363 3913 1447 3990 quod
1464 3927 1564 3990 quum
1588 3912 1652 3988 ipsi
1667 3913 1702 3974 in
1717 3929 1820 3974 cano-

1024 4007 1117 4069 nicos
1130 4007 1235 4070 beatae
1249 4007 1364 4068 Mariae
1374 4009 1510 4084 Majoris
1524 4010 1692 4072 Pictaven.
1704 4025 1763 4086 pro
1779 4026 1818 4070 eo

1024 4104 1818 4184 quodebedientiaejugorejecto,inquaecclesiae

1024 4202 1154 4264 matrici
1169 4201 1335 4273 tenentur,
1352 4202 1400 4262 eis
1415 4202 1587 4264 intendere
1603 4203 1819 4278 pertinaciter

1024 4297 1287 4368 contemnebant,
1304 4299 1656 4362 excommunicationis
1683 4302 1819 4362 senten-

1023 4395 1104 4456 tiam
1113 4395 1358 4458 rationabiliter
1367 4396 1597 4474 protulissent;
1611 4383 1817 4474 postmodum

1023 4491 1224 4556 venerabilis
1242 4492 1343 4556 irater
1357 4495 1507 4555 noster...
1521 4493 1740 4572 Burdegelen.
1756 4512 1816 4556 ar·

1023 4586 1253 4670 chiepiscopus
1269 4591 1543 4668 metropolitanus
1559 4575 1674 4653 'eornm
1691 4593 1725 4653 in
1746 4609 1817 4670 pro-

1023 4687 1160 4749 vinciali
1190 4689 1331 4750 concilio
1369 4689 1459 4766 ipsos
1488 4691 1522 4750 iri
1546 4706 1606 4750 sua
1632 4689 1815 4766 pertinacia

1023 4785 1253 4861 perdurantes,
1271 4785 1393 4857 cilicio,
1405 4785 1631 4863 beneficioque
1653 4787 1817 4863 privasset

1021 4881 1126 4944 donec
1150 4881 1327 4944 redeuutes
1348 4881 1390 4942 ad
1414 4882 1716 4946 corinobsdientiae
1735 4885 1816 4948 vitio

1021 4995 1080 5054 per
1093 4978 1349 5057 subsequentem
1361 4977 1582 5042 obedientiam
1597 4981 1745 5056 expiato,
1758 4999 1817 5058 per·

1022 5076 1140 5136 sedem
1173 5077 1396 5152 apostolicam
1434 5078 1564 5140 restitui
1597 5081 1814 5140 mererentur.

1022 5175 1119 5234 Nunc
1136 5173 1188 5234 illi
1203 5177 1325 5250 praeter
1333 5175 1475 5250 quatuor
1488 5175 1629 5248 tantum
1639 5176 1815 5238 vexatione

999 5305 1000 5308 =
1022 5270 1107 5347 ipsis
1132 5269 1298 5335 tribuente
1315 5270 1495 5333 salubriter
1518 5273 1731 5345 intellectum,
1746 5289 1815 5348 poe-

1022 5368 1174 5432 nitudine
1202 5367 1295 5432 ducti
1317 5368 1360 5432 ad
1384 5367 1606 5432 obedientiam
1636 5369 1815 5442 redierunt,

998 5511 1002 5524 .
1021 5466 1243 5528 restitutionis
1258 5466 1400 5542 gratiam
1415 5481 1435 5528 a
1450 5465 1547 5528 nobis
1566 5466 1736 5528 humiliter
1751 5467 1814 5528 ila-

207 5591 247 5660 (it
269 5589 385 5646 bertorii
401 5589 435 5646 ad
451 5589 610 5662 Plulippum
627 5605 725 5664 ragam
741 5592 858 5664 litteras,
874 5595 937 5655 vide
950 5613 1036 5674 snpra
1051 5608 1084 5654 nr
1101 5597 1175 5667 xiil,
1191 5597 1244 5654 col.
1263 5597 1306 5654 ti.
