4300 6392
200 305 259 362 485

199 458 386 518 damnauerat
404 459 545 518 senentis
566 460 769 520 iamraneosis
789 460 921 520 concilii.
952 459 996 518 Ab

200 555 344 614 hereseos
353 555 420 616 ,labe
432 571 498 614 etim
510 571 576 616 esse
587 557 744 616 immunem
757 556 925 628 declaravit,
946 557 994 630 qrri

200 654 336 712 Ecclesie
351 656 488 712 liomanae
499 653 606 727 jndicio
621 661 712 712 semet
726 654 897 728 subjecerat.

236 749 344 822 Eadem
368 751 556 824 temperantia
574 751 603 808 in
622 766 708 809 causa
724 750 813 809 iudei
832 751 995 824 cuinsdarri

200 846 322 906 aaroni
335 850 452 916 nomine
471 847 593 922 insignis
612 863 681 906 usus
695 856 747 906 est.
769 849 859 918 Quem
873 847 926 906 sub
943 863 994 920 pa·

200 944 322 1002 trocinio
336 944 500 1018 Apostolioo
514 945 648 1018 concepit,
670 944 840 1018 rogantibus
852 945 997 1020 episcopis

202 1041 346 1114 Hispanis.

233 1139 296 1205 Ast,
320 1137 367 1195 ille
377 1139 522 1196 Honorius
542 1139 589 1211 qui
612 1138 655 1196 sic
678 1137 785 1196 inlideli
805 1139 997 1212 patrocinium

201 1234 396 1307 Apostolicnm
409 1237 561 1306 comessit,
581 1235 611 1292 in
631 1234 756 1308 legatum
770 1237 857 1294 etia-
868 1237 994 1308 Aposto-

200 1330 263 1388 lice
283 1331 583 1390 Sedisdessevirenon
597 1333 700 1402 timuit,
712 1332 826 1406 wando
850 1333 997 1407 linguinis

200 1428 263 1502 ejus
274 1428 467 1488 subdiaconus
479 1436 508 1486 et
519 1429 685 1502 capellanus
703 1431 733 1487 iu
747 1430 884 1502 Hispania
906 1431 997 1488 multa

202 1525 392 1599 perpetrabat,
411 1526 466 1584 sub
487 1533 625 1598 praetextu
646 1527 790 1584 vicesimae
812 1527 995 1602 colligendae,

202 1637 267 1694 que
279 1623 308 1678 in
321 1623 414 1694 ipsam
433 1623 592 1681 Ecclesiam
612 1625 773 1680 Romanam
794 1622 995 1682 redundarent.

203 1719 294 1792 liujus
305 1718 430 1776 bominis
443 1719 591 1778 audaciam
607 1718 704 1793 tregit.

238 1815 392 1873 Lusitanie
405 1830 503 1889 regem
513 1815 698 1874 vehementer
709 1818 804 1890 arguit
812 1818 915 1875 eodem
928 1824 1000 1874 tem·

203 1927 283 1985 pore,
313 1925 397 1984 quem
408 1919 491 1970 antea
505 1913 619 1985 magnis
632 1911 762 1971 laudibus
774 1914 923 1972 extulerat.
943 1912 999 1972 Sed

203 2010 250 2066 ille
263 2009 292 2065 in
308 2023 422 2066 amores
435 2009 546 2066 illicitos
566 2008 716 2078 inciderat,
730 2017 759 2068 et
778 2010 893 2068 aliunde
911 2010 995 2068 liber-

202 2113 290 2164 tatem
307 2106 533 2164 ocdedasticam
553 2105 775 2178 aspernabatur:
799 2109 873 2166 Ecce
899 2106 996 2176 borno,

203 2203 242 2259 ait
255 2203 406 2272 llonorius,
418 2203 528 2276 quisibi
543 2205 704 2264 Deumnon
719 2203 812 2274 posuit
827 2203 996 2277 adamam,

202 2298 252 2357 sed
271 2300 395 2370 speravit
415 2301 443 2357 in
467 2300 646 2358 multitudine
667 2299 830 2376 divitiarum
852 2308 881 2358 et
901 2301 930 2358 in
945 2315 996 2357 sua

592 3206 613 3293 Ι

1 3303 2 3354 ³
109 3333 117 3356 ⁸
244 3331 295 3390 Ad
309 3334 516 3406 episcopum,
532 3331 700 3390 occanum
715 3329 749 3390 et
765 3331 957 3402 capreorum

405 3473 408 3478 .
470 3440 472 3444 ·
504 3429 701 3488 intonsam.

494 3539 529 3596 24
543 3536 607 3610 julii
627 3535 707 3594 lito.

259 3653 391 3718 litarat,
400 3652 445 3703 lib.
454 3653 485 3710 V,
493 3667 534 3716 ep.
552 3651 577 3701 3.
587 3651 652 3730 llas¹⁸
661 3653 699 3702 La
708 3651 782 3702 Porta
793 3651 826 3702 du
840 3650 934 3715 rhein]

203 3760 359 3821 counrrnat
372 3759 565 3817 reductionem
587 3757 802 3830 praebendarum
822 3760 850 3814 in
871 3759 998 3830 ipsorum

239 3850 360 3906 ecclesia
384 3863 401 3906 a
420 3849 611 3922 sexagenario
630 3861 749 3905 numero
765 3845 802 3904 ad
817 3847 995 3920 quinquage-

240 3952 362 3996 narrum.

243 4045 421 4116 Honorius,
444 4045 519 4112 ete,
535 4044 718 4107 venerabili
733 4041 829 4105 tratri
844 4043 999 4121 episcopo

204 4143 237 4204 et
248 4143 377 4204 dilectis
393 4142 470 4202 tiliis
482 4143 608 4202 decano
623 4143 657 4204 et
671 4141 815 4217 capitulo
825 4140 957 4200 Tullen.

243 4238 456 4300 Cumanobis
465 4238 598 4315 petitur,
607 4237 669 4299 etc.
679 4241 766 4299 Sane
776 4237 929 4314 porrecta
943 4253 1001 4298 no·

202 4336 253 4397 bis
266 4351 309 4396 ex
323 4336 416 4412 parte
437 4335 548 4396 restra
563 4335 678 4411 petitio
697 4333 897 4406 continebat,
912 4334 998 4411 quod

204 4449 279 4496 cnm
296 4434 331 4494 in
351 4433 479 4494 Tollen.
496 4432 637 4494 ecclesia
650 4431 829 4508 proventus
842 4431 998 4509 praeben-

204 4531 320 4592 darum
342 4530 453 4594 essent
471 4528 555 4590 adeo
578 4529 706 4596 tenues,
732 4529 765 4590 et
777 4527 895 4599 exiles,
913 4527 998 4604 quod

204 4643 247 4690 ex
261 4628 310 4690 eis
325 4643 391 4689 non
408 4626 543 4704 possent
568 4625 722 4688 canonici
739 4624 909 4686 commode
924 4640 1000 4686 sus-

204 4725 324 4787 tentari
346 4739 449 4801 quare
472 4723 594 4785 ibidem
610 4722 828 4786 residentiam
844 4721 927 4798 ipsis
948 4721 1000 4784 ia·

829 303 1057 362 EPISTOLAE.
1083 305 1160 363 LlB.
1186 305 1222 363 V.

1786 305 1846 364 486

1051 459 1347 534 prevalurtvamtete.
1367 460 1417 518 can
1430 459 1587 534 significat,
1608 460 1663 518 nisi
1683 460 1718 518 ad
1744 461 1843 519 raalio·

1051 573 1111 616 rem
1133 565 1292 616 retertatur
1323 559 1426 628 vitam,
1449 558 1592 632 episcopia
1624 556 1787 628 mandasse,
1814 565 1846 616 ut

1051 654 1235 714 anathemate
1249 653 1374 712 feriatur.

1080 755 1147 810 lloc
1163 767 1249 820 anno,
1265 753 1294 808 iu
1307 751 1423 824 Anglia,
1439 766 1543 824 corpus
1556 753 1583 810 s
1598 750 1715 808 ‘lhomae
1730 752 1859 810 transla-,

1051 857 1113 908 tum
1139 847 1200 917 init,
1224 847 1400 922 approbante
1422 849 1558 906 Honorio.
1581 851 1610 906 ls
1626 846 1719 906 iuerat
1740 848 1846 907 vindex

1050 945 1252 1004 ecclesiastice
1270 945 1417 1002 libertatis
1434 948 1558 1014 interea,
1574 943 1603 1002 in
1625 945 1774 1016 Hibernia,
1797 959 1843 1003 se-

1051 1041 1118 1100 data
1140 1042 1303 1112 rebellione,
1318 1057 1430 1112 omnes,
1451 1043 1557 1100 relictis
1585 1041 1720 1102 Ludovici
1742 1044 1845 1102 Gallia·

1052 1154 1114 1196 rum
1136 1140 1214 1212 regis
1238 1139 1422 1212 primogeniti
1435 1138 1572 1212 partibus,
1584 1138 1620 1196 ad
1632 1140 1786 1198 ilenricum
1799 1154 1844 1198 re·

1051 1251 1119 1309 gem
1145 1251 1177 1294 se
1205 1237 1405 1304 contulemot,
1429 1251 1514 1308 quem
1542 1236 1646 1294 Sancta
1660 1235 1751 1294 Sedes
1781 1238 1848 1294 totis

1052 1333 1160 1410 viribus
1178 1332 1318 1392 tuebatur.

1087 1429 1169 1488 Unde
1183 1431 1212 1488 in
1225 1429 1379 1504 illoquinto
1388 1429 1506 1488 lionorii
1518 1432 1558 1488 lll
1572 1429 1846 1502 ponddcatcsanno,

1052 1526 1270 1585 restlbristiana
1284 1526 1475 1600 undequaque
1492 1541 1629 1600 prospere
1648 1543 1684 1585 se
1702 1537 1846 1601 gemunt,
1869 1579 1871 1584 .

1053 1623 1108 1680 nisi
1128 1624 1157 1680 in
1181 1624 1296 1682 Oriente
1318 1623 1393 1696 apud
1415 1624 1585 1682 Damiatam.
1601 1625 1673 1682 Nam
1693 1626 1848 1698 imperator

1053 1720 1220 1780 Fredericns
1240 1720 1277 1778 de
1304 1719 1351 1778 dle
1372 1721 1401 1778 iu
1426 1720 1502 1778 diem
1520 1728 1618 1778 nomm
1639 1720 1797 1792 ditierebat,
1818 1731 1848 1780 et

1052 1818 1317 1890 crucesignatorum
1329 1817 1473 1874 exercitus
1488 1819 1517 1873 in
1529 1817 1684 1890 pericnlum
1700 1819 1843 1891 veniebat

1051 1914 1147 1972 multis
1159 1914 1195 1971 de
1208 1914 1334 1987 portibus
1344 1914 1399 1972 illia
1414 1915 1537 1972 reversis
1549 1914 1722 1988 adproprias
1734 1915 1844 1976 domos.

1052 2009 1170 2068 Plurimi
1181 2009 1412 2068 etiamdicebant
1422 2009 1494 2067 nihil
1506 2009 1649 2068 fructuose
1664 2013 1767 2082 moliri,
1776 2013 1847 2074 dum

1054 2112 1252 2178 expectaretur
1264 2105 1429 2177 imperator.
1443 2107 1546 2178 sicque
1557 2107 1613 2164 illis
1627 2108 1654 2164 in
1668 2110 1791 2178 patriam
1806 2126 1848 2168 rc·

1052 2200 1204 2259 dcuntibns
1218 2209 1246 2258 et
1260 2202 1323 2258 aliis
1337 2201 1488 2260 timiditate
1502 2203 1591 2260 nimia
1607 2201 1712 2272 tractis,
1726 2205 1764 2262 nil
1778 2205 1845 2264 boni

1053 2299 1220 2357 remanebat
1233 2298 1416 2372 sperandum.

1052 3195 1239 3272 apostolico
1254 3195 1469 3272 dignaremur
1480 3197 1662 3258 munimine
1673 3195 1842 3258 roborare.

1052 3294 1120 3354 Nos
1133 3293 1238 3369 igitur
1249 3295 1372 3354 vesnia
1388 3292 1665 3371 postulationibus
1681 3293 1844 3364 inclinati,

1052 3391 1209 3452 statutum
1239 3391 1348 3467 ipsum
1375 3391 1462 3452 sicut
1485 3390 1622 3468 provide
1645 3391 1682 3451 ln
1712 3391 1843 3452 utilita-

1052 3489 1118 3548 tem
1140 3487 1266 3548 Tullen.
1284 3488 1435 3549 ecclesiae
1452 3487 1658 3564 dignoscitur
1674 3503 1750 3550 esse
1771 3488 1845 3550 iac-

1053 3583 1340 3655 tum‚auctoritato
1350 3585 1539 3662 Apostollca
1549 3584 1798 3655 confirmamus.
1814 3584 1848 3648 et

1052 3681 1226 3756 presentis
1247 3681 1362 3758 scripti
1386 3681 1572 3759 patrocinio
1594 3683 1844 3744 communimus.

1053 3777 1145 3838 Nulli
1162 3793 1252 3854 argo
1270 3781 1346 3850 etc,
1364 3781 1487 3840 nostrae
1512 3778 1774 3841 confirmationis
1788 3780 1846 3840 in-

1030 3874 1209 3951 ·lringere.
1234 3876 1269 3937 Si
1289 3875 1365 3952 quis
1389 3877 1511 3948 autem,
1537 3876 1599 3937 etc.
1625 3878 1742 3937 Datum
1760 3877 1847 3953 apud

1053 3971 1175 4034 Urbem
1203 3973 1367 4043 Veterem,
1393 3987 1480 4033 nono
1511 3970 1672 4033 kalendas
1703 3974 1845 4048 augusti,

1053 4067 1263 4146 pontificatus
1282 4067 1389 4130 nostri
1399 4083 1488 4129 anno
1503 4068 1629 4145 quinto.

1421 4245 1464 4332 ΙΙ

1053 4379 1106 4438 Act
1130 4379 1266 4440 abbates
1286 4379 1405 4440 Sooctt
1425 4379 1601 4440 Monocoli
1625 4377 1788 4440 Totlcosie
1814 4387 1848 4441 ct
1910 4457 1912 4462 Ι

1126 4476 1245 4538 Sancti
1257 4474 1402 4538 Nobortt
1421 4475 1586 4538 Maiensis
1604 4477 1771 4537 dioecesis.

1350 4597 1386 4654 tl
1401 4595 1462 4670 juli
1484 4595 1563 4654 1220.
1657 4625 1666 4648 a

1104 4703 1223 4769 [liegest.,
1234 4701 1279 4753 lib.
1289 4701 1323 4761 V,
1331 4702 1404 4766 epist.
1418 4701 1442 4752 3.
1454 4701 1511 4752 blss.
1523 4701 1559 4752 La
1568 4702 1644 4752 Parte
1654 4701 1688 4752 du
1700 4703 1794 4766 Theti]

205 4837 280 4883 cere
303 4837 369 4884 non
390 4820 587 4892 valentibus,
619 4819 763 4881 ecclesia
786 4820 858 4896 ipsa
879 4818 999 4880 debitis
1055 4809 1302 4869 DuteiaGotzien.
1318 4807 1469 4866 ecclesiam
1493 4805 1627 4865 visitandi
1641 4823 1739 4866 curam
1756 4809 1847 4867 donec

205 4918 372 4994 obsequiis
393 4917 619 4990 fraudabatur,
644 4931 704 4978 vos
727 4917 835 4992 ipsius
849 4916 999 4977 ecclesiae
1090 4898 1271 4999 issllfflffllffli
1292 4897 1425 4998 capitulo
1442 4895 1597 4968 erVlssciffi
1618 4895 1655 4954 de
1669 4898 1732 4955 aliis
1747 4897 1845 4956 visita·

206 5012 341 5074 utilitati
358 5011 532 5088 providere
552 5011 715 5082 volentes,
736 5009 903 5072 communi
919 5025 1000 5070 con·
1088 4985 1213 5044 ‘¹⁰⁰¹bfl8
1228 4998 1374 5058 Pf⁰V¹⁸⁰¹¹¹
1387 4981 1497 5042 s¹¹¹⁸⁸⁰b

205 5124 306 5168 sensu
326 5107 582 5181 sexagenarium
605 5105 856 5182 prebendarum
881 5120 1000 5178 nurne-
1093 5100 1272 5174 Honorius,
1288 5103 1363 5174 etc,
1381 5101 1510 5162 dilectis
1526 5097 1605 5161 tiliis
1623 5101 1736 5164 Sancti
1751 5103 1848 5166 Man-

163 5239 174 5262 .
201 5189 278 5268 'rum
292 5204 334 5266 ad
350 5203 669 5280 quinquagenarium
687 5202 876 5278 redegistis,
894 5202 1000 5263 tirmi-
1054 5201 1140 5261 sueti
1154 5199 1283 5261 Tullen.
1300 5202 1333 5260 et
1344 5199 1457 5260 Sancti
1477 5196 1615 5258 Nabarii
1629 5199 1846 5261 Metamdioe-

204 5306 256 5364 ter
274 5287 464 5372 statuendo,
484 5300 521 5361 ut
538 5300 727 5376 proventus,
750 5315 794 5360 ex
811 5298 999 5374 praebendis
1054 5297 1142 5358 cesis
1154 5295 1344 5358 abbatibus.

204 5399 436 5476 provenientes
450 5397 576 5458 eisdem
588 5395 780 5458 dividantur
794 5395 941 5474 quotidie
951 5397 999 5456 in·
1096 5397 1163 5456 Sua
1197 5392 1293 5456 nobis
1323 5388 1427 5454 abbas
1455 5392 1606 5454 Gorzien.
1620 5390 1846 5479 insinuatione

204 5499 256 5558 ter
269 5497 447 5558 canonicos
461 5494 657 5556 residentes.
678 5493 885 5570 Quapropter
904 5493 999 5554 nohis
1054 5491 1260 5562 monstrarit,
1275 5489 1360 5568 quod
1376 5506 1450 5551 cum
1471 5489 1641 5564 assignata
1660 5489 1748 5551 esset
1761 5490 1843 5562 dias,

203 5593 376 5655 ¹humiliter
399 5591 628 5669 supplicastis,
659 5593 694 5652 nt
709 5591 866 5652 statutum
890 5591 997 5666 ipsum
1054 5606 1118 5666 qua
1140 5589 1320 5666 provinciae
1346 5589 1524 5650 Treveren.
1544 5583 1678 5646 abbates
1698 5585 1739 5648 ad
1757 5589 1847 5652 cole-
