4230 6388
375 304 436 374 915
936 311 1172 386 irruiturus
1192 311 1248 374 DU
1271 313 1398 376 leltu
1417 310 1457 375 V.
1947 317 1995 380 tlt

416 467 600 536 Statulmus
615 471 716 534 etiam
730 469 959 534 bocediotoln
973 473 1168 550 perpetuum
1263 469 1408 548 Navigia
1436 485 1640 548 quocumque
1667 469 1817 531 locorum
1848 487 1993 549 pervene-

374 569 530 643 ralituro,
547 569 583 631 ut
604 569 792 646 potestates,
819 569 985 641 consules,
1010 585 1068 630 seu
1090 585 1168 630 rec-
1223 567 1301 640 rint,
1317 569 1346 628 sl
1363 583 1427 645 quo
1445 583 1525 629 casu
1547 567 1749 642 contingenti
1766 569 1864 645 rupta
1877 569 1993 644 fuerint,

243 737 246 752 ‚
376 669 477 738 tores,
500 666 749 743 qulbuscunque
769 665 949 742 fungantur
962 665 1094 738 officiis,
1109 681 1169 743 pro
1226 665 1279 727 vel
1298 665 1396 726 aliter
1418 665 1600 738 adterram
1627 665 1848 741 pervenerint,
1867 666 1928 727 tam
1946 683 1996 729 na-

376 763 569 845 defensione
584 751 661 823 fidei
676 763 834 839 praestent
852 763 981 839 publice
991 766 1169 840 juramen·
1222 762 1324 838 rigia,
1346 776 1445 838 quam
1467 762 1697 836 navigantium
1722 761 1809 823 bona
1834 762 1899 823 illis
1921 765 1994 825 inte-

376 861 457 933 tum,
474 859 559 936 quod
576 859 616 920 de
640 860 740 920 terris
756 875 824 920 sure
842 861 1068 938 jurisdictioni
1090 859 1170 922 sub·
1222 873 1281 934 gre
1307 860 1530 930 reserventur,
1554 857 1595 918 ad
1624 873 1707 934 quos
1735 859 1923 935 spectabant
1945 876 1995 921 an-

371 957 481 1034 jectis,
495 957 670 1018 universos
690 958 865 1019 haereticos
887 957 928 1018 ab
948 958 1095 1019 Ecclesia
1110 958 1169 1018 de*
1223 956 1355 1032 tequam
1370 955 1541 1030 navigium
1558 953 1641 1015 illud
1654 955 1836 1030 periculum
1854 955 1995 1016 incurris·

376 1053 517 1126 notatos,
533 1053 620 1115 bona
641 1054 713 1115 fide-
730 1069 790 1132 pro
804 1053 931 1116 viribus
946 1055 1171 1117 exterminare
1223 1053 1283 1113 set.
1301 1052 1438 1113 Sublata
1457 1052 1605 1112 omnium
1620 1051 1768 1113 locorum
1788 1052 1914 1128 penitus
1928 1069 1994 1114 con-

374 1149 562 1212 studebant
585 1152 635 1212 lta
648 1151 888 1228 quodammodo
897 1153 1170 1229 quandocumque
1223 1148 1408 1221 suetudine,
1425 1161 1498 1226 quae
1522 1148 1601 1208 huic
1620 1148 1819 1210 adversatur
1839 1149 1991 1222 sanctioni,

375 1244 476 1308 fuerit
494 1247 568 1324 quis
590 1247 625 1307 in
648 1248 854 1324 potestatem,
880 1247 958 1308 sive
977 1248 1168 1326 perpetuam
1222 1245 1288 1308 nisi
1302 1245 1384 1307 talia
1401 1245 1469 1306 sint
1483 1245 1620 1320 navigia
1635 1256 1709 1321 que
1723 1245 1897 1321 piraticam
1910 1261 1993 1306 exer-

374 1343 428 1404 vel
452 1343 669 1421 temporalem
700 1345 899 1421 assumptus,
928 1345 991 1406 hoc
1016 1346 1170 1410 teneatur
1223 1344 1318 1404 ceant
1334 1343 1543 1419 pravitatem,
1556 1341 1614 1404 aut
1627 1341 1816 1415 sintnohis,
1830 1342 1881 1404 vel
1900 1343 1994 1402 Chris-

376 1439 558 1517 oapitulum
575 1440 765 1517 juramento
780 1441 925 1502 firmare.
939 1442 1094 1519 Alioquin
1108 1458 1169 1504 nec
1222 1439 1313 1503 tiano
1329 1439 1456 1500 nomini
1471 1439 1618 1499 inimica.

375 1551 436 1614 pro
451 1536 678 1612 potestatibus,
699 1553 761 1600 nec
784 1553 844 1614 pro
859 1539 1050 1600 oonsulibus
1065 1539 1169 1602 lrabe-
1261 1537 1541 1612 Trausgressores
1560 1551 1640 1598 vero
1656 1533 1756 1615 hujus
1776 1537 1899 1597 nostrae
1915 1550 1993 1596 cons·

375 1632 485 1705 antur,
509 1633 679 1694 eteorum
703 1635 884 1696 sententias
909 1635 1023 1697 irritas
1047 1637 1172 1698 extunc·
1221 1633 1386 1694 titutionis
1425 1627 1586 1696 bonor'um
1615 1650 1752 1697 suorum
1791 1632 1992 1710 publicatione

375 1727 584 1791 decernimus
598 1733 631 1792 et
644 1731 774 1792 inanes.
1222 1730 1433 1792 mulctentur.
1450 1731 1529 1792 Etsi
1543 1747 1597 1792 res
1612 1731 1773 1808 exegerit,
1786 1745 1898 1791 eorum
1909 1729 1994 1789 auda-

417 1827 452 1887 Si
462 1841 541 1888 vero
555 1827 707 1889 dominus
719 1827 924 1904 temporalis,
941 1829 1120 1906 requisitus
1136 1832 1168 1893 et
1205 1827 1274 1894 ¹citt
1298 1829 1396 1903 juxta
1419 1828 1609 1890 mandatum
1633 1829 1785 1890 nostrum
1808 1825 1910 1888 modis
1933 1825 1992 1886 aliis

374 1921 563 1986 admonitus
572 1924 612 1985 ab
621 1925 910 1994 Ecclesia,terram
921 1941 1014 1987 suam
1026 1939 1168 2004 purgare
1223 1926 1460 2000 compescatur.

376 2019 562 2096 neglexerit
580 2021 622 2082 ab
641 2023 798 2084 haeretica
818 2023 990 2100 pravitate,
1012 2024 1086 2100 post
1107 2039 1169 2085 an·
1204 2016 1209 2094 Ῐ
1262 2023 1382 2083 Omnes
1398 2022 1565 2098 peregrini
1580 2019 1992 2095 etadvenae‚1tneronospi·

375 2131 454 2177 num
470 2119 648 2194 atempore
660 2119 895 2181 admonitionis
918 2119 1078 2197 elapsum,
1095 2123 1176 2183 ter-.
1222 2117 1334 2179 tentor
1348 2119 1404 2178 ubi
1418 2119 1533 2191 velint,
1549 2121 1582 2181 et
1595 2119 1771 2196 hospitari,
1786 2119 1816 2178 si
1826 2117 1934 2179 testari
1946 2129 1992 2176 vo-

375 2228 448 2274 ram
463 2213 554 2274 illius
564 2215 647 2291 ipsis
662 2215 857 2292 exponimus
871 2217 1049 2279 Catholicis
1064 2219 1167 2279 oc'cu-
1222 2215 1346 2277 luerlnt
1379 2216 1422 2276 de
1450 2217 1550 2276 rebus
1576 2217 1646 2277 suis
1677 2216 1853 2278 ordinandi
1878 2213 1991 2274 liberam

376 2309 600 2387 pandam,qui
626 2327 711 2384 eam,
738 2313 966 2374 exterminatis
988 2313 1166 2388 haereticis,
1223 2311 1991 2390 lrabeantfacultatem,quorumordinatioincon·

375 2395 500 2482 absque
515 2407 583 2467 ulla
598 2408 858 2470 contradictione
873 2409 1073 2486 possideant,
1089 2411 1121 2472 et
1133 2411 1168 2472 in
1223 2423 1319 2470 cussa
1332 2411 1495 2471 servetur.
1515 2411 1550 2469 Si
1565 2410 1621 2486 qui
1632 2423 1711 2470 vero
1732 2405 1880 2471 intestati
1901 2407 1991 2467 decos
2059 2443 2060 2476 .

375 2501 452 2563 fidei
467 2503 589 2579 pietate
610 2506 818 2578 conservent,
842 2506 935 2568 salvo
950 2511 1026 2585 jure
1041 2506 1169 2569 domini
1223 2505 1338 2574 serint,
1348 2505 1389 2566 ad
1398 2505 1653 2582 hospitemnihil
1665 2507 1849 2582 perveniat,
1861 2504 1913 2565 sed
1923 2503 1990 2562 bonu

375 2599 587 2676 principalis,
618 2601 794 2664 dummodo
820 2619 921 2680 super
949 2603 1013 2666 hoc
1039 2605 1166 2664 nullum
1222 2603 1370 2678 ipsorum
1385 2618 1575 2679 parmenus
1597 2603 1743 2680 episcopi
1758 2603 1824 2664 loci
1843 2599 1991 2662 tradantur
2059 2673 2060 2678 ἵ

374 2696 510 2772 praestet
522 2695 739 2770 obstaculum,
758 2715 819 2761 nec
834 2699 967 2776 aliquod
990 2701 1079 2762 aliud
1099 2701 1166 2786 ima
1223 2698 1412 2761 haeredibus
1420 2697 1464 2778 (si
1480 2699 1552 2760 fleri
1563 2699 1684 2777 potest)
1699 2701 1753 2760 vel
1763 2700 1798 2760 in
1811 2699 1881 2775 pias
1896 2707 1990 2758 causas

375 2791 598 2869 pedimentum
626 2795 780 2872 opponat.
806 2795 928 2856 Eadem
950 2795 1167 2882 nihilominus
1205 2785 1410 2872 'erogentur
1434 2797 1561 2872 Hospes
1580 2811 1660 2858 vero
1675 2797 1703 2857 si
1718 2795 1845 2873 aliquid
1860 2795 1897 2855 de
1913 2791 1990 2852 bonis

375 2888 456 2963 lege
470 2891 612 2964 servata,
640 2894 756 2954 contra
769 2892 845 2966 eos,
873 2893 930 2970 qui
956 2909 1021 2955 non
1046 2893 1168 2956 liabent
1222 2894 1350 2966 talium,
1364 2895 1480 2956 contra
1491 2893 1576 2954 hanc
1589 2893 1858 2955 constitutionem
1867 2890 1989 2952 nostram

375 2979 526 3046 dominos
541 2988 753 3064 principales.
1031 2991 1032 2994 ’
1222 2990 1385 3062 habuerit,
1410 2990 1545 3066 triplum
1574 2989 1728 3066 episcopo
1758 2987 1922 3059 restituat,
1948 2983 1989 3044 cui

352 3147 355 3161 Ι
414 3082 591 3144 Credentes
611 3086 782 3161 praeterea,
797 3073 1030 3163 receptatores,
1053 3087 1168 3148 defen·
1222 3087 1330 3150 risum
1362 3086 1463 3148 fuerit
1488 3085 1736 3162 assignandum,
1771 3077 1989 3147 nonobstante

373 3191 477 3252 sores,
501 3179 534 3242 et
556 3179 703 3244 fautores
724 3183 956 3245 ltaereticorum
977 3184 1164 3256 bannimus,
1222 3185 1345 3246 statuto
1359 3183 1482 3261 aliquo,
1497 3199 1557 3244 seu
1572 3180 1824 3256 consuetudine,
1836 3199 1891 3244 seu
1907 3177 1990 3257 priri-

373 3273 514 3338 flrmiter
536 3279 728 3348 statuentes,
745 3281 781 3341 ut
800 3281 828 3340 si
843 3283 1014 3357 postquam
1030 3281 1168 3358 quilibet
1223 3281 1581 3357 legiis,quaehactenus
1593 3275 1988 3341 contrariuminducebant.

371 3371 489 3433 talium
502 3373 602 3437 fuerit
616 3377 657 3436 ab
668 3376 815 3438 Ecclesia
825 3380 1166 3440 excommunicatione
1223 3379 1258 3439 Si
1273 3379 1329 3454 qui
1344 3378 1465 3448 autem,
1482 3380 1598 3439 contre
1612 3377 1892 3454 praesumpserint,
1907 3374 1948 3434 eis
1960 3371 1989 3430 do

371 3467 516 3539 notatus,
533 3472 725 3536 satisfacere
747 3474 982 3551 contempserit
996 3475 1083 3536 infra
1100 3491 1166 3538 an·
1221 3475 1319 3536 rebus
1334 3475 1404 3534 suis
1417 3463 1561 3536 testandi
1572 3463 1802 3536 interdicimus
1814 3471 1987 3537 facultatem,
2059 3513 2060 3532 .

372 3579 464 3639 num,
489 3569 624 3631 extunc
645 3570 718 3646 ipso
729 3574 805 3647 jure
830 3571 873 3633 sit
898 3571 1005 3633 factus
1019 3571 1164 3646 infamis,
1221 3573 1257 3634 ut
1270 3573 1305 3632 in
1319 3587 1360 3633 eo
1372 3571 1563 3648 puniantur,
1576 3572 1610 3632 in
1623 3587 1687 3648 quo
1700 3571 1907 3649 deliquerint,
1922 3565 1988 3626 alias

370 3677 435 3724 nec
458 3664 499 3724 ad
519 3665 651 3741 publica
670 3666 779 3727 officia
804 3681 863 3728 seu
878 3667 1029 3740 consilia,
1045 3669 1099 3730 rel
1125 3669 1166 3729 ad
1221 3669 1318 3746 prout
1332 3669 1437 3746 culpas
1452 3669 1597 3744 qualitas
1610 3659 1761 3744 exegerit
1777 3665 1935 3745 puniendi.
2059 3747 2060 3752 ἵ

371 3759 561 3836 eligendum
580 3762 709 3840 aliquos
728 3764 769 3824 ad
785 3763 985 3841 hujusmodi,
1003 3765 1167 3842 nequead
1260 3765 1497 3841 Agricultores,
1510 3765 1641 3826 etcfrca
1653 3765 1900 3826 rusticationem
1911 3773 1989 3820 occu·
2059 3757 2060 3770 ¹

371 3857 597 3920 testimonium
621 3860 824 3923 admittatur.
842 3861 891 3925 Sit
909 3861 1009 3922 etiam
1024 3861 1167 3925 intesta·-
1198 3861 1495 3939 petasunculus
1511 3861 1667 3926 insident.
1685 3862 1764 3922 dum
1780 3877 1875 3936 agros
1887 3853 1986 3922 colunt

371 3948 460 4028 bilis,
481 3957 518 4019 ut
531 3973 593 4019 nec
607 3957 750 4020 testandi
770 3958 909 4020 liberam
925 3959 1047 4022 habeat
1060 3959 1167 4022 facul·
1221 3958 1329 4020 securi
1344 3960 1411 4021 sint
1425 3973 1632 4036 quacumque
1652 3960 1746 4034 parte
1770 3960 1934 4023 terrarum,
1952 3951 1987 4010 ita

371 4051 484 4125 tatem,
521 4069 582 4116 nec
617 4055 658 4116 ad
684 4055 891 4118 hereditatis
923 4059 1164 4119 successionem
1220 4057 1257 4119 ut
1268 4057 1379 4117 nullus
1390 4057 1582 4119 inveniatur
1593 4061 1661 4119 tam
1685 4057 1808 4128 audax,
1824 4055 1876 4132 qui
1891 4061 1987 4128 perso·

372 4151 520 4212 accedat.
546 4152 666 4213 Nullus
689 4153 851 4229 praeterea
880 4153 913 4214 ei
940 4151 1162 4233 [respondeat]
1220 4169 1290 4225 nas,
1314 4153 1367 4216 vel
1389 4153 1501 4226 boves,
1525 4168 1681 4229 agrorum
1704 4151 1927 4218 instrumenta,
1944 4140 1989 4204 aut

372 4261 472 4322 super
482 4261 689 4326 quocumque
704 4249 851 4326 negotio,
861 4251 918 4311 sed
930 4251 1001 4328 ipse
1012 4251 1088 4312 aliis
1099 4265 1166 4313 res·
1220 4251 1248 4311 si
1259 4250 1337 4327 quid
1352 4250 1442 4311 aliud
1458 4250 1605 4326 sit,quod
1621 4251 1662 4310 ed
1674 4265 1810 4327 operam
1825 4241 1988 4309 rusticalem

373 4344 518 4419 pondere
539 4345 685 4420 cogatur.
705 4346 840 4416 Quodsi
862 4348 948 4409 forte
957 4348 1063 4424 judex
1078 4348 1166 4409 extl-
1218 4335 1371 4425 pertinet,
1405 4347 1581 4420 invadere,
1607 4361 1741 4424 capere,
1771 4347 1828 4408 eut
1849 4337 1987 4404 violenter

371 4440 460 4512 terit,
482 4443 554 4517 ejus
575 4443 738 4504 sententia
767 4443 893 4504 nullam
917 4443 1038 4506 babeat
1060 4443 1165 4505 firml-
1218 4444 1350 4505 auferre
1378 4445 1567 4521 presumat.
1598 4444 1633 4504 sl
1660 4444 1733 4520 quis
1756 4443 1863 4504 autem
1886 4438 1986 4510 hujus·
2059 4487 2060 4508 2

371 4527 484 4609 tatem,
495 4551 556 4598 neo
569 4536 679 4599 causae
691 4539 862 4616 aliqnaead
874 4543 947 4617 ejus
959 4541 1162 4603 audientiam
1218 4541 1306 4602 modi
1316 4543 1474 4602 statutum
1489 4555 1574 4601 ausu
1586 4540 1766 4602 temerario
1781 4539 1901 4600 violare
1914 4543 1986 4608 prae·
2059 4619 2060 4622 Ἴ

370 4633 591 4710 perferantur.
605 4636 640 4696 si
653 4634 754 4697 fuerit
767 4637 958 4710 advocatus,
971 4625 1043 4715 ejus
1056 4640 1164 4714 patro·
1217 4639 1404 4714 sumpserit,
1421 4639 1456 4698 in
1472 4636 1693 4714 quadruplum
1718 4635 1831 4697 ablata
1844 4623 1984 4718 restituat

370 4730 496 4792 ciuium
515 4731 705 4794 nullatenus
728 4731 931 4795 admittatur.
956 4734 992 4795 Si
1012 4735 1159 4808 tabellio,
1193 4723 1194 4726 '
1216 4735 1390 4796 infamiam·
1404 4735 1477 4811 ipso
1488 4733 1741 4812 Jure-incurrat,
1754 4729 1913 4809 imperiali
1927 4721 1986 4784 ani-

370 4826 590 4890 instrumenta
610 4843 670 4904 per
688 4843 763 4890 eum
782 4829 943 4904 confecta,
962 4831 1087 4892 nullius
1103 4847 1164 4909 pe·
1217 4831 1675 4894 madversionenibilorninus
1691 4829 1887 4908 puniendus.

371 4923 464 4986 nitus
475 4925 543 4986 sint
556 4925 724 4988 momenti.

1128 5056 1266 5080 nunu-d

967 5219 1012 5268 on
1033 5205 1406 5270 n'sxcouuourcurrou.

405 5359 444 5422 Lo
457 5359 530 5420 otu.
540 5353 645 5434 megel.
657 5361 690 5418 de
701 5361 792 5419 rotet.
804 5360 841 5420 de
853 5347 990 5421 Goschler
999 5372 1162 5424 commento
1218 5381 1254 5423 en
1266 5367 1327 5424 leur
1340 5363 1445 5437 qualite
1456 5351 1565 5422 d’litats
1572 5362 1727 5430 chrttlens,
1736 5359 1845 5436 obliges
1853 5358 1985 5428 d'eptttlt'er

368 5450 395 5507 la
408 5451 596 5509 constitution
610 5448 646 5507 de
662 5447 794 5508 Frdddrio
806 5452 833 5508 ll
845 5450 918 5509 dans
931 5451 974 5510 les
984 5460 1091 5510 termes
1101 5453 1159 5510 sui·
1217 5469 1252 5511 en
1267 5449 1386 5528 gene'ral
1401 5447 1570 5512 l’extcution
1592 5451 1643 5510 des
1661 5451 1761 5524 peines
1779 5444 1985 5512 ecclesiamque

369 5545 454 5597 rents
468 5555 475 5595 :
1216 5559 1268 5616 par
1282 5543 1308 5598 le
1318 5539 1385 5600 bras
1399 5540 1531 5611 stoulier,
1541 5555 1655 5598 comme
1667 5555 1705 5597 on
1714 5540 1741 5597 le
1755 5538 1812 5597 voit
1822 5533 1883 5607 de'jt
1894 5525 1984 5588 dussslt

407 5649 419 5678 ι
436 5628 481 5687 Au
497 5642 601 5700 moyen
619 5629 685 5701 age,
698 5628 741 5687 les
755 5615 835 5693 litata
855 5643 888 5686 se
906 5629 1161 5702 reconnaissaient,
1217 5627 1366 5690 Decretum
1381 5629 1550 5690 childeberti
1560 5629 1648 5706 (596),
1659 5641 1686 5689 c.
1699 5630 1733 5700 1;
1747 5627 1818 5686 dans
1830 5622 1922 5696 Ptpto,
1933 5625 1982 5685 ctl·
