4250 6404
198 269 257 328 105
816 266 1043 326 EPIS'I'OLAE.
1069 267 1145 325 LIB.
1171 267 1227 326 ΙΙΙ.

196 427 280 488 locis
311 426 346 486 in
381 425 500 534 quibus
530 441 592 534 uos
611 424 827 536 'hujusmodi'
850 424 995 533 officium
1405 453 1490 540 CIX

190 538 355 584 «exercere
379 524 565 598 contugerit,
589 537 638 582 ers
658 537 715 598 qur
735 537 794 598 pro
817 523 995 598 injectione

196 635 355 681 manuum
369 619 528 690 violenta,
552 619 605 680 vel
627 619 726 680 etiam
743 635 801 696 pro
820 619 993 690 incendiis,
1050 587 1102 645 Ad
1123 589 1307 648 universos
1315 587 1481 658 preeuntes
1495 587 1716 648 ecclesiarum
1732 588 1847 646 Eccle-

1089 685 1846 760 staeaomooaeaaosuauumperflaupomom

1090 781 1304 845 constitutos.

1347 877 1381 934 al
1393 877 1454 950 ian.
1469 877 1547 936 lile.

196 717 474 780 excommunicati
483 715 657 788 hahentur,
675 716 703 776 si
714 717 828 778 contra
841 717 994 778 inimicos

196 815 277 876 fidei
303 813 510 891 supradictos
536 814 587 874 ire
613 807 794 885 voluerint,
821 817 994 891 postquam

196 913 306 990 passis
330 913 489 990 injuriam
514 911 737 973 satisfecerint
759 914 992 987 competenter,

195 1009 415 1072 absolutionis
434 1008 631 1071 beneficium
646 1009 719 1070 vice
742 1010 854 1070 nostra
872 1010 995 1086 impen-

196 1109 275 1169 dere
298 1107 438 1169 valeatis
461 1109 557 1184 juxta
586 1107 726 1168 lormam
751 1107 901 1168 ecclesiae
921 1124 995 1170 con.

195 1208 346 1278 suetam,
381 1205 446 1266 nisi
477 1205 591 1266 lorsan
625 1205 810 1282 aliquorum
837 1209 925 1265 esset
948 1205 993 1266 ita
1138 1263 1143 1270 ,
1227 1179 1262 1238 U¹
1277 1179 1667 1238 ⁰⁹¹¹S¹¹¹¹¹de¹³¹¹¹¹m³⁰¹lf¹¹¹⁸·

195 1303 308 1378 gravis
319 1304 352 1363 et
364 1303 509 1363 enormis
523 1318 690 1373 excessus,
712 1301 796 1378 quod
814 1303 930 1362 merito
947 1319 995 1362 es·
1090 1307 1275 1378 Honorius,
1305 1309 1384 1379 etc,
1410 1306 1656 1368 venerabilibus
1684 1305 1844 1368 iratribus

196 1400 271 1461 sent
283 1401 325 1461 ad
339 1400 454 1461 sedem
466 1400 689 1476 apostolicam
703 1399 901 1462 destinandi.
914 1401 995 1460 Gon·
1050 1403 1216 1465 universis
1251 1405 1399 1481 praelatis
1440 1404 1657 1466 eeclesiarum
1688 1403 1844 1464 Ecclesiae

196 1497 344 1559 cedimus
366 1499 478 1569 etiam,
507 1499 553 1570 ut,
575 1497 690 1574 siqui,
720 1497 924 1573 poenitentia,
941 1498 994 1558 vel
1051 1502 1208 1562 Romanae
1237 1502 1444 1563 censualium
1459 1518 1519 1579 per
1533 1501 1739 1577 Hungariam
1752 1517 1846 1562 oons-

195 1597 273 1657 volo
305 1594 345 1656 ad
369 1595 516 1657 lahorem
546 1595 688 1671 alicujus
714 1594 994 1670 peregrinationis
1049 1597 1168 1670 titulis,
1183 1599 1335 1671 salutem,
1353 1600 1417 1661 etc.

189 1693 359 1774 adstricti,
377 1693 416 1753 ad
439 1707 635 1754 succursum
654 1693 704 1753 ire
726 1691 894 1753 voluerint
913 1693 996 1752 lida-
1091 1695 1346 1758 Universitatem
1361 1698 1506 1758 vestram
1522 1712 1694 1758 monemus
1712 1696 1744 1758 et
1765 1695 1846 1758 lior-

196 1791 280 1851 lium
313 1790 563 1867 praedictorum,
593 1790 687 1850 vobis
717 1789 818 1852 liceat
846 1791 996 1865 peregri·
1049 1794 1160 1853 tamur
1170 1795 1304 1863 attente,
1328 1809 1386 1871 per
1400 1795 1591 1871 Apostolioa
1608 1794 1702 1855 vobis
1722 1794 1845 1869 scripta

196 1889 348 1949 nationes
385 1888 535 1965 ipsorum
565 1888 600 1948 in
628 1887 775 1948 laborem
806 1887 995 1976 liujusmodi
1050 1891 1189 1952 firmiter
1208 1892 1431 1968 praecipiendo
1456 1892 1663 1963 mandantes,
1681 1892 1843 1968 quatenus

196 1987 424 2058 commutare,
460 1983 761 2062 Hierosolymitana
796 1985 993 2061 peregrina-
1050 2003 1185 2048 censum
1201 1988 1358 2050 Ecclesiae
1381 1992 1538 2050 Romanae
1556 1989 1700 2048 debiturn
1725 1988 1844 2049 dilecto

195 2084 291 2144 tione
309 2083 472 2144 duntaxat
493 2083 764 2160 exceptamque
786 2082 913 2144 nullum
935 2083 996 2142 ad·
1050 2085 1118 2146 lilio
1134 2086 1293 2161 magistro
1307 2087 1467 2148 Aoountio
1479 2086 1681 2147 subdiacono
1692 2087 1725 2147 et
1739 2086 1846 2160 capel·

197 2182 348 2243 strictum
383 2183 425 2242 ad
461 2182 553 2242 illam
585 2183 720 2258 propter
753 2182 816 2242 hoc
841 2180 994 2240 volumus
1050 2182 1126 2244 lano
1137 2185 1262 2254 nostro,
1281 2199 1377 2261 quom
1388 2184 1429 2244 ad
1444 2183 1722 2260 hocprovidimus
1737 2183 1843 2244 desti-

195 2279 363 2340 excusari.
378 2281 495 2340 Datam
507 2279 672 2351 Laterani,
687 2277 807 2340 x1lal.
821 2277 992 2350 februarii,
1050 2281 1207 2352 nandum,
1228 2281 1351 2357 singuli
1376 2283 1449 2342 sine
1482 2280 1677 2342 dilllcultate
1701 2280 1847 2356 qualibet

197 2376 409 2454 pontificatus
425 2377 529 2438 nostri
545 2377 754 2438 annotertio.
1050 2379 1258 2454 persolvatis.
1292 2381 1410 2441 Datum
1437 2379 1597 2454 Laterani
1625 2379 1671 2440 IX
1694 2378 1761 2440 kal.
1792 2378 1845 2440 te-

530 2528 658 2615 CVIH
1049 2476 1188 2550 bruarii,
1206 2493 1292 2539 anno
1305 2479 1416 2539 tertio.

236 2653 767 2726 Adproeposttumetccpttulum
779 2654 952 2724 Qutaocc-
1415 2655 1479 2741 CX

485 2753 713 2812 emme&
1109 2792 1160 2850 Ad
1175 2789 1329 2850 abbatem
1344 2788 1378 2850 et
1388 2789 1592 2850 conuentum
1606 2791 1639 2850 S.
1654 2792 1788 2851 Tdomoe

356 2959 362 2971 ι
499 2861 605 2934 sejon.
621 2863 699 2970 llll·
1302 2887 1342 2946 de
1364 2886 1596 2947 Adtrorotlmc.

291 2960 417 3024 [Theium.
434 2960 546 3010 Menum.
558 2960 707 3030 Hunganae,
717 2959 735 3016 l,
749 2959 787 3014 lt.
801 2973 827 3008 u.
839 2959 891 3022 aa]
1347 3009 1381 3065 ²6
1394 3007 1454 3080 jan·
1470 3009 1547 3065 ¹2¹9·

227 3060 264 3116 tlt
273 3067 380 3116 certam
396 3057 526 3131 poounlae
540 3072 683 3114 summam
702 3055 797 3114 eidem
812 3059 960 3130 capellano
1147 3123 1151 3132 Ι

535 3144 657 3204 tradam,
1112 3123 1199 3188 [Liber
1214 3123 1239 3174 S.
1254 3124 1358 3175 Thomas
1373 3123 1404 3174 de
1415 3123 1596 3184 dhirbrotlmo,
1608 3123 1663 3183 roo,
1678 3139 1702 3174 n.
1716 3124 1784 3190 222]

237 3245 415 3316 Honorius,
440 3247 516 3314 etc„
533 3244 662 3307 dilectis
683 3244 799 3306 filiis...
817 3231 994 3322 praeposito
1051 3233 1132 3303 ¹98⁰ss
1152 3245 1216 3332 ‚⁰⁰¹9
1237 3230 1474 3332 0fflsslb1¹³b0¹¹l⁸
1498 3230 1690 3332 Ρῑθῑθὲῗῠᾶθὸ
1714 3233 1844 3305 suscipit,

197 3345 231 3404 ot
243 3343 388 3419 capitulo
398 3343 757 3420 Quinqueecclffiiensi,
770 3342 922 3414 salutem,
931 3344 992 3407 etc·
1085 3321 1245 3393 specialiter
1260 3326 1356 3378 autem
1364 3320 1577 3378 ecclesiassuas
1592 3334 1634 3376 ers
1650 3322 1808 3378 eonllrmat.

228 3439 995 3518 Cumsioutnohisestprocertorelatum,bonae
1091 3438 1270 3509 Honorius,
1301 3439 1376 3510 eto,
1409 3437 1539 3499 dilectis
1568 3437 1647 3499 liliis
1675 3436 1787 3499 abbati
1814 3440 1847 3501 et

197 3539 404 3616 memoriap...
429 3538 792 3616 Quinqueecclesiensis
821 3540 995 3616 episcopus
1051 3536 1228 3598 conventui
1242 3536 1354 3598 Sancti
1369 3536 1503 3597 Thomae
1519 3535 1675 3613 martyris
1688 3535 1729 3598 de
1742 3536 1845 3598 Abir-

196 3636 448 3713 crucasignatus
488 3636 651 3698 dimiserit
691 3637 867 3714 quamdam
905 3653 997 3697 sum·
1050 3633 1198 3706 brothoc,
1223 3633 1364 3696 salutem
1391 3634 1424 3696 et
1446 3633 1662 3710 apostolicam
1687 3633 1846 3696 benedic·

197 3749 285 3794 mam
303 3734 452 3810 pecuniae
470 3749 529 3810 pro
550 3733 698 3795 subsidio
717 3736 829 3795 Terrae
853 3737 993 3806 Sanctae,
1051 3731 1186 3793 tionem.
1928 3810 1930 3818 Ι

197 3846 270 3907 quaa
279 3831 320 3891 ad
334 3831 995 3908 manusvestrasdiciturdevenisse:quia
1092 3829 1310 3891 sacrosancta
1328 3833 1478 3891 Romana
1498 3830 1645 3892 Ecclesia
1663 3829 1799 3892 devotos
1814 3832 1848 3892 et

1302 1063 1443 1126 Hungariae,
1458 1064 1478 1121 l,
1491 1065 1527 1120 le,
1546 1063 1598 1127 30.]

198 3929 429 4006 principaliter
460 3930 598 3992 interest
628 3932 742 3991 nostra
761 3929 868 3991 eidem
896 3931 995 3992 terrm
1050 3927 1195 3988 humiles
1221 3928 1307 3988 illios
1331 3943 1374 3990 eu
1402 3928 1544 3989 assuetae
1573 3928 1705 4004 pietatis
1735 3928 1845 3990 olllcio

196 4026 314 4098 modis,
334 4027 452 4104 quihus
485 4043 670 4104 possumus,
697 4027 885 4103 providere,
910 4028 996 4088 sicut
1051 4026 1248 4103 propensius
1263 4025 1440 4100 diligenter
1459 4025 1632 4087 consuevit
1649 4026 1682 4085 et
1705 4041 1746 4084 ne
1762 4041 1844 4100 pra-

197 4125 364 4187 exercitus
377 4124 579 4186 christianus
590 4124 779 4201 specialiter
791 4126 832 4185 ad
852 4141 912 4185 nos
925 4125 996 4186 ola·
1051 4139 1166 4185 vorum
1193 4123 1364 4183 honrinum
1398 4122 1559 4182 molestiis
1590 4122 1758 4196 agitentur
1787 4138 1844 4183 eos

197 4225 283 4293 inat,
321 4237 503 4299 congruum
540 4222 728 4283 subdidium
769 4223 991 4298 postulando:
1050 4224 1206 4297 tanquam
1223 4219 1276 4295 pia
1292 4221 1398 4279 mater
1412 4233 1481 4279 suae
1498 4219 1713 4293 protectionis
1729 4220 1843 4279 muni-

197 4320 431 4382 discretionem
443 4320 588 4380 vestram
599 4335 770 4380 monemus
787 4320 922 4387 attente,
935 4335 995 4395 per
1050 4318 1138 4378 mine
1151 4317 1339 4378 contovere.
1361 4317 1408 4376 Ea
1427 4319 1571 4392 propter,
1591 4313 1703 4378 dilecti
1725 4316 1761 4376 in
1783 4319 1844 4379 lto-

196 4395 996 4495 Apostolicavobissoriptatirmiterpraecipiendo
1049 4415 1138 4476 mino
1173 4413 1250 4486 lilii,
1282 4413 1403 4476 uostris
1431 4413 1532 4490 justis
1565 4410 1844 4490 postulationibus

196 4515 403 4587 mandantes,
431 4513 595 4591 quatenus
621 4512 797 4590 pecuniam
818 4513 927 4589 ipsam
942 4514 995 4574 di·
1048 4517 1143 4589 grato
1154 4513 1390 4574 concurrentes
1399 4526 1550 4583 assensu,
1563 4527 1723 4588 personas
1733 4514 1766 4574 et
1778 4529 1845 4575 mo·

197 4613 282 4676 lecto
302 4613 370 4674 lilio
393 4611 552 4688 magistro
569 4611 730 4672 Accuntio
758 4611 939 4673 sudiacono
961 4615 993 4673 et
1049 4611 1231 4672 nestorium
1244 4612 1391 4672 vostrum
1406 4625 1481 4670 cum
1496 4609 1649 4671 omnibus
1663 4609 1759 4671 bonis
1770 4627 1842 4687 quae

198 4711 371 4788 capellano
379 4712 503 4782 nostre,
518 4725 615 4788 quem
628 4725 687 4786 pro
703 4709 860 4771 vicesima
873 4711 905 4771 et
915 4709 993 4770 aliis
1048 4710 1083 4770 in
1110 4709 1365 4786 praesentiarum¹
1389 4706 1633 4768 rationabiliter
1665 4707 1842 4783 possidetis

197 4808 411 4886 adpraediotaa
420 4806 994 4884 terraesubsidiumdeputatistrans·
1048 4810 1106 4868 aiut
1123 4807 1157 4866 in
1177 4805 1324 4866 luterum
1342 4805 1443 4881 justis
1463 4805 1568 4866 modis
1584 4807 1766 4882 praestante
1778 4808 1844 4867 Do·

197 4907 358 4969 mittimus
378 4905 588 4982 colligendis,
605 4905 734 4981 integre
754 4905 827 4966 sino
850 4905 994 4965 dildoul-
1049 4905 1138 4965 mino
1156 4903 1309 4980 poteritis
1330 4901 1471 4978 adipisci
1495 4923 1501 4962 :
1521 4901 1581 4964 sub
1604 4902 1693 4965 beati
1709 4903 1798 4965 Petri
1811 4905 1844 4964 et

197 5006 264 5066 late
288 5004 433 5082 qualibet
458 5003 636 5079 assignetis
661 5003 696 5063 in
725 5003 873 5079 ejusdem
895 5005 993 5065 terrae
1049 5002 1162 5063 nostra
1185 5000 1389 5078 protectione
1409 4999 1619 5075 suscipimus.
1646 5000 1843 5076 specialiter

197 5101 381 5164 subsidium
407 5101 647 5162 destinandam.
675 5099 830 5177 Alioquin
853 5115 995 5161 venera·
1048 5102 1159 5161 autem
1189 5097 1230 5160 de
1262 5096 1449 5169 Monllodu,
1477 5097 1517 5158 de
1543 5098 1774 5176 stradeohtyn,
1802 5098 1843 5159 do

196 5200 257 5262 bili
280 5199 376 5263 lratri
405 5203 563 5259 nostro...
600 5198 757 5274 episcopo
795 5197 993 5259 Cenadiensi
1049 5201 1197 5266 Muraus,
1214 5196 1254 5258 de
1277 5196 1424 5266 Kerimo,
1442 5195 1483 5256 de
1511 5196 1696 5274 Kinernyn,
1713 5197 1754 5258 de
1773 5197 1843 5258 Ro-

197 5298 321 5361 nostris
347 5297 465 5358 damus
489 5295 608 5356 litteris
630 5295 665 5356 in
686 5295 863 5366 mandatis,
885 5297 921 5356 ut
935 5311 993 5355 vos
1048 5295 1151 5356 tlmen
1173 5296 1206 5356 et
1226 5293 1266 5354 de
1284 5291 1488 5356 Abirkerdos
1503 5293 1665 5366 ecclesiis,
1687 5309 1761 5354 eum
1782 5309 1843 5354 ca-

197 5396 238 5458 ad
252 5395 285 5456 ld
295 5411 355 5473 per
369 5408 546 5458 censuram
560 5392 833 5464 ecclesiasticam,
851 5392 994 5469 appella·
1049 5393 1156 5470 pellis,
1177 5391 1276 5454 torris
1290 5393 1323 5452 et
1337 5391 1414 5452 aliis
1431 5391 1642 5467 pertinentiis
1659 5390 1740 5462 suis,
1757 5391 1845 5455 sicut

197 5495 288 5557 tione
316 5493 455 5564 remota,
485 5489 671 5568 compellat.
690 5489 807 5552 Datum
836 5490 993 5552 Laterani
1048 5507 1087 5554 aa
1100 5489 1212 5552 omnia
1223 5491 1312 5565 justo
1332 5504 1371 5550 ao
1387 5487 1523 5564 pacifice
1539 5487 1714 5565 possidetis
1728 5510 1735 5548 :
1749 5489 1843 5552 vobis

197 5593 227 5655 X
243 5592 310 5654 kal.
330 5589 500 5662 lebruarli,
515 5605 604 5654 anno
619 5587 728 5651 tortio.
1048 5591 1080 5651 et
1096 5604 1154 5666 per
1167 5605 1225 5650 uos
1241 5587 1379 5666 praelato
1393 5585 1594 5649 monasterio
1609 5587 1718 5649 restro
1734 5589 1844 5651 aucto-

1082 981 1265 1045 [l'ejor,Codex
1275 983 1462 1047 diplomaticus,
1474 983 1543 1043 111,1,
1557 982 1734 1040 277.Theiner,
1748 983 1815 1032 tlon.
1934 1047 1940 1058 β
