4230 6388
343 321 406 384 787

654 486 839 574 ocanni
892 593 897 605 ,

360 635 415 694 Ad
428 605 722 706 archiepiscopum
739 635 991 694 Eborcoeosem
1005 632 1039 694 et
1054 634 1129 704 ejus

615 729 868 806 suffraganeos.

632 852 667 909 29
682 852 762 924 april.
778 853 856 910 liii.
949 875 951 882 ¹

538 965 653 1031 [Rymer,
664 966 720 1018 loco
733 967 821 1026 citato,
832 967 853 1028 l,
865 981 883 1026 r,
895 967 947 1028 ab]

349 1075 445 1134 uenat
460 1081 490 1132 et
502 1073 631 1132 hortatur
645 1075 796 1147 episcopos
815 1073 851 1131 de
866 1089 936 1146 pace
950 1072 1141 1142 reformanda,

291 1187 293 1192 ·
366 1177 477 1222 necnon
493 1163 528 1220 de
541 1161 785 1237 perturbatoribus
801 1163 886 1236 regni
898 1161 1125 1235 compescendis.

387 1289 554 1351 Honorius
562 1288 748 1366 episcopus,
760 1303 876 1349 servus
890 1303 1062 1350 servorum
1071 1288 1141 1359 Dei,

348 1385 595 1448 venerabilibus
617 1384 776 1447 iratribus
792 1385 1043 1462 archiepiscopo
1058 1385 1145 1445 Ebo-

347 1483 491 1556 racensi,
509 1484 542 1545 et
561 1482 784 1559 suffraganeis
806 1485 889 1560 ejus,
907 1483 1058 1555 salutem,
1079 1485 1140 1545 etc.

387 1581 457 1642 Etsi
468 1580 652 1658 appetenda
664 1581 708 1642 sit
718 1595 784 1657 pax
800 1579 984 1642 dulcedinis
1000 1580 1141 1650 ratione,

345 1677 464 1754 inqua
487 1677 631 1740 cultores
654 1679 727 1754 eJ'us
747 1678 895 1740 saraviter
917 1677 1139 1749 delectantur,

346 1789 390 1836 ex
407 1789 447 1835 eo
467 1773 560 1836 tanto
578 1774 770 1850 diligentius
786 1773 882 1836 debet
899 1775 1016 1851 quaeri,
1033 1775 1065 1837 et
1077 1774 1143 1836 lra-

346 1871 417 1932 bita
432 1872 542 1932 carius
562 1871 733 1943 custodiri,
757 1887 832 1948 quo,
850 1871 965 1933 eadem
980 1871 1142 1947 neglecta,

346 1968 514 2030 contraria
529 1967 621 2044 pacis
638 1967 799 2045 obrepens
813 1969 990 2040 discordia,
1006 1985 1072 2029 non
1088 1985 1144 2032 so-

346 2065 417 2126 lum
428 2065 632 2142 corporibus,
650 2065 708 2125 sed
724 2065 824 2126 etiam
837 2061 1012 2126 animabus
1026 2067 1145 2126 amari·

346 2163 480 2224 tudines
496 2161 620 2237 ingerit
634 2169 666 2223 et
683 2161 834 2236 dolores3
853 2163 939 2224 sicut
957 2161 1143 2240 plusquam

348 2259 491 2336 exprimi
505 2257 626 2331 valeat,
644 2274 664 2320 a
679 2257 792 2320 multis
813 2258 1004 2321 multotiens
1020 2259 1069 2322 est
1084 2276 1145 2321 ex-

347 2357 489 2432 partum.

388 2452 482 2514 Unde
504 2469 589 2525 cum,
609 2443 695 2516 sicu't
716 2453 904 2515 audivimus
927 2455 960 2516 et
982 2453 1141 2526 dolemus,

347 2549 461 2626 gravis
474 2565 595 2626 guerra
610 2551 644 2612 in
659 2566 763 2627 regno
775 2550 905 2628 Angliae
920 2551 1060 2628 incipiat
1075 2551 1144 2628 pui-

318 2709 323 2725 ,
346 2643 465 2719 lulare,
483 2663 556 2724 quae
572 2647 639 2708 nisi
656 2648 757 2710 tuerit
773 2663 926 2726 repressa
940 2649 1095 2710 celeriter
1109 2647 1143 2709 in

345 2743 448 2806 totius
467 2745 563 2820 regni
589 2745 711 2822 poterit
734 2761 930 2807 excrescere
956 2746 1142 2807 detrimen-

345 2841 416 2903 tum
427 2863 434 2902 :
445 2857 487 2902 ne
501 2857 577 2904 sero
590 2841 754 2904 medicina
769 2848 914 2920 paretur,
924 2843 951 2902 si
963 2859 1022 2920 per
1032 2858 1142 2904 moras

346 2937 556 3000 convaluerit
581 2939 760 3016 longiores,
791 2939 1033 3002 fraternitatem
1061 2955 1141 3002 ves-

345 3037 432 3098 tram
460 3051 631 3098 monemus
658 3039 691 3098 et
715 3036 889 3098 hortamur
916 3037 1052 3109 attente,
1083 3053 1142 3114 per

347 3134 537 3210 apostolica
568 3133 662 3196 vobis
696 3133 820 3210 scripta
850 3134 991 3195 firmiter
1022 3135 1143 3210 praeci-

345 3231 478 3308 piendo,
503 3231 701 3293 mandantes
722 3231 885 3308 quatenus
907 3231 1041 3306 singuli,
1061 3232 1140 3293 tan-

346 3345 445 3406 quam
461 3329 628 3406 propriam
646 3345 781 3390 eausam
796 3329 944 3404 agentes,
964 3329 1005 3390 ad
1023 3330 1143 3406 praeci-

347 3425 489 3488 dandam
504 3441 702 3502 guerrarum
723 3427 908 3497 materiam,
925 3426 958 3487 et
970 3425 1063 3502 pacis
1080 3425 1143 3489 ioe-

347 3522 428 3584 dera
442 3522 654 3585 reformanda
675 3540 771 3585 omne
788 3523 933 3585 studium
948 3525 981 3584 et
995 3522 1142 3600 diligen-

346 3619 428 3682 tiam
443 3620 654 3697 impendatis.

386 3718 428 3779 nt
443 3733 518 3778 cum
538 3717 648 3779 aliena
673 3717 739 3780 sint
763 3717 992 3794 compescendi
1006 3717 1140 3786 virtute,

346 3813 404 3892 qui
417 3830 477 3877 suo
492 3815 569 3876 sunt
583 3813 665 3876 vitio
680 3814 820 3891 inquieti
833 3813 1020 3876 turbatores
1035 3815 1140 3893 pacis,

345 3909 512 3987 spirituali
527 3911 561 3972 et
578 3909 753 3987 temporali
769 3909 976 3972 districtione
991 3926 1142 3988 compes-

345 4023 423 4069 cere
444 4007 618 4084 studeatis;
635 4008 683 4071 ita
708 4007 805 4084 quod,
823 4007 878 4069 vel
896 4007 1006 4080 inviti,
1027 4007 1140 4070 dedis-

345 4104 424 4166 cant
433 4106 600 4167 communi
611 4105 713 4182 quieti
726 4106 793 4166 tam
805 4105 955 4181 improbe
965 4104 1138 4179 reluctari3

345 4202 378 4264 et
393 4203 533 4280 populus
551 4203 665 4265 sedeat
679 4202 714 4262 in
729 4202 977 4280 pulchritudine
993 4202 1095 4279 pacis,
1109 4201 1141 4263 et

345 4300 460 4375 requie
480 4300 646 4376 opulenta.
667 4300 785 4361 Datum
814 4299 982 4372 Laterani,
1008 4301 1054 4360 ΙΙΙ
1077 4299 1141 4360 ka-

344 4395 460 4456 lendas
469 4397 559 4464 maii,
572 4395 783 4474 pontificatus
794 4395 900 4458 nostri
912 4411 1000 4458 anno
1011 4395 1136 4474 quintu.

655 4643 836 4731 uuualv

418 4787 471 4847 Aa
486 4787 779 4861 arehiepiscopum
799 4785 1065 4849 Bituricenscm.

628 4907 663 4966 29
678 4906 758 4980 april.
777 4907 854 4966 tiit.

377 5021 498 5086 [aegea.
508 5019 555 5071 lib.
565 5021 596 5079 V,
608 5021 682 5086 epist.
693 5020 748 5072 cil.
763 5022 821 5072 tiss.
834 5023 871 5073 Le
883 5021 956 5073 Porta
967 5020 1002 5072 du
1015 5020 1107 5088 Thell]

344 5127 481 5190 Concedit
490 5127 516 5186 ei
531 5133 562 5184 ut
575 5126 610 5184 ad
623 5127 727 5185 nullius
737 5127 930 5200 provisionem
945 5127 1046 5186 litteris
1060 5141 1141 5202 apos·

380 5217 473 5276 tolicis
489 5216 554 5290 cogi
570 5215 669 5289 possit,
688 5215 744 5272 nisi
766 5217 795 5272 in
815 5217 870 5273 illis
888 5216 924 5273 de
942 5215 997 5274 hac
1019 5231 1137 5276 conces·

379 5306 461 5364 sione
477 5304 584 5364 mentio
595 5303 749 5377 peculiaris
760 5301 835 5360 iacta
850 5301 943 5362 luerit.

383 5420 564 5492 Honorius,
592 5419 666 5492 etc,
694 5418 880 5482 venerabili
905 5418 1001 5482 fratri
1027 5420 1140 5484 arohi-

344 5518 500 5595 episcopo
514 5517 728 5580 Bituricensi.

383 5616 581 5693 apostoncae
614 5615 708 5680 Sedis
738 5615 926 5691 benignitas
955 5615 1045 5678 circa
1076 5615 1139 5676 sibi

968 315 1147 380 HONORII'
1167 317 1213 378 ΙΙΙ
1232 316 1380 378 OPERA.

1939 313 2021 374 788

1196 474 1333 538 devotos
1344 489 1418 536 eam
1432 473 1669 538 moderaminis
1683 475 1929 552 providentiam
1947 474 2019 536 ad·

1196 573 1288 636 hibet
1315 573 1362 645 ut,
1385 587 1461 634 cum
1485 587 1542 636 eos
1564 587 1722 634 onerasse
1746 573 1888 646 videtur,
1907 587 2017 636 onus

1197 670 1304 746 ipsum
1320 669 1496 747 opportuni
1510 670 1725 732 relevaminis
1739 671 1848 746 gratia
1862 685 2017 734 reeom-

1197 767 1326 844 pensat.
1350 770 1388 828 ln
1411 767 1720 844 recompensatione
1743 769 1845 845 igitur
1866 771 2012 844 oneris,

1198 863 1284 941 quod
1309 861 1443 925 subiisti
1468 863 1645 925 occasione
1664 865 1869 941 quaestionis,
1894 883 2015 945 quam

1197 977 1272 1022 cum
1285 961 1405 1024 dilecto
1421 959 1490 1022 lilio
1505 960 1655 1024 (luidone
1672 961 1713 1023 de
1728 961 1840 1024 Insula
1856 963 2019 1026 subdia·

1197 1073 1292 1128 cono,
1309 1058 1343 1120 et
1363 1057 1536 1134 capellano
1552 1059 1665 1120 nostro
1685 1073 1785 1134 super
1801 1060 2014 1135 provisione

1197 1155 1303 1231 ipsius
1338 1155 1488 1218 nosceris
1516 1153 1684 1226 habuisse,
1713 1155 1908 1218 auctoritate
1933 1157 2012 1218 tibi

1198 1252 1411 1329 praesentium
1427 1251 1648 1327 indulgemus,
1665 1253 1702 1314 ut
1713 1251 1755 1314 ad
1773 1253 1898 1314 nullius
1913 1269 2013 1330 pro-

1197 1349 1361 1413 visionem
1376 1349 1573 1412 auctoritate
1589 1349 1685 1412 Sedis
1700 1349 1898 1425 apostoncae
1911 1352 2013 1412 tem·

1198 1461 1278 1522 pore
1293 1447 1409 1508 nostro
1431 1446 1505 1522 cogi
1529 1445 1637 1522 possis
1655 1445 1792 1515 invitus,
1812 1445 1950 1520 litteris,
1972 1449 2009 1508 si

1198 1559 1281 1621 quas
1294 1544 1335 1606 ad
1345 1543 1378 1606 te
1389 1559 1449 1620 pro
1460 1543 1603 1620 alicujus
1613 1543 1802 1620 provisione
1812 1544 2009 1620 impetrare

1197 1641 1385 1717 contigerit,
1400 1640 1519 1702 robore
1539 1641 1671 1717 pentius
1687 1641 1853 1714 carituris,
1869 1641 1937 1702 nisi
1956 1643 2007 1702 de

1198 1739 1414 1802 concessione
1428 1738 1583 1815 praesenti
1599 1738 1632 1798 et
1649 1740 1721 1814 ejus
1741 1753 1842 1800 eausa
1858 1738 2005 1815 plenam

1198 1837 1231 1898 et
1256 1851 1449 1914 expressam
1484 1835 1625 1896 iecerint
1655 1835 1868 1896 mentionem.
1898 1836 2002 1896 Nulli

1198 1948 1289 2011 ergo,
1312 1935 1387 2005 etc,
1404 1934 1527 1995 nostrae
1549 1931 1774 1994 concessionis
1793 1931 2000 2008 infringere.

1200 2032 1236 2094 Si
1250 2031 1324 2109 quis
1339 2031 1461 2102 autam,
1475 2032 1537 2093 eto.
1555 2030 1673 2092 Datum
1688 2030 1855 2102 Laterani,
1873 2033 1917 2090 lll
1928 2031 2004 2091 ka-

1198 2129 1314 2194 lendes
1323 2128 1414 2201 maii,
1425 2127 1635 2206 pontificatus
1645 2127 1753 2188 nostri
1763 2141 1851 2188 anno
1860 2127 1997 2204 quinto.

1517 2322 1676 2410 ccclv

1475 2467 1528 2525 Ad
1542 2467 1709 2526 carmulam.

1479 2585 1515 2644 29
1529 2585 1609 2658 april.
1629 2585 1706 2642 irai.

1230 2701 1348 2764 stirpest..
1360 2701 1405 2752 lib.
1416 2700 1447 2758 V,
1461 2700 1536 2764 epist.
1546 2700 1602 2750 alb.
1613 2699 1668 2749 llss.
1679 2701 1715 2751 La
1732 2699 1808 2750 Porte
1818 2699 1853 2750 du
1864 2701 1960 2766 raeti]

1198 2806 1331 2880 indulget
1345 2809 1372 2864 ei
1385 2813 1416 2864 ut
1429 2820 1487 2865 non
1501 2805 1631 2864 obstante
1649 2812 1753 2864 statuto
1765 2807 1883 2866 Concilii
1898 2823 1990 2881 gene-

1232 2897 1299 2953 ralis
1318 2895 1399 2967 plura
1420 2894 1613 2952 ecclesiastica
1633 2893 1772 2953 beneficia
1792 2896 1842 2952 uni
1861 2895 1993 2954 conterre

1231 2985 1330 3058 possit.

1236 3104 1304 3163 Tua
1320 3099 1416 3162 uobis
1437 3099 1628 3162 iratemitas
1645 3099 1846 3177 supplicavit
1864 3102 1902 3163 ut
1914 3117 1992 3162 cnm

1196 3197 1425 3260 ecclesiastica
1447 3196 1609 3258 beneficia
1634 3196 1699 3258 tuae
1728 3197 1881 3259 dioecesis
1906 3198 1992 3260 adeo

1197 3292 1265 3354 sint
1284 3291 1415 3352 modica
1441 3290 1619 3368 exiguique
1637 3289 1774 3363 valoris,
1798 3291 1834 3352 ut
1857 3293 1994 3368 propter

1195 3389 1391 3454 tenuitatem
1405 3388 1553 3465 ipsorum
1567 3387 1658 3448 viros
1676 3388 1799 3464 peritos
1812 3387 1874 3450 tibi
1888 3389 1922 3450 et
1934 3405 1993 3450 ec-

1196 3487 1309 3550 clesiae
1327 3485 1394 3548 tuae
1421 3485 1600 3562 plurimum
1623 3485 1833 3547 necessarios
1854 3484 1902 3546 ibi
1928 3502 1992 3546 ne-

1196 3599 1299 3661 queas
1320 3583 1476 3655 retiuere,
1492 3581 1686 3644 conterendi
1705 3581 1871 3659 aliquibus
1892 3583 1991 3658 plura

1196 3681 1369 3752 beneficia,
1381 3680 1504 3743 statuto
1518 3679 1685 3756 generalis
1700 3679 1840 3741 concilii
1855 3695 1921 3742 non
1935 3680 1995 3742 ob-¹

1196 3779 1315 3850 rtante,
1337 3777 1507 3840 licentiam
1534 3777 1596 3838 tibi
1625 3777 1806 3840 concedere
1834 3777 1992 3852 dignare-

1196 3891 1281 3937 mur.
1309 3877 1378 3937 Nos
1406 3874 1509 3950 igitur
1534 3873 1688 3951 precibus
1714 3874 1780 3936 tuis
1809 3873 1991 3950 benignum

1196 3972 1422 4050 impertientes
1447 3987 1637 4045 assensum,
1663 3971 1858 4048 assignandi
1882 3971 1991 4033 tribus

1194 4070 1278 4132 viris
1303 4069 1444 4142 idoneis,
1467 4069 1500 4132 et
1527 4068 1640 4144 dignis
1663 4069 1854 4146 hujusmodi
1879 4068 1993 4144 gratia

1195 4167 1356 4244 usquead
1371 4165 1596 4242 provisionem
1611 4181 1791 4242 congruam
1807 4165 1903 4242 plura
1924 4166 1991 4227 be-

1196 4263 1327 4337 aeneia,
1349 4279 1416 4325 non
1440 4263 1594 4324 obstante
1613 4262 1737 4325 statuto
1761 4263 1900 4324 Concilii
1917 4277 1991 4324 me-

1196 4361 1316 4424 morati
1339 4359 1399 4422 tibi
1420 4360 1635 4436 praesentium
1655 4360 1853 4422 auctoritate
1878 4361 1986 4422 licen-

1195 4455 1276 4517 tiam
1295 4453 1516 4530 indulgemus.
1543 4453 1636 4516 Nulli
1651 4469 1742 4530 ergo,
1765 4454 1841 4523 etc„
1864 4455 1986 4516 nostrae

1194 4551 1422 4614 concessionis
1436 4550 1630 4626 intringere.
1648 4552 1683 4614 Si
1699 4551 1773 4628 quis
1785 4553 1906 4622 autem,
1922 4551 1983 4612 etc.

1195 4649 1314 4710 Datum
1328 4649 1364 4710 ut
1377 4663 1488 4724 supra.

1501 4825 1680 4914 audivi

1254 4969 1306 5029 Ad
1321 4971 1359 5028 A.
1376 4969 1618 5030 Pictoecnsem
1635 4971 1924 5031 archidiaconum.

1478 5089 1513 5147 29
1526 5090 1607 5164 april.
1625 5091 1702 5148 liii.

1238 5205 1360 5270 [Regest.,
1371 5203 1417 5254 lib.
1431 5203 1458 5263 V,
1470 5219 1511 5268 ep.
1521 5204 1576 5256 too.
1589 5206 1646 5256 bles.
1664 5205 1701 5256 La
1712 5205 1786 5256 Porta
1799 5205 1836 5256 du
1847 5207 1939 5270 rheu]

1213 5310 1393 5370 subditorum
1408 5324 1543 5368 excessus
1557 5311 1720 5384 corrigendi
1735 5311 1853 5385 plenam
1865 5313 1890 5370 ei
1903 5311 1971 5370 iacit

1500 5406 1680 5471 potestatem.

1234 5515 1412 5588 llonorius,
1430 5519 1505 5589 eto,
1522 5517 1643 5580 dilecto
1659 5517 1727 5580 iilio
1746 5521 1783 5580 A.
1798 5518 1998 5588 Pictavensi,

1194 5615 1440 5676 archidiacono.
