4300 6392
297 319 356 380 511

298 479 384 539 cien.
398 475 507 540 ordini
518 475 700 552 spontanea
710 473 916 550 professione
924 473 1090 544 tenentur,

299 577 335 636 in
350 575 529 636 monachos
552 574 655 636 vestri
680 571 875 633 monasterii
897 571 1090 643 admittatis,

300 672 367 733 nisi
394 671 505 734 forsan
527 671 635 746 ipsum
658 670 897 731 monasterium
921 670 958 731 in
982 671 1093 745 poste-

298 783 373 828 rum
394 767 543 845 ejusdem
578 767 704 827 ordinis
728 767 892 843 receperit
918 766 1091 839 instituta;

299 865 384 942 quod
414 865 444 925 si
471 863 576 940 aliqui
589 863 674 925 tales
696 861 743 924 ibi
767 863 940 926 suntforte
954 863 1090 940 recepti,

298 979 355 1024 eos
382 962 423 1022 ad
452 976 512 1022 sua
541 960 742 1022 monasteria
770 962 958 1023 remittatis.
1001 961 1092 1022 Nulli

298 1075 389 1135 ergo,
415 1059 490 1132 etc,
514 1062 637 1120 nostrae
660 1057 869 1121 inhibitionis
897 1059 1091 1134 infringere.

300 1157 336 1216 Si
348 1156 421 1233 quis
431 1157 552 1227 autem,
569 1157 631 1217 etc.
645 1157 764 1216 Datum
784 1155 871 1232 apud
888 1155 1008 1217 Urbem
1023 1158 1092 1216 Ve-

297 1255 414 1326 terem,
437 1251 681 1315 decimotertio
701 1251 860 1316 kalendas
883 1252 1091 1330 septembris,

297 1366 386 1412 anno
401 1351 526 1428 quinto.

612 1491 780 1578 XXVIII

303 1636 351 1696 Ad
363 1637 520 1710 priorem
549 1631 583 1695 ct
596 1635 800 1694 concentum
820 1633 1091 1695 Giuratacensem.

562 1755 595 1814 n
612 1761 726 1828 angust.
744 1755 824 1811 imo.

349 1869 469 1935 [aegest.
481 1869 526 1920 lib.
537 1870 567 1928 V,
577 1870 650 1934 epist.
665 1868 703 1918 le.
714 1869 770 1919 llss.
782 1869 901 1919 LaPorte
913 1867 948 1919 dn
958 1869 1049 1930 Thell]

297 1975 429 2050 indulget
446 1977 489 2033 eis
513 1983 544 2033 ut
558 1975 622 2047 ipsi,
640 1989 693 2031 nec
712 1975 838 2048 ipsorum
853 1973 964 2044 fratres,
981 1975 1009 2032 fn
1023 1989 1092 2032 cau·

333 2077 395 2120 sam
411 2077 462 2134 per
484 2063 593 2119 litteras
613 2061 791 2134 apostolicas
805 2060 880 2118 trebi
896 2063 1016 2133 possint,
1039 2063 1094 2118 nisi

333 2153 363 2208 in
389 2150 488 2208 litteris
517 2148 707 2219 istiusmodi,
736 2163 834 2206 eornm
856 2149 964 2206 ordinis
987 2151 1095 2206 mantio

334 2253 469 2312 expresse
483 2236 557 2296 facta
573 2235 664 2294 fuerit.

338 2347 518 2419 Honorius,
546 2347 622 2418 etc,
656 2345 786 2408 dilectis
819 2345 897 2406 liliis
930 2345 1096 2422 priori.et

301 2445 477 2507 conventui
493 2443 683 2504 Cluniacen.

338 2544 455 2603 Vestra
470 2539 565 2601 nobis
578 2539 734 2602 discretio
746 2539 956 2618 supplicavit,
969 2541 1005 2602 ut
1019 2557 1093 2602 cum

299 2637 451 2700 nonnulli
476 2653 547 2710 vos,
573 2638 607 2698 et
625 2635 744 2698 fratres
769 2638 899 2698 vestros
917 2638 953 2697 in
972 2637 1093 2699 vestris

299 2735 450 2798 ecclesiis
468 2733 685 2795 consistentes
716 2733 908 2810 frequenter
929 2732 1094 2794 malitiose

299 2832 440 2908 fatigent
454 2847 514 2907 per
536 2830 664 2892 litteras
691 2829 881 2906 generales,
911 2845 1011 2907 super
1031 2830 1095 2892 boc

299 2927 524 3005 Apostolicum
549 2926 706 2988 adbibere
732 2927 915 2988 remedium
937 2927 1094 3003 dignare-

299 3041 375 3086 mur
394 3047 402 3085 :
423 3041 484 3086 nos
508 3024 611 3100 igitur
638 3023 786 3085 volentes
814 3039 929 3084 eornm
958 3024 1094 3086 obviare

297 3122 446 3193 malitiae,
463 3137 502 3182 ac
517 3122 636 3183 vestrae
656 3120 831 3198 providere
852 3121 967 3199 quieti,
984 3123 1094 3183 aucto

298 3221 397 3282 ritate
410 3219 503 3281 vohis
518 3219 731 3296 praesentium
746 3219 966 3294 indulgemus,
977 3220 1012 3281 ut
1022 3235 1091 3291 vos,

298 3317 353 3380 vel
368 3317 428 3379 alii
448 3316 569 3379 fratres
592 3317 706 3389 vestri,
720 3315 809 3377 trabi
822 3331 889 3377 non
909 3317 1043 3392 possitis
1059 3317 1094 3377 in

298 3430 434 3476 causam
453 3429 511 3490 per
526 3413 654 3475 litteras
668 3413 874 3490 apostolicas
883 3413 1009 3474 ordinis
1024 3429 1095 3476 ves-

296 3513 341 3574 tri
362 3511 528 3572 mentione
550 3527 615 3571 non
642 3510 754 3572 hahita
784 3510 824 3571 de
846 3511 968 3572 caetero
988 3511 1095 3588 impe-

297 3607 857 3683 trandas.Nulliergo,etc.,nostrae
868 3609 1094 3669 concessionis

297 3705 491 3780 infringere.
510 3705 544 3765 Si
558 3705 631 3781 quis
648 3705 771 3776 autem,
786 3705 848 3766 etc.
871 3706 988 3766 Datum
1007 3705 1093 3782 apud

299 3799 420 3862 Urbem
436 3801 600 3874 Veterem,
618 3802 679 3862 Xll
702 3799 862 3862 kalendas
885 3801 1091 3877 septembris,

297 3897 524 3975 annoquinto

631 4030 757 4118 XXIX

323 4167 375 4227 Ad
388 4167 596 4238 conradum,
611 4165 842 4228 Poriuensent
858 4169 1063 4240 episcopum,

555 4267 594 4323 A.
609 4267 643 4324 S.
667 4263 829 4339 repetam.

561 4375 593 4432 tl
611 4382 724 4447 august.
746 4375 825 4434 1220.

232 4549 236 4558 ,
327 4483 461 4548 [Uonqnet
469 4482 572 4534 Recnoil
582 4482 625 4532 des
634 4484 699 4532 Hist.
708 4485 775 4542 XlX,
787 4485 847 4544 7053
855 4484 964 4548 begeat,
976 4484 1020 4534 lib.
1028 4485 1060 4548 V,

629 4563 705 4626 epist.
720 4561 773 4626 te]

295 4651 411 4710 Mandat
434 4658 465 4708 ut
480 4665 566 4724 super
585 4649 744 4708 malefactis
758 4651 870 4708 comitis
889 4652 1023 4709 Tolosani
1039 4653 1089 4712 nd·

329 4753 430 4796 versus
441 4741 607 4812 episcopum
618 4740 805 4797 bitterensem
814 4747 843 4796 et
857 4741 1009 4797 ecclesiam
1025 4741 1088 4816 eius

330 4827 543 4899 inquisitionem
558 4826 643 4884 faciat
659 4834 688 4884 et
698 4828 869 4886 senentiam
884 4829 994 4888 reddat.

334 4935 501 4996 Honorius
512 4935 822 5012 episcopusservus
835 4951 1007 5000 servorum
1018 4940 1089 5012 Dei,

294 5031 479 5094 venerabili
506 5031 603 5093 fratri
618 5033 773 5110 episcopo
788 5035 976 5106 Parmensi,
998 5039 1036 5096 Α.
1055 5039 1088 5098 S.

294 5130 415 5206 legato,
432 5129 622 5191 salutemet
638 5131 855 5208 apostolicam
885 5132 1091 5196 benedictio-

194 5259 202 5268 ·
295 5243 384 5288 ilem.

313 5327 350 5386 ln
366 5326 480 5386 nostra
501 5325 700 5388 constitutus
716 5327 894 5403 praesentia
909 5329 1089 5390 venerabi-

292 5421 335 5482 lis
349 5422 453 5485 frater
467 5423 591 5495 noster,
606 5424 808 5486 biterrensis
829 5425 1005 5502 episcopus
1028 5425 1087 5505 (1),

293 5518 389 5582 nobis
418 5520 572 5597 exposuit
593 5521 837 5598 conquerendo,
855 5521 942 5599 quod
968 5523 1089 5584 nobilis

327 5623 369 5695 (l)
390 5623 551 5682 Bernardns
563 5623 599 5706 de
612 5624 764 5683 Contineo.

913 313 1088 375 HONORII
1111 313 1155 372 111
1177 315 1324 375 OPERA.

1886 317 1945 378 512

1147 473 1200 534 vir
1223 471 1441 552 A(malrious)
1471 488 1581 534 comes
1606 473 1791 536 Tolosanus
1818 477 1851 538 et
1872 477 1943 549 sui,

1148 571 1332 633 munitione
1344 571 1385 632 de
1400 571 1575 643 casiliaco
1593 587 1691 648 quam
1706 572 1837 647 magnis
1857 573 1943 634 aedi-

1148 668 1306 730 ficaverat
1320 667 1516 745 sumptibus,
1531 684 1590 744 pro
1602 683 1663 730 sua
1677 668 1849 729 voluntate
1863 669 1945 732 des-

1147 767 1267 836 tructa,
1297 766 1456 843 qtrasdam
1485 765 1599 826 domos
1623 767 1695 842 ejus
1717 765 1800 827 sitas
1821 765 1945 830 ibidem

1147 863 1301 926 incendio
1325 863 1551 932 devastarunt,
1578 861 1778 924 abducentes
1793 863 1870 924 inde
1885 880 1946 924 sua

1147 962 1181 1021 et
1195 961 1512 1021 suorumbominum
1535 959 1705 1031 animalia,
1731 961 1765 1021 et
1790 974 1843 1021 res
1857 960 1942 1022 alias

1148 1059 1366 1134 asportantes.
1394 1059 1500 1130 Quium
1526 1059 1635 1120 autem
1663 1056 1827 1134 quondam
1849 1059 1945 1120 vice-

1148 1167 1257 1213 comes
1285 1152 1485 1214 Biterrensis
1509 1151 1564 1228 pia
1597 1151 1837 1214 deliberatione
1865 1168 1947 1213 con-

1148 1249 1297 1320 cesserit,
1325 1251 1371 1322 ut,
1400 1248 1542 1312 ecclesia
1574 1249 1613 1310 de
1644 1248 1751 1310 feudis
1780 1249 1822 1310 ad
1849 1267 1945 1310 suurn

1148 1345 1413 1423 vicecom'wum
1451 1346 1701 1423 spectantibus,
1738 1359 1945 1424 quocumque

1144 1444 1235 1520 justo
1264 1445 1361 1506 titulo
1396 1445 1468 1520 ipso
1494 1443 1701 1520 irrequisito,
1734 1445 1846 1520 posset
1881 1459 1944 1505 ac-

1148 1541 1292 1618 quirere.
1320 1541 1465 1602 ididem
1493 1555 1603 1602 comes
1630 1555 1696 1601 non
1720 1541 1855 1617 patitur,
1884 1557 1945 1604 nec

1149 1638 1326 1716 quidquam
1341 1637 1448 1700 eidem
1470 1637 1588 1700 donari
1605 1638 1765 1714 permittit
1779 1638 1942 1708 ecclesiae,

1149 1736 1206 1797 aut
1229 1735 1338 1807 vendi,
1356 1735 1408 1797 vel
1436 1737 1471 1796 in
1496 1736 1694 1797 testamento
1719 1733 1883 1812 relinqui;
1907 1739 1941 1796 et

1149 1833 1380 1895 cumcustodia
1390 1832 1532 1894 clavium
1542 1832 1759 1910 quarumdam
1772 1835 1941 1909 portarum

1149 1931 1295 1992 civitatis
1313 1930 1477 2006 pertineat
1498 1929 1539 1990 ad
1555 1929 1717 2002 eumdem,
1744 1945 1854 1990 comes
1873 1930 1945 2006 ipse

1150 2043 1250 2104 super
1263 2027 1325 2088 boc
1339 2027 1452 2103 gravis
1467 2027 1517 2088 est
1533 2026 1564 2087 ei
1580 2025 1758 2103 plurimum
1774 2028 1807 2088 et
1819 2027 1945 2088 moles-

1148 2127 1213 2192 tus,
1235 2125 1453 2202 approprians
1473 2123 1537 2185 sibi
1556 2122 1702 2195 feudum,
1724 2123 1809 2201 quod
1825 2123 1945 2184 nobilis

1149 2223 1201 2282 vir
1216 2219 1396 2299 R(ogerus)
1412 2221 1452 2284 de
1466 2221 1582 2282 Bitteri
1599 2220 1732 2282 tenebat
1747 2219 1788 2282 ab
1801 2220 1943 2283 ecclesia

1151 2319 1353 2396 supradicta.

1189 2417 1356 2478 Praeterea
1371 2432 1470 2494 super
1485 2416 1626 2494 quedam
1641 2431 1777 2478 nemore
1791 2417 1849 2478 aut
1861 2417 1940 2495 qui-

1149 2512 1287 2574 busdam
1302 2512 1468 2590 lapidibus
1485 2529 1586 2590 grave
1610 2512 1765 2574 damnum
1789 2514 1943 2574 ecclesiae

1149 2611 1310 2686 irrogavit
1324 2611 1443 2683 eidem,
1460 2613 1494 2672 et
1520 2626 1621 2687 super
1636 2613 1712 2688 jure
1728 2611 1813 2688 qnod
1828 2611 1945 2672 eadem

1149 2707 1399 2769 lrabetecclesia
1418 2709 1452 2768 in
1468 2707 1619 2785 pedagi0,
1637 2706 1720 2780 foro,
1736 2708 1833 2769 lenda
1848 2710 1945 2784 etjn-

1149 2805 1255 2878 deice,
1285 2807 1319 2867 et
1346 2821 1446 2882 snper
1469 2805 1702 2882 jurisdictione
1739 2805 1943 2878 iudaeorum,

1148 2901 1238 2962 villis
1261 2901 1303 2965 de
1328 2901 1501 2964 Vircleriis
1525 2902 1558 2963 et
1581 2903 1736 2974 Badonis,
1763 2903 1880 2963 castris
1904 2901 1945 2962 de

1149 3000 1321 3072 Cerviano,
1338 2999 1468 3061 casulis
1481 3001 1513 3062 et
1526 3001 1717 3076 Remejano‚
1735 2998 1854 3070 fendis,
1872 3017 1945 3076 pos-

1149 3095 1353 3158 sessionibus
1368 3097 1408 3157 de
1424 3096 1593 3168 Divisano,
1606 3098 1638 3158 et
1649 3096 1753 3158 Podio
1768 3099 1942 3168 Franceto‚

1149 3193 1183 3254 et
1200 3191 1332 3265 debitis,
1349 3192 1530 3270 injuriatur
1548 3193 1667 3266 eidem,
1690 3192 1836 3254 indebite
1850 3210 1945 3254 com-

1149 3289 1300 3366 pellendo
1315 3305 1427 3350 coram
1442 3304 1478 3352 se
1493 3290 1643 3351 homines
1669 3289 1867 3352 Biterrensis
1883 3306 1943 3351 ee-

1149 3387 1259 3447 clesiae
1285 3386 1433 3464 litigare,
1458 3403 1497 3449 ac
1524 3388 1687 3462 exigendo
1727 3389 1794 3450 tam
1822 3387 1862 3449 ab
1891 3387 1945 3448 his

1149 3501 1247 3561 quam
1268 3499 1288 3544 a
1310 3484 1442 3544 clericis
1471 3484 1539 3544 suis
1562 3483 1695 3556 tallias,
1728 3485 1883 3546 collectas
1912 3486 1946 3545 et

1149 3583 1340 3642 exactiones
1351 3581 1526 3653 indebitas,
1544 3582 1580 3643 nt
1607 3597 1665 3644 eos
1690 3597 1791 3659 super
1805 3599 1944 3659 posses-

1150 3678 1299 3740 sionibus
1312 3678 1345 3740 et
1358 3678 1457 3740 rebus
1476 3679 1553 3740 aliis
1573 3678 1791 3741 molestando.
1806 3679 1854 3740 Ad
1869 3679 1942 3740 baec

1148 3774 1306 3852 praefatus
1319 3791 1428 3837 comes
1445 3776 1481 3837 in
1505 3775 1687 3837 Biterrensi
1711 3775 1845 3838 civitate
1859 3793 1947 3853 prae·

1148 3887 1248 3934 conas
1257 3873 1411 3945 instituit,
1423 3873 1568 3934 bannum
1581 3874 1715 3949 penitet
1722 3874 1861 3944 relaxat,
1871 3874 1945 3950 ipso

1149 3971 1279 4046 penitus
1305 3969 1510 4044 inconsulte,
1538 3985 1611 4032 oum
1639 3972 1702 4032 hoc
1728 3972 1946 4032 communiter

1148 4069 1313 4145 pertineat
1328 4067 1369 4128 ad
1390 4068 1586 4145 utrumqn03
1604 4068 1637 4129 et
1648 4083 1690 4128 ne
1702 4067 1835 4128 bladum
1852 4071 1945 4146 ejns-

1148 4165 1220 4227 dem
1237 4165 1384 4242 episcopi
1406 4166 1439 4226 et
1464 4164 1661 4226 clericorum
1690 4180 1826 4226 suorum
1848 4166 1944 4226 extra

1147 4278 1242 4323 suam
1265 4261 1434 4324 deferatur
1466 4261 1654 4334 dioecesim,
1686 4278 1752 4322 non
1780 4263 1943 4323 rationem

1147 4375 1299 4437 sequens,
1311 4359 1368 4420 sed
1380 4359 1521 4430 libitum,
1534 4357 1712 4430 interdicit,
1726 4359 1758 4420 ot
1769 4359 1943 4435 quemdam

1147 4459 1218 4533 ejus
1232 4455 1406 4526 vicarium,
1430 4454 1564 4531 injuriis
1579 4453 1686 4531 primo
1699 4456 1731 4516 et
1745 4455 1941 4516 verberibus

1147 4553 1355 4624 lacessitum,
1388 4551 1516 4613 carceri
1553 4551 1766 4629 mancipavit.
1805 4555 1945 4629 Insuper

1146 4649 1253 4710 dictus
1267 4665 1377 4710 comes
1388 4651 1422 4711 et
1435 4649 1499 4720 sui,
1516 4664 1555 4709 ac
1570 4648 1702 4727 quidam
1716 4649 1774 4710 alii
1791 4649 1860 4710 suis
1876 4664 1940 4710 no-

1147 4746 1290 4807 minibus
1303 4747 1520 4824 exprimendi,
1535 4762 1635 4824 snper
1649 4747 1748 4808 biset
1765 4746 1842 4808 aliis
1853 4747 1944 4823 epis-

1147 4859 1264 4920 copum
1279 4844 1387 4919 ipsum
1397 4846 1431 4905 et
1444 4843 1619 4904 ecelesiam
1632 4859 1726 4905 suam
1742 4843 1941 4920 multiplici-

1145 4939 1207 5001 bus
1223 4939 1407 5003 moliuntur
1431 4939 1592 5001 molestiis
1609 4938 1760 5016 fatigare.
1778 4941 1941 5012 Quocirca

1146 5033 1347 5098 fraternitati
1359 5039 1424 5098 tuae
1437 5053 1497 5113 per
1510 5036 1699 5112 Apostolica
1714 5037 1837 5114 scripta
1852 5053 1943 5097 man·

1145 5134 1272 5204 damus,
1291 5135 1464 5210 quatenus,
1482 5133 1632 5210 partibus
1642 5135 1842 5204 convocatis,
1854 5133 1940 5210 quod

1141 5230 1384 5309 justumfuerit,
1393 5230 1616 5307 appellatione
1624 5230 1939 5302 remotadecernas,

1144 5327 1271 5390 faciens
1285 5327 1371 5406 quod
1393 5327 1592 5401 decreveris,
1608 5328 1696 5389 etc...
1719 5329 1837 5392 Datum
1852 5327 1939 5403 apud

1146 5425 1267 5487 Urbem
1281 5425 1445 5496 Veterem,
1470 5425 1532 5486 llll
1554 5423 1716 5486 kalendas
1731 5423 1938 5502 septembris,

1144 5523 1355 5600 pontificatus
1364 5522 1469 5584 nostri
1481 5537 1568 5583 anno
1583 5522 1709 5598 quinto.
