4280 6404
166 339 228 403 sta
789 331 1019 394 emarcum.
1042 331 1124 396 aru..
1145 331 1198 392 vv.
1755 337 1817 399 350

166 499 202 562 et
228 495 382 573 topazion
406 509 520 558 amare
547 490 729 556 debuerant
757 491 963 569 respuentes,
1019 490 1084 560 tur,
1103 491 1148 551 slt
1166 488 1362 564 jamdudum
1387 489 1538 550 Parisius
1555 490 1740 569 deputatus,
1757 495 1815 558 ubi

168 593 293 658 abeunt
303 592 523 670 postvestigia
533 606 671 668 gregum
679 591 712 652 et
719 589 965 653 illiciteaaccn-
983 608 986 675 ς
1017 585 1120 648 turris
1136 585 1240 648 David
1254 602 1329 647 cum
1348 585 1417 647 suis
1437 590 1695 666 propugnaculis
1710 607 1813 653 cons-

168 692 305 754 vsrtunt
328 690 372 751 ad
401 689 600 766 pedisequas
622 686 868 763 amplectendas
891 677 986 762 quaa?
1017 683 1093 744 titul
1114 683 1297 756 consuevit,
1318 687 1364 744 'ex
1385 700 1450 760 qua
1465 700 1531 746 non
1551 686 1659 748 solum
1685 687 1813 765 capena

170 789 324 866 plausum
338 786 531 852 desiderant
545 785 757 862 populorum
775 785 890 844 contra
901 783 966 842 hu·
1018 779 1097 842 dent
1123 781 1215 841 mille
1238 781 1355 858 clypei,
1385 781 1441 841 sed
1471 783 1577 844 omnis
1605 784 1676 845 iere
1704 801 1816 848 arma-

165 884 313 962 jusmodi
327 884 583 962 praesumptores
598 883 758 944 exeuntes
769 879 810 942 ad
825 877 965 942 audien·
1018 877 1093 937 tura
1104 877 1250 949 tortium,
1260 877 1337 940 dum
1345 877 1700 943 indesinenterexinde
1712 881 1815 945 fortes

169 982 248 1043 dum
272 982 363 1058 leges
386 980 439 1042 vel
460 979 632 1056 physicam
662 978 768 1039 felicis
796 975 964 1038 memoriae
1017 988 1061 1034 ex
1071 973 1272 1045 fortissimis,
1290 974 1454 1051 prodeunt
1472 977 1624 1038 tenentes
1637 978 1767 1054 gladios
1782 983 1817 1043 et

173 1083 213 1140 Α.
229 1078 455 1155 praedecessor
466 1077 580 1138 noster
594 1076 673 1136 olim
697 1073 814 1136 statuit
835 1074 962 1134 incon·
1018 1069 1059 1130 ad
1085 1069 1172 1132 bella
1191 1071 1388 1140 doctissimi,
1415 1073 1501 1148 quvod
1521 1073 1672 1136 ambiunt
1687 1092 1816 1154 peror—
1902 1141 1908 1157 x

171 1176 251 1238 cilio
262 1175 459 1246 turonensi,
475 1175 522 1246 ut,
536 1171 602 1233 nisi
616 1171 854 1234 iniraduorum
871 1185 966 1231 men·
1018 1166 1092 1228 bem
1116 1167 1261 1244 undique
1283 1167 1442 1230 lectulum
1458 1169 1656 1233 Salomonis.
1674 1175 1814 1246 Quidam

176 1274 262 1334 sium
276 1272 419 1349 spatium
439 1271 480 1332 ad
496 1271 680 1332 claustrum
699 1269 860 1330 redierint
880 1267 966 1328 sicut
1019 1266 1088 1325 suis
1103 1265 1228 1326 divitiis
1244 1265 1431 1328 invidentes
1453 1267 1564 1329 dicere
1583 1269 1739 1332 videntur
1752 1289 1815 1350 pa-

172 1368 449 1432 exccmmunicati
463 1367 504 1428 ab
518 1365 669 1432 omnibus
690 1365 867 1433 evitentur,
883 1364 916 1425 et
930 1364 965 1424 in
1018 1361 1062 1422 tri
1085 1361 1163 1439 quid
1195 1377 1348 1438 generas,
1371 1365 1405 1425 et
1426 1366 1526 1426 matri
1554 1365 1632 1443 quid
1655 1370 1813 1445 parturis,

171 1467 264 1530 nulla
277 1466 427 1538 caucasi
437 1464 657 1542 patrocinium
673 1462 833 1540 praestare
845 1459 965 1524 volue—
1018 1457 1096 1519 dum
1110 1474 1207 1520 secus
1221 1459 1328 1522 altare
1342 1461 1495 1539 plantare
1520 1462 1632 1523 lucum
1652 1465 1685 1526 et
1706 1467 1815 1527 ancil·

171 1565 251 1636 rint,
262 1562 452 1624 audiantur.
465 1561 603 1624 Reversi
616 1561 726 1622 autem
741 1559 776 1619 in
791 1559 904 1627 choro,
914 1573 967 1618 ca·
1019 1555 1085 1615 lam
1101 1555 1265 1617 haeredem
1286 1573 1355 1619 suae
1371 1557 1513 1620 dominae
1528 1560 1675 1636 gestiunt
1696 1561 1817 1625 subro-

171 1661 289 1738 pitulo,
298 1671 425 1731 mensa,
433 1661 467 1721 et
474 1659 605 1720 caeteris
614 1657 721 1720 ultimi
730 1656 871 1718 fratrum
880 1653 966 1716 axis·
1018 1666 1110 1727 gare,
1127 1668 1316 1730 quanquam
1335 1655 1469 1717 ancillas
1486 1656 1574 1717 illius
1589 1673 1663 1719 cum
1683 1659 1752 1722 illic
1767 1659 1814 1721 li-

169 1760 255 1830 tant,
282 1759 316 1819 et
345 1757 411 1818 nisi
445 1755 529 1818 torte
553 1771 596 1816 ex
619 1753 848 1816 misericordia
871 1752 965 1813 Sedis
1019 1746 1107 1810 herae
1118 1763 1186 1810 non
1199 1749 1439 1813 debeathaeres
1454 1768 1539 1815 esse.
1562 1755 1707 1818 comunt
1726 1759 1816 1822 enim

171 1855 371 1933 Apostolicae
392 1854 494 1916 totius
516 1869 607 1931 spem
623 1849 840 1929 promotionis
862 1849 965 1911 amit·
1018 1845 1099 1906 illuc
1114 1847 1248 1923 quidam
1260 1845 1401 1925 improbi
1417 1865 1491 1910 cum
1506 1851 1738 1915 traditionibus
1749 1871 1816 1916 sae·

173 1953 256 2016 tant.
271 1955 393 2014 Verum
413 1953 491 2028 quia
506 1948 659 2012 nonnulli
674 1948 850 2010 extalibus
863 1963 966 2023 prop·
1020 1941 1183 2004 cularium
1204 1945 1392 2022 principum
1421 1947 1517 2024 quast
1544 1948 1733 2013 patefacere
1767 1951 1815 2014 ibt

173 2053 224 2112 ter
244 2049 460 2128 quorumdam
481 2049 656 2124 opiniones
676 2046 837 2117 diversas,
859 2060 966 2106 excu—
1019 2039 1268 2102 velimutrum
1283 2041 1460 2104 terrarium
1475 2045 1650 2106 acuentem
1667 2047 1815 2123 gladium

172 2147 357 2208 sationibus
368 2145 501 2224 aliquod
513 2144 735 2215 assumebant,
748 2155 808 2203 nos
818 2139 966 2203 volentes
1019 2137 1248 2209 pallanteum,
1261 2140 1477 2201 vomerumtt
1496 2139 1662 2218 ligonemt
1685 2145 1719 2206 et
1739 2161 1816 2207 oum

173 2245 210 2306 ut
224 2245 308 2306 talos
321 2244 361 2304 da
374 2245 495 2305 caetero
509 2243 582 2319 ipso
595 2240 682 2303 lacto
697 2239 893 2302 sententiam
906 2253 968 2299 ex·
1019 2231 1054 2294 in
1070 2233 1152 2295 lvcis
1172 2234 1324 2312 plurimis
1345 2235 1457 2313 plures
1481 2237 1626 2300 babeant
1637 2241 1691 2301 sui
1712 2241 1814 2304 studii

172 2339 482 2402 communicationis
504 2337 688 2408 incurrant,
709 2335 858 2397 districte
880 2351 968 2411 prae·
1020 2329 1235 2407 professores,
1259 2332 1345 2394 ultro
1368 2334 1525 2410 ingerunt
1545 2335 1688 2398 illiorum
1710 2339 1816 2400 oculis

174 2433 828 2514 cipiendomandamus,quatenustama
844 2431 968 2492 dioeca-
1020 2441 1146 2489 marces
1162 2445 1239 2490 suas
1263 2431 1298 2491 ut
1318 2430 1468 2508 ipsarum
1492 2430 1596 2495 illecti
1613 2434 1761 2511 phaleris
1784 2439 1817 2500 et

176 2534 270 2596 sanis
291 2535 325 2595 et
349 2531 504 2609 capitulis
526 2532 685 2608 ipsorum,
705 2545 803 2606 quam
826 2529 927 2590 etiam
947 2544 966 2589 a
1020 2524 1194 2586 dulcedine
1207 2528 1387 2604 provocati,
1401 2543 1421 2588 a
1436 2529 1552 2595 matris
1567 2531 1816 2606 pulchritudino

173 2631 306 2692 caeteris
319 2629 484 2706 episcopis
498 2629 533 2689 in
550 2643 690 2704 quorum
709 2624 908 2687 dioecesibus
931 2625 967 2684 in
1021 2637 1060 2682 ac
1073 2621 1197 2698 sapidis
1215 2623 1381 2695 uberibus,
1403 2624 1651 2700 abstrahantur,
1673 2645 1740 2691 non
1763 2634 1817 2694 at-

174 2727 366 2804 bujusmodi
387 2725 521 2788 student
540 2725 637 2797 tales,
659 2723 789 2784 sublato
814 2722 966 2798 appella·
1019 2718 1291 2797 tendentesquod
1307 2722 1559 2798 coangustatum
1574 2725 1709 2787 estillic
1727 2729 1817 2790 stra-

174 2824 275 2886 tionis
289 2823 471 2895 obstaculo,
487 2819 810 2884 excommunicatiet
825 2819 967 2896 praedic·
1020 2816 1101 2886 tum,
1127 2817 1160 2878 et
1183 2814 1254 2877 lere
1276 2819 1389 2879 arctus
1411 2818 1455 2881 sit
1479 2819 1572 2881 locus
1591 2821 1714 2883 ibidem
1737 2823 1817 2886 illiis

173 2921 217 2983 tis
233 2921 339 2997 poenis
353 2919 489 2981 obnoxii
504 2919 636 2995 publice
655 2918 860 2978 nuntientur.
884 2915 967 2988 Quia
1020 2913 1268 2988 prophetarum.
1282 2917 1368 2976 Sane
1383 2916 1462 2978 licet
1477 2921 1591 2979 sancta
1605 2920 1752 2982 Ecclesia
1764 2921 1816 2982 le-

174 3033 235 3078 nos
257 3017 434 3093 theologias
456 3017 607 3093 cupimus
633 3014 777 3077 studium
801 3013 967 3090 ampliari,
1021 3025 1099 3085 gum
1118 3011 1330 3072 saecularvum
1355 3028 1422 3074 non
1444 3017 1580 3091 respuat
1605 3015 1813 3092 famulatum,

174 3117 211 3176 ut
231 3115 369 3176 dilatato
390 3113 523 3175 tentorii
539 3111 590 3173 sui
607 3113 693 3180 loco,
710 3110 875 3172 funiculos
890 3123 968 3202 suos
1022 3121 1095 3186 qum
1108 3123 1198 3170 sanae
1214 3109 1369 3186 equitatis
1385 3110 1418 3172 at
1428 3111 1567 3188 justitiae
1583 3115 1724 3192 vestigia
1738 3115 1818 3178 imi-

174 3211 278 3272 iaciat
293 3211 472 3286 longiores,
493 3216 526 3271 et
545 3209 589 3271 sit
607 3209 688 3270 tides
710 3207 875 3270 catholica
896 3208 967 3268 cir·
1020 3204 1135 3267 tantur
1150 3227 1158 3266 :
1175 3206 1258 3279 Quia
1269 3206 1431 3269 tamenin
1444 3211 1586 3271 Francia
1601 3213 1634 3273 et
1648 3213 1819 3275 nonnullis

177 3310 362 3370 cumcincta
382 3323 477 3369 muro
492 3305 744 3383 inexpugnabili
757 3304 967 3377 bellatorum,
1023 3303 1215 3378 provinciis,
1243 3303 1322 3364 laici
1333 3305 1558 3368 Romanorum
1580 3308 1818 3386 imperatorum

176 3405 299 3484 quibus
329 3405 485 3467 resistere
518 3402 629 3466 valeat
654 3401 908 3465 ascendentibus
927 3417 970 3463 ex
1022 3398 1150 3475 legibus
1166 3416 1232 3461 non
1246 3401 1384 3464 utuntur
1403 3401 1435 3464 et
1458 3407 1638 3468 occurrunt
1657 3421 1735 3469 raro
1757 3424 1817 3470 ec-

175 3503 328 3576 advers0,
345 3504 379 3565 et
390 3501 654 3572 archidiaconos,
669 3500 822 3571 decanos,
840 3514 971 3576 praepo-
1023 3496 1219 3558 clesiasticae
1245 3514 1355 3560 causae
1377 3500 1474 3572 tales,
1501 3518 1574 3580 quae
1602 3517 1668 3564 non
1690 3505 1820 3582 possint

176 3600 269 3668 sitos,
293 3599 463 3677 plebanos,
487 3599 652 3670 cantores,
676 3599 709 3658 et
725 3597 809 3658 alios
829 3595 969 3658 clericos
1023 3594 1154 3656 statutis
1163 3595 1334 3657 canonicis
1344 3597 1507 3673 expediri,
1520 3600 1556 3662 nt
1569 3600 1700 3676 plenius
1713 3617 1818 3665 sacrae

175 3697 372 3773 personatus
384 3695 557 3768 habentes,
570 3696 745 3756 necnonet
759 3694 970 3771 presbyteros
1023 3691 1153 3767 paginae
1173 3692 1348 3755 insistatur
1367 3695 1401 3756 et
1424 3695 1581 3774 discipuli
1598 3699 1708 3760 Elisaei
1729 3698 1818 3762 libe-

175 3793 242 3854 nisl
256 3793 352 3854 abiis
366 3793 454 3854 inira
471 3793 615 3868 spatium
630 3791 860 3868 praescriptum
872 3789 971 3852 desti·
1023 3788 1094 3848 rius
1105 3791 1203 3866 juxta
1222 3789 1347 3851 iluenta
1364 3791 1559 3868 plenissima
1584 3795 1765 3867 resideant,
1782 3798 1819 3860 ut

175 3889 286 3962 ierint,
298 3889 373 3951 baec
383 3889 516 3951 extendi
527 3889 679 3950 volumus
690 3891 734 3957 et,
746 3887 970 3965 appellatione
1024 3885 1194 3958 columbae,
1211 3885 1288 3948 dum
1303 3889 1338 3949 in
1347 3889 1462 3965 januis
1478 3891 1586 3952 scalas
1599 3909 1665 3954 non
1676 3887 1818 3957 invene-

175 3985 378 4064 postposita,
406 3985 646 4047 inviolabiliter
672 3984 855 4047 observari.
884 3985 970 4045 Nam
1023 3982 1101 4054 rint,
1119 3983 1159 4043 ad
1172 4001 1254 4060 quas
1269 3985 1457 4048 divaricare
1469 3988 1604 4050 valeant
1614 3989 1714 4067 pedes
1725 4007 1816 4060 suos,

176 4099 276 4162 quum
289 4084 357 4145 sint
370 4083 645 4159 multicaupones
657 4097 778 4158 aquam
794 4081 874 4142 vino
889 4081 972 4141 mis·
1025 4079 1164 4142 tirmiter
1183 4081 1413 4143 interdicimus
1435 4083 1467 4145 et
1488 4083 1670 4147 districtius
1686 4087 1820 4149 inhibe-
1916 4089 1920 4098 '

176 4181 289 4242 centes
304 4181 360 4258 qui
373 4194 440 4241 non
455 4178 561 4241 solum
576 4177 749 4240 involvere
768 4173 852 4240 falsa
867 4177 969 4250 veris,
1024 4191 1097 4237 mus
1111 4193 1154 4238 ne
1168 4179 1308 4239 Parisiis
1322 4178 1376 4240 vel
1390 4179 1426 4240 in
1448 4181 1639 4242 civitatibus
1661 4199 1720 4245 seu
1742 4185 1820 4248 aliis

176 4276 349 4339 sedetiam
368 4274 456 4338 diem
478 4277 513 4337 in
527 4277 656 4338 noctem
676 4275 807 4338 vertera
820 4275 970 4336 molinn-
1024 4273 1107 4334 locis
1128 4273 1248 4336 vicinis
1277 4275 1453 4354 quisquam
1479 4276 1600 4338 docere
1622 4278 1677 4340 vel
1702 4279 1821 4344 andire

176 4376 241 4446 tur,
255 4373 290 4434 in
306 4373 513 4436 firmamento
529 4371 605 4436 coeli
624 4373 776 4449 plantare
791 4372 970 4434 luminaria
1021 4371 1076 4447 J'us
1100 4369 1198 4432 civile
1211 4374 1414 4448 praesumat3
1434 4374 1467 4436 et
1484 4375 1541 4452 qui
1556 4377 1671 4438 contra
1692 4377 1818 4452 iecerit,

177 4471 359 4533 dividentia
383 4470 470 4532 diem
493 4471 624 4532 anocte
636 4468 745 4531 valide
764 4469 970 4537 aflectamus,
1025 4481 1091 4528 non
1112 4467 1219 4529 solum
1239 4485 1258 4530 a
1275 4485 1451 4531 causarum
1472 4472 1667 4548 patrociniis
1687 4474 1820 4538 interim

177 4583 386 4645 summopere
419 4569 609 4644 satagentes
637 4567 673 4628 ut
699 4567 740 4627 ad
773 4565 971 4643 capiendum
1025 4565 1232 4638 excludatur,
1263 4582 1380 4628 verum
1410 4569 1510 4630 etiam
1542 4586 1602 4647 per
1629 4573 1821 4654 episcopum

176 4667 294 4742 vulpes
322 4665 479 4742 parvulas
499 4681 572 4742 quae
596 4661 825 4746 demoliuntur¹
840 4663 970 4735 vineas,
1025 4664 1101 4735 loci,
1125 4665 1349 4742 appellatione
1377 4667 1571 4744 postposita,
1592 4671 1823 4731 excommuni-

177 4761 339 4825 bonorum
350 4763 531 4824 habeamus
545 4762 674 4839 copiam
691 4768 897 4834 venatorum,
915 4763 972 4841 qui
1026 4761 1168 4823 cationis
1183 4761 1318 4824 vinculo
1334 4764 1523 4826 innodatur.
1539 4766 1606 4826 Vos
1622 4767 1733 4828 atatem
1748 4767 1822 4830 fra-

178 4876 313 4922 manum
328 4861 495 4922 mittentes
514 4859 554 4920 ad
574 4858 686 4932 tortia,
703 4859 818 4922 contra
833 4875 973 4937 perver-
1013 4861 1094 4920 tres
1106 4861 1138 4922 et
1155 4859 1215 4920 illii
1230 4861 1279 4923 sic
1293 4861 1486 4936 diligentius
1500 4863 1692 4941 praescripta
1709 4881 1824 4928 serve-

178 4973 271 5019 scres
287 4956 364 5018 fldei
380 4957 446 5019 sint
460 4957 622 5033 potantes,
636 4971 736 5033 opere
747 4973 787 5018 ac
800 4971 972 5029 sermone;
1026 4957 1070 5017 tis
1088 4958 1121 5019 et
1138 4956 1270 5019 faciatis
1290 4957 1471 5020 studiosius
1486 4957 1528 5019 ab
1543 4959 1619 5032 aliis
1638 4957 1820 5035 observari,

178 5051 214 5114 hi
233 5052 345 5114 vestiti
364 5051 551 5130 duplicibus
566 5053 602 5115 ut
615 5053 809 5114 mereantur
828 5052 973 5129 duplicia
1027 5054 1113 5131 quod
1124 5055 1196 5116 veri
1208 5055 1308 5116 amici
1324 5057 1437 5132 sponsi
1452 5055 1588 5133 possitis
1598 5057 1716 5120 merito
1732 5077 1824 5122 ccm-

178 5149 360 5226 possidere,
377 5164 477 5226 quum
492 5148 650 5212 videbunt
668 5149 704 5210 in
718 5149 774 5209 die
792 5147 974 5210 novissimo
1027 5149 1173 5226 probari,
1197 5150 1274 5212 dum
1298 5151 1536 5228 paranimphos
1567 5169 1645 5216 suos
1666 5155 1825 5218 erudien-

179 5245 220 5308 ad
233 5245 449 5322 iudicandum
460 5261 535 5305 cum
550 5246 648 5307 terrae
670 5243 880 5307 senatoribus
895 5260 975 5306 con·
1028 5246 1087 5307 dos
1098 5246 1139 5308 ad
1152 5247 1363 5325 epitalamlca
1375 5249 1525 5311 carmina
1537 5253 1736 5314 curaveritis
1745 5269 1825 5330 pro-

179 5341 317 5416 cessvui,
330 5357 429 5420 porro
443 5357 544 5419 quum
561 5345 736 5418 argentum
752 5340 833 5402 alibi
855 5340 977 5404 habeat
1028 5359 1173 5406 movere.

178 5455 340 5502 venarum
353 5455 491 5503 suarum
507 5439 683 5516 principia,
694 5455 792 5517 quam
808 5437 894 5502 unde
910 5439 977 5500 ier·
1069 5443 1189 5504 Datum
1211 5442 1363 5515 viterbii,
1382 5445 1412 5504 X
1438 5443 1599 5506 kalendas
1625 5445 1821 5522 decembris,

180 5551 252 5598 rum
274 5535 412 5608 tollitur,
441 5539 473 5597 et
488 5549 570 5597 auro
592 5535 683 5596 locus
706 5536 742 5596 in
768 5551 832 5610 quo
847 5535 975 5597 contla·
1029 5539 1241 5615 pontificatus
1257 5541 1361 5601 nostri
1377 5555 1465 5602 anno
1482 5543 1610 5623 quarto.
