4300 6392
103 277 104 280 Ὺ
192 323 253 385 523
818 315 1211 379 marmannorum
1774 305 1834 368 saa

518 508 661 596 XLVII
1039 473 1179 537 uebatur
1200 473 1401 544 obnoxia,et
1415 470 1687 550 dilapidationem
1704 467 1829 547 praela-
1903 551 1905 556 Ι

1038 575 1148 636 torum
1158 571 1227 634 iere
1240 571 1281 633 ad
1297 571 1438 632 nihilum
1453 570 1599 640 redacta,
1616 583 1705 628 nuno
1720 567 1830 627 autem

213 647 265 707 Aa
278 643 432 706 abbatem
446 642 480 706 et
494 643 701 708 mmmmm
716 645 831 702 F⁰⁸⁸ae
845 641 964 700 ΝΟΜ·
1040 670 1159 742 studio,
1168 672 1201 733 et
1212 684 1274 746 ope
1283 683 1356 730 ven.
1372 670 1409 729 D.
1420 669 1438 730 J
1442 667 1559 728 ordeni
1571 667 1603 726 S.
1615 661 1832 725 Pudentiana‘e

447 761 631 837 ineptumbr.
650 762 730 820 ¹²²⁰·
1040 765 1148 842 presb.
1165 765 1255 826 card.
1276 765 1326 826 tit.
1348 764 1491 841 pastoris
1512 763 1548 824 in
1574 762 1739 836 integrum
1761 773 1835 820 res-

312 869 780 937 [llrbelli.lulissacra‚tom01‚psce
793 863 874 930 rsus]
1039 863 1147 933 tituta,
1178 862 1291 937 longe,
1319 861 1452 938 lateque
1479 859 1581 921 ditior
1607 857 1742 928 effecta,
1774 871 1833 932 pro

193 968 378 1030 conrrmauo
403 965 730 1026 donatiouireonvenrui
755 965 852 1022 Fossa
865 963 986 1020 Nerea
1040 974 1154 1020 amore
1177 959 1248 1028 Del,
1271 971 1311 1018 ac
1334 957 1533 1028 reverentia,
1548 970 1649 1032 supra
1671 952 1834 1015 nominati

231 1059 365 1118 simeone
388 1054 585 1114 10111ὓὶ1111ῦὶ
597 1054 733 1126 11111011)
748 1051 877 1112 1111111111
892 1049 988 1108 811111
1041 1058 1133 1117 Dom.
1150 1049 1287 1117 Jordani
1311 1069 1385 1114 ven.
1404 1053 1512 1130 presb.
1530 1052 1620 1113 card.
1646 1049 1832 1121 ethonore,

232 1140 718 1220 111111110111111101111111111119·
1041 1166 1080 1213 ac
1102 1151 1277 1213 devotione
1300 1150 1402 1212 totius
1429 1150 1611 1211 conventus
1632 1147 1738 1224 ipsius
1763 1160 1836 1208 mo-

236 1251 906 1328 Honoriusepiscopus‚servusservorum
916 1245 986 1314 Dei,
1042 1248 1193 1316 uastarii,
1220 1263 1383 1308 consensu
1407 1245 1616 1307 Garantionis
1645 1245 1835 1321 archipres-

197 1349 319 1422 abbati,
336 1349 370 1411 et
390 1348 568 1411 conventui
592 1349 703 1410 Fossae
718 1347 832 1416 Novae,
848 1344 988 1406 salutem
1040 1341 1150 1422 hyteri
1177 1343 1448 1416 Tarracinensis,
1478 1341 1629 1418 magistri
1661 1340 1832 1420 Stephani,

197 1449 231 1510 et
244 1446 459 1524 apostolicam
472 1444 748 1506 benedictionem.
1043 1442 1194 1505 Federici
1234 1441 1405 1512 sacristae,
1454 1437 1640 1517 presbyteri
1682 1437 1834 1508 Nicolai,

236 1543 340 1608 iustis
355 1543 547 1618 petentium,
564 1543 627 1604 etc.
641 1539 833 1617 eapropter,
845 1537 919 1608 etc,
930 1551 991 1598 us·
1041 1539 1204 1601 iohannis
1218 1535 1395 1599 Schinardi
1415 1535 1547 1600 diaconi
1570 1535 1675 1612 ipsius
1698 1534 1834 1611 capituli

195 1655 262 1716 quc
272 1641 509 1701 concurrentes
521 1651 672 1708 assensu,
689 1635 863 1698 ecclesiam
878 1634 989 1696 Sancti
1042 1635 1304 1705 Tarracinensis,
1315 1632 1504 1695 concedoin
1513 1633 1707 1708 perpetuum
1717 1645 1838 1707 supra·

198 1737 315 1812 angeli
343 1735 384 1797 de
408 1737 530 1811 Campo
554 1734 674 1804 Mollis,
704 1747 724 1792 a
749 1731 932 1793 venerabili
956 1733 988 1790 S.
1043 1731 1131 1793 dicto
1142 1731 1345 1792 monasterio
1356 1732 1467 1790 Fossae
1478 1727 1837 1800 Novae,t'ratremGres·

198 1832 301 1894 nane
321 1833 433 1893 nostro
450 1845 654 1897 concessam,
668 1828 937 1904 siouteamjmte
952 1842 991 1888 ac
1043 1827 1189 1890 centium
1216 1827 1321 1905 ipsius
1351 1825 1546 1887 monasterii
1573 1824 1785 1887 cellerarium
1805 1826 1838 1886 et

198 1929 335 2006 pacifice
345 1927 522 2005 possidetis
537 1929 570 1988 et
580 1927 614 1987 in
626 1927 846 1988 instrumento
858 1923 990 2001 publico
1044 1925 1205 1986 canonice
1228 1923 1421 1985 monasterii
1448 1921 1630 1984 investiens
1652 1921 1834 1990 hocmodo,

195 2026 318 2088 exinde
341 2024 491 2088 confecto
515 2023 646 2101 plenius
661 2023 865 2093 continetur,
881 2020 988 2089 robis,
1044 2024 1217 2099 quatemus
1241 2023 1276 2080 in
1303 2019 1492 2096 supradicta
1510 2019 1652 2081 ecclesia
1669 2021 1700 2080 S.
1718 2019 1836 2094 Angell

196 2123 231 2185 et
258 2137 317 2200 per
344 2137 403 2184 vos
432 2121 538 2184 eidem
566 2119 769 2182 monasterio
793 2117 991 2179 auctoritate
1044 2133 1174 2196 semper
1184 2118 1249 2178 duo
1265 2117 1380 2178 clerici
1393 2116 1573 2177 saeculares
1588 2115 1766 2187 resideant,
1781 2115 1837 2192 qui

197 2219 387 2298 Apostolica
405 2219 650 2286 confirmamus,
673 2214 847 2294 praesentis
873 2212 989 2288 scripti
1044 2231 1110 2276 non
1145 2215 1300 2277 desinant
1326 2213 1372 2274 ibi
1400 2213 1512 2274 divina
1548 2212 1718 2276 celebrare
1746 2229 1836 2290 mys-

198 2316 383 2394 patrocinio
392 2313 643 2377 communimus.
654 2312 702 2374 Ad
711 2314 870 2388 majorem
880 2311 991 2372 autem
1043 2313 1140 2384 teria,
1166 2327 1306 2390 quorum
1329 2325 1414 2372 unus
1436 2311 1480 2372 sit
1501 2311 1671 2390 sacerdos,
1695 2311 1729 2372 et
1748 2310 1835 2371 alius

198 2413 409 2482 evidentiam,
420 2413 571 2472 tenorem
594 2409 702 2487 ipsius
722 2407 934 2470 instrumenti
950 2406 991 2468 de
1044 2409 1181 2471 alterius
1204 2407 1330 2470 ordinis
1346 2407 1498 2479 clericus,
1515 2407 1678 2470 relambo
1693 2407 1761 2468 sint
1776 2423 1836 2468 sa-

186 2510 301 2572 ,verbo
312 2509 352 2570 ad
366 2509 504 2571 verbum
517 2508 595 2568 huic
606 2509 728 2568 nostrae
743 2505 874 2582 paginae
886 2503 989 2564 (116ιί-
1044 2507 1206 2578 cerdotes,
1224 2505 1280 2583 qui
1304 2503 1397 2576 mihi,
1415 2503 1728 2585 successoribusque
1754 2505 1836 2566 meis
1886 2571 1889 2578 ,

199 2623 273 2669 mus
287 2605 512 2667 inserendum.
1043 2602 1294 2664 Terracinensis
1312 2600 1463 2664 ecclesiae
1482 2601 1648 2677 episcopis
1665 2599 1708 2661 de
1725 2600 1835 2662 oillei-

239 2706 276 2764 ln
298 2702 431 2764 nomine
452 2701 719 2763 Dominiimeu.
744 2702 839 2761 Anno
861 2696 990 2759 Domini
1044 2699 1097 2760 nis
1124 2699 1204 2770 suis,
1231 2699 1317 2761 sicut
1345 2697 1415 2759 suis
1445 2697 1610 2774 episcopis
1634 2697 1836 2774 respondere

200 2803 289 2872 1203,
305 2799 419 2861 indict.
436 2801 491 2870 Vl,
511 2795 722 2875 pontificatus
747 2798 784 2857 Ι).
806 2794 990 2857 innocentii
1042 2797 1230 2858 teneantur.
1242 2795 1291 2857 Ad
1306 2795 1389 2866 haec,
1402 2793 1561 2871 praedicta
1582 2794 1723 2856 ecclesia
1745 2795 1836 2856 nullo

199 2912 293 2974 papae
308 2899 352 2958 lll
374 2911 462 2958 anno
477 2896 532 2967 Vl,
547 2909 660 2955 mense
680 2893 811 2968 augusti
827 2891 881 2952 die
900 2892 992 2953 bas·
1043 2894 1191 2972 tempore
1221 2891 1254 2953 in
1281 2891 1421 2954 formam
1449 2891 1605 2968 strangian
1630 2891 1833 2962 instituetur,

199 2994 303 3057 tante.
326 2995 406 3054 Cum
430 2995 507 3069 jure
529 2991 572 3052 sit
592 2990 737 3052 naturali
763 2989 988 3058 adinventum,
1043 2991 1130 3054 idest
1144 3005 1186 3052 ne
1201 2989 1323 3052 eclesia
1338 2989 1459 3052 exinde
1474 2987 1683 3062 destituatur,
1700 2991 1758 3052 ant
1772 2990 1837 3051 duo

199 3089 346 3164 gentium
367 3103 407 3148 ao
426 3087 518 3148 civili
539 3086 797 3162 comprobatum,
816 3084 992 3146 universa·
1045 3087 1111 3150 sint
1126 3087 1250 3159 clerici,
1273 3085 1328 3165 qui
1352 3086 1410 3159 ibl,
1426 3086 1512 3148 sicut
1530 3086 1756 3163 supradictum
1775 3089 1835 3158 est,

200 3186 276 3248 liter
300 3184 490 3262 hujusmodi
520 3183 716 3257 subvenir03
741 3181 845 3244 mulio
871 3181 992 3258 quippe
1044 3187 1157 3248 divina
1172 3184 1340 3246 celebrent
1355 3184 1525 3262 mysteria,
1538 3183 1670 3245 etomni
1686 3199 1784 3257 anno,
1803 3184 1837 3245 in

198 3282 361 3360 ampliore
388 3281 513 3344 bonore
541 3281 619 3342 sunt
641 3279 745 3357 digni,
768 3282 803 3341 et
825 3279 990 3340 uberioris
1043 3285 1127 3347 iesto
1143 3285 1178 3345 S.
1191 3281 1591 3354 Caesarii,monasterium
1608 3283 1721 3344 Fossae
1733 3283 1837 3344 Nove

199 3379 348 3442 caritatis
367 3377 795 3454 visceribusampleotendb
813 3377 990 3454 qubjuxta
1044 3382 1151 3445 solvet
1165 3381 1430 3443 nominecensus
1448 3394 1508 3456 pro
1523 3379 1680 3456 praedicta
1693 3379 1837 3442 ecclesia

199 3472 992 3552 1111130Ιὶ111111101116111111111111111111111111111·
1045 3483 1078 3542 S.
1099 3479 1218 3554 Angeli
1243 3476 1399 3555 episcopo
1431 3477 1665 3539 Terracinensi
1691 3490 1838 3540 marcam

198 3575 266 3646 1111,
280 3573 571 3636 &adulationibus
592 3573 663 3632 81111
684 3573 890 3648 spernentes,
903 3572 990 3632 soli·
1043 3592 1143 3639 unam
1164 3577 1238 3654 puri
1260 3576 1400 3652 argenti,
1418 3589 1478 3636 seu
1488 3576 1527 3636 40
1539 3575 1663 3636 solidos
1675 3575 1832 3653 praebisi-

198 3674 267 3734 Deo
281 3672 416 3747 placere
434 3670 635 3742 desiderant,
650 3685 785 3731 carnem
800 3683 894 3730 suam
916 3685 990 3730 cum
1043 3690 1162 3736 uorum
1181 3674 1330 3736 veterum
1351 3673 1393 3734 de
1407 3671 1500 3733 dore.
1517 3672 1560 3734 ut
1581 3672 1691 3734 autem
1712 3687 1835 3749 supra.

198 3769 341 3842 uitiiset
350 3768 630 3844 concupiscentiis
643 3766 930 3842 crucifigentesin
936 3769 992 3844 je-
1044 3771 1167 3850 scripta
1189 3771 1348 3850 perpetua
1363 3768 1542 3832 stabilitate
1557 3770 1741 3841 serventur,
1760 3785 1840 3846 pro-

195 3865 300 3942 juniis
314 3868 348 3927 et
363 3865 488 3941 vigiliis
502 3865 627 3937 multis,
645 3864 680 3925 iu
695 3863 902 3926 orationibus
918 3863 990 3924 sine
1043 3869 1146 3931 missa
1172 3871 1248 3930 snut
1271 3867 1312 3929 ab
1329 3871 1469 3945 unaque
1482 3869 1576 3943 parte
1592 3867 1837 3944 inperpetuum

199 3962 445 4024 intermissione
471 3961 605 4033 habitis,
635 3963 669 4023 et
691 3961 728 4022 in
755 3961 895 4024 caritate
922 3975 1011 4021 non*
1044 3969 1140 4028 flnna
1155 3965 1296 4026 servari.

199 4058 418 4121 deteriorum
433 4060 543 4120 autem
559 4057 761 4126 habitacula,
772 4057 990 4120 sacratissimi
1083 4065 1125 4125 Hi
1138 4065 1215 4124 sunt
1229 4061 1336 4138 rogati
1348 4062 1449 4122 testes
1467 4081 1475 4120 ι

198 4155 416 4232 imperatores
427 4155 541 4217 domos
553 4155 729 4228 religiosas
739 4157 907 4225 vocantes,
920 4154 992 4230 ple-
1082 4161 1248 4224 Jordanns
1260 4157 1409 4234 Caporiae
1425 4157 1508 4218 civis
1521 4171 1690 4229 romanus,
1704 4158 1809 4220 testis.

198 4251 275 4312 nius
296 4251 500 4314 adornarunt
522 4251 717 4328 privilegiis,
735 4251 990 4326 magnificentiis
1084 4257 1268 4320 Rainaldus
1282 4255 1417 4332 Piperni
1426 4254 1541 4330 judex,
1554 4255 1659 4316 testis.

199 4346 347 4410 ditarunt
371 4348 566 4420 innumeris,
586 4347 739 4408 ardorem
767 4348 848 4410 tides
875 4363 989 4410 eorum
1054 4381 1058 4390 ¹
1083 4351 1275 4416 Leonardus
1291 4350 1471 4414 advocatus
1481 4353 1681 4425 Terracinae,
1697 4355 1803 4416 testis.

197 4446 465 4516 considerantes,
493 4446 527 4508 et
560 4445 703 4523 qualiter
736 4445 790 4506 die
826 4449 991 4521 noctuque
1084 4450 1260 4514 Matthaeus
1283 4451 1316 4512 in
1333 4449 1464 4512 otbaldi
1477 4449 1560 4512 ciris
1570 4451 1835 4524 'terracinensis

199 4547 302 4606 Deum
315 4559 375 4619 pro
388 4542 540 4604 fidelibus
554 4540 772 4619 interpellare
781 4558 848 4604 non
860 4545 992 4604 cessant
1043 4551 1149 4613 testis.

197 4641 418 4704 attendentes.
435 4643 504 4717 bigo
521 4641 634 4718 itaque
659 4640 792 4704 Simeon
808 4640 867 4706 Dei
881 4641 990 4716 gratia
1084 4646 1301 4723 landulphus
1311 4645 1402 4708 Petri
1414 4645 1456 4707 de
1470 4644 1632 4708 Ruinaldo
1647 4646 1731 4708 ciris
1747 4649 1838 4710 Seti-

199 4738 448 4802 'l'erracinensis
461 4737 648 4816 episcopus,
664 4738 873 4814 conspiciens
888 4738 925 4798 in
939 4752 992 4800 ve·
1043 4760 1118 4816 nus,
1129 4743 1235 4806 testis.

199 4833 341 4896 nerabili
367 4835 570 4898 monasterio
598 4837 709 4897 FOSsae
736 4836 839 4897 N0vae
859 4849 991 4896 0111111111
1084 4841 1246 4904 Ricardus
1260 4839 1458 4902 albericide
1473 4839 1674 4914 Monticello,
1691 4842 1795 4906 testis.

198 4930 418 5002 honestatem,
435 4946 630 5009 omnemque
649 4929 845 5006 religionem
864 4932 990 5007 rigere,
1084 4941 1152 5015 Ego
1175 4937 1432 5010 solempnes.
1450 4939 1489 4999 R.
1506 4941 1542 4998 Ε.
1558 4938 1672 5014 judex,
1690 4940 1723 5001 et
1738 4942 1839 5002 nota-
1963 4953 1968 4973 ·

199 5028 372 5103 ipsumque
383 5029 621 5092 monasterium
634 5027 722 5093 inter
732 5029 856 5090 caetera
867 5030 992 5092 011161-
1044 5037 1114 5098 rius
1128 5036 1265 5113 rogatus
1278 5034 1426 5106 interfui,
1444 5035 1476 5098 et
1489 5035 1680 5112 supradicta
1694 5036 1838 5099 fideliter

199 5125 322 5186 niensis
353 5125 481 5186 ordinis
503 5126 654 5188 coenobia
676 5126 863 5201 celebrare3
890 5126 991 5196 habui
1045 5134 1178 5210 scripsi,

199 5222 375 5286 ecclesiam
392 5224 504 5286 Sancti
528 5224 646 5299 angeli
666 5224 847 5302 oscampo
869 5226 989 5298 Mollis,
1084 5231 1177 5296 Nulli
1186 5245 1277 5306 ergo,
1286 5231 1493 5301 etc.‚nostrae
1502 5229 1766 5292 confirmationis
1777 5247 1838 5308 pa-

199 5335 285 5398 quae,
301 5317 380 5382 licet
400 5319 566 5396 quondam
593 5321 857 5397 possessionibus
882 5323 992 5399 ampla
1045 5329 1157 5405 ginam
1170 5327 1364 5403 intringere.
1380 5329 1416 5390 Si
1426 5328 1500 5405 quis
1510 5329 1634 5400 autem,
1645 5330 1708 5390 etc.
1721 5331 1839 5391 Datum

201 5417 311 5489 luerit,
326 5433 385 5493 per
404 5417 672 5494 suppressionem
697 5419 808 5480 tamen
835 5421 994 5496 patrono-
1044 5427 1131 5502 apud
1149 5425 1271 5489 Urbem
1293 5425 1457 5496 Veterem,
1468 5427 1619 5496 ll'nonas
1631 5426 1837 5501 septembris,

201 5531 287 5582 rum,
301 5515 421 5591 quibus
442 5514 504 5576 sub
525 5513 682 5593 gravibus
694 5516 922 5578 exactionibus
938 5520 991 5581 te·
1046 5521 1256 5598 pontificatus
1270 5520 1475 5589 nostrianno
1487 5520 1613 5597 quinto.
