4230 6388
699 397 704 408 ,
785 292 1013 364 EPISTOLAE.
1037 293 1115 358 LIB.
1137 285 1178 358 Vi

480 485 637 582 hocin

161 627 951 704 adunassemmmontemurcomannum,
975 713 976 716 Ἴ

200 729 410 806 matrinam
448 730 495 790 Η.
528 729 808 790 archidiaconum
832 724 865 791 at
891 739 953 786 aa·

195 825 345 893 amiam
358 827 629 903 maurianenses.

451 955 485 1016 lt
504 953 572 1012 maii
592 953 670 1012 itti.

209 1067 321 1136 [Notices
332 1071 358 1122 a
368 1067 534 1124 hattuarias
545 1065 707 1127 manuscrits,
720 1063 788 1124 xxi,
800 1077 830 1127 n,
841 1063 907 1132 tta]
975 1025 976 1056 ἶ

162 1185 279 1247 Mandat
307 1186 348 1245 eis
372 1199 408 1243 ne
435 1183 639 1242 monasterium
655 1179 876 1242 Psalmodianse
895 1181 953 1240 Ne·

196 1289 326 1336 manaen.
342 1273 476 1332 dioecesis
497 1288 513 1330 a
536 1285 679 1346 quoquam
696 1269 841 1332 molestari
860 1269 956 1327 sinent

197 1361 308 1422 ratium
322 1359 480 1420 debitorum
491 1373 555 1434 quta
569 1361 600 1418 B.
615 1359 676 1432 ejus
691 1357 856 1415 monasterii
869 1371 956 1430 quon-

195 1447 263 1508 dam
277 1449 376 1519 abhas,
392 1447 427 1506 ab
440 1447 611 1522 apostolica
626 1443 707 1504 Sedis
720 1445 817 1518 legato
831 1452 954 1514 amotus,

195 1545 377 1597 mntraxerst
401 1543 466 1611 post
492 1549 575 1595 suam
596 1534 819 1609 ablegationem,
845 1539 956 1591 retento

197 1627 363 1686 monasterii
373 1627 481 1700 sigillo.

201 1745 954 1830 Honoriusepiscopus‚servusservorumhel,

163 1845 294 1911 dilectis
311 1847 389 1910 hilis
403 1849 592 1928 praeposito,
608 1847 766 1924 magistro
786 1847 826 1908 H.
840 1845 957 1906 archi-

163 1945 303 2008 diacono
328 1945 360 2009 et
381 1945 532 2008 sacristae
563 1942 865 2020 magalonensibus,
897 1955 956 2002 sa-

163 2043 309 2105 tutemet
320 2043 535 2120 apostolicam
548 2039 823 2102 benedictionem.

205 2139 325 2201 Dilecti
357 2139 419 2199 filii
452 2139 552 2200 abbas
582 2140 615 2200 et
644 2137 825 2198 conventus
860 2133 958 2194 Psal-

163 2237 346 2298 modiensis
367 2235 560 2298 monasterii
581 2232 818 2296 Nemausensis
840 2227 958 2290 dioece-

164 2334 221 2405 sis,
241 2349 302 2395 sua
327 2331 422 2393 nohis
446 2331 604 2408 petitione
618 2330 855 2400 monstrarunt,
871 2325 957 2403 quod
979 2315 981 2324 ‘

163 2443 238 2490 cum
255 2429 394 2490 dilectus
417 2427 505 2488 itlius
525 2429 638 2488 noster
652 2429 702 2496 Β.,
715 2425 805 2487 tituli
820 2425 877 2484 SS.
893 2425 954 2485 io-

162 2523 285 2585 hannis
301 2527 333 2585 et
354 2525 450 2585 Pauli
479 2523 651 2602 presbyter
670 2521 862 2592 cardinatis,
877 2521 958 2581 tunc

163 2621 361 2697 apostoncae
377 2619 471 2682 Sedis
487 2619 627 2696 legatus,
648 2621 698 2687 Β.,
723 2617 887 2696 quondam
902 2615 956 2692 ip-

165 2718 234 2778 sius
249 2717 314 2778 loci
327 2716 490 2788 abbatem,
507 2715 687 2777 amovisset
700 2713 741 2776 ah
756 2729 807 2786 eo,
824 2715 959 2787 ericen·

163 2815 252 2882 tibus
276 2815 383 2890 culitis
399 2815 479 2885 suis,
498 2813 531 2875 et
552 2811 653 2873 alium
680 2809 880 2872 instituisset
894 2809 959 2869 ihi-

164 2912 251 2985 dem,
268 2909 425 2989 praeiatus
436 2913 483 2982 B.,
497 2911 661 2986 praetextu
676 2907 847 2985 cujusdam
860 2905 960 2968 irivo-

163 3007 205 3070 lae
221 3008 463 3085 appellationis,
481 3021 577 3084 quam
595 3021 630 3066 se
645 3003 851 3081 interjecisse
867 3001 959 3063 dica-

163 3103 230 3178 bat,
246 3105 360 3166 contra
380 3103 502 3166 iactum
521 3102 625 3177 ipsius
646 3101 826 3162 cardinalis
841 3101 958 3161 venire

165 3216 381 3280 praesumem,
408 3203 440 3262 et
468 3201 613 3276 sigilium
640 3197 745 3275 ipsius
764 3195 957 3258 nrorrasterii

1317 473 1495 568 tinxit

1004 624 1060 686 Ad
1093 595 1314 686 anaema
1355 621 1563 684 manentum
1599 613 1805 682 monasterii

1199 720 1348 782 amarat
1370 718 1608 798 aurasiensis.

1296 841 1330 900 li
1348 841 1418 900 maii
1433 840 1512 898 itti.

1176 959 1350 1029 [hounmenta
1361 961 1447 1024 Boica,
1464 961 1544 1022 xxii,
1560 957 1630 1028 noa]

1009 1065 1066 1129 Sub
1091 1069 1167 1130 beati
1192 1069 1268 1128 Petri
1298 1076 1327 1130 ct
1352 1084 1405 1128 sua
1430 1067 1607 1142 protectione
1631 1071 1804 1136 conventum

1044 1157 1140 1218 Sancti
1166 1156 1290 1218 Udalrici
1315 1165 1344 1217 et
1371 1158 1468 1216 omnio
1490 1156 1566 1215 hona
1592 1168 1656 1230 auae
1678 1153 1805 1229 possidet

1044 1246 1175 1319 suscipit.

1048 1363 1216 1426 Honorius
1226 1363 1412 1440 episcopus,
1422 1377 1538 1432 sersus
1548 1375 1720 1423 servorum
1730 1358 1801 1432 Dei,

1010 1460 1139 1522 dilectis
1155 1461 1234 1522 liliis
1245 1460 1356 1521 abbati
1370 1459 1404 1522 et
1423 1458 1601 1521 conventui
1611 1457 1805 1520 monasterii

1009 1558 1126 1621 Sancti
1163 1557 1311 1620 Udalrici
1342 1555 1572 1634 nugusunsu,
1605 1553 1806 1620 salutemet

978 1663 979 1666 ’
1007 1654 1227 1732 apostolicam
1249 1653 1524 1718 benedictionem.

1015 1791 1021 1801 -
1052 1751 1271 1814 sacrosancta
1293 1753 1442 1814 Romana
1461 1749 1604 1812 ecclesia
1622 1749 1758 1812 devotos
1772 1748 1807 1811 et

1011 1849 1155 1911 humiles
1180 1848 1267 1910 illios
1294 1863 1337 1911 ex
1359 1845 1663 1924 ausetaptaaus
1695 1845 1805 1908 officio

1011 1946 1209 2023 propensius
1225 1945 1363 2022 diligero
1377 1945 1560 2017 consuevit,
1576 1943 1609 2006 et
1622 1961 1665 2005 ne
1679 1959 1804 2022 pravo-

1011 2059 1085 2104 rum
1100 2042 1271 2104 hominum
1286 2040 1446 2103 molestiis
1458 2041 1635 2120 agitentur,
1652 2057 1709 2102 eos
1724 2043 1805 2101 tam·

1010 2155 1110 2218 quam
1126 2139 1180 2216 pia
1195 2141 1301 2200 nister
1314 2153 1381 2198 suae
1393 2137 1607 2214 protectionis
1623 2137 1806 2198 munimine

1012 2233 1198 2296 contovere.
1209 2232 1401 2312 Eapropter,
1413 2233 1524 2298 dilecti
1535 2234 1569 2294 in
1579 2235 1718 2296 Domino
1729 2231 1801 2304 iiiii,

1012 2331 1132 2394 vestris
1143 2331 1243 2410 justis
1259 2329 1536 2410 postulationibus
1552 2331 1646 2406 grato
1660 2346 1805 2392 concur·

1013 2431 1123 2492 rentes
1145 2445 1298 2502 assensu,
1316 2444 1476 2504 personas
1501 2429 1629 2490 nestrae
1644 2427 1675 2490 et
1696 2428 1807 2490 locum

1012 2526 1047 2587 in
1083 2541 1147 2602 quo
1176 2524 1288 2586 divino
1312 2525 1391 2588 estis
1415 2523 1573 2601 obsequio
1605 2524 1802 2600 mancipati,

1013 2638 1087 2682 cum
1116 2621 1268 2683 omnihus
1296 2620 1391 2681 bonis
1414 2637 1487 2700 quse
1506 2621 1806 2698 impraesentiarum

1012 2717 1254 2780 rationabiliter
1266 2717 1411 2796 possidet
1425 2719 1483 2780 aut
1498 2719 1533 2778 in
1550 2717 1695 2780 loturum
1705 2717 1806 2796 justis

1012 2813 1117 2877 modis
1141 2817 1320 2892 praestante
1340 2815 1489 2888 Domino,
1511 2813 1633 2892 polerit
1652 2813 1803 2892 adipisci,

1012 2912 1073 2973 sub
1083 2912 1171 2976 beati
1186 2912 1276 2976 Petri
1288 2913 1319 2974 et
1330 2914 1442 2974 nostra
1454 2911 1657 2990 protectione
1669 2911 1807 2988 suscipi·

1014 3025 1096 3070 mus.
1113 3009 1309 3086 Specialitar
1329 3013 1439 3070 aulem
1458 3009 1804 3086 parochiamvestram

1013 3105 1053 3163 ad
1078 3103 1257 3176 luminaria
1274 3103 1379 3180 ipsius
1395 3103 1587 3164 monasterii
1601 3103 1803 3180 deputatam,

1013 3201 1099 3262 sicut
1112 3216 1182 3262 eam
1196 3203 1286 3278 juste
1300 3215 1339 3260 ac
1353 3200 1489 3276 pacifice
1509 3199 1695 3276 possidetis,
1709 3199 1804 3262 vobis

48 3319 51 3326 ·
166 3297 328 3370 detinens,
366 3297 476 3360 dehita
504 3297 653 3374 quaedam
676 3295 873 3356 contrahere
898 3293 957 3353 snb

1013 3297 1045 3359 et
1071 3311 1130 3374 per
1157 3313 1216 3358 ros
1245 3297 1448 3358 nionasterio
1467 3297 1589 3368 vestro,
1607 3295 1805 3358 auctoritate

165 3395 300 3458 nomine
313 3391 505 3456 monasterii
515 3409 602 3470 saepe
613 3393 690 3455 dicti
699 3391 956 3470 praesumpserit,
1013 3393 1196 3472 apostolica
1212 3395 1445 3468 confirmamus
1458 3393 1490 3455 et
1501 3395 1675 3470 praesentis
1691 3393 1806 3471 scripti

169 3508 210 3554 ac
221 3494 293 3570 ipso
306 3492 415 3568 sigillo
435 3490 623 3552 contractus
639 3489 821 3550 ‹leliitorum
840 3491 957 3564 hujus-
1013 3491 1197 3570 patrocinio
1214 3491 1467 3552 communimus.
1479 3491 1570 3552 Nulli
1581 3505 1660 3567 ergo
1673 3493 1806 3552 omnino

167 3588 257 3650 modi
285 3588 504 3676 communire3
537 3601 639 3664 quare
671 3585 775 3652 iidem,
798 3583 899 3645 abbas
927 3583 959 3646 et
1014 3588 1183 3649 lrorniuum
1203 3587 1303 3650 liceat
1324 3587 1410 3649 hanc
1425 3588 1579 3666 paginam
1593 3589 1714 3650 nostrae
1730 3605 1809 3666 pro-

166 3687 346 3749 00ute11tus
360 3685 456 3747 nobis
470 3683 641 3745 humililer
655 3683 893 3760 supplicarunt,
908 3684 957 3750 ut,
1016 3686 1166 3747 iectionis
1186 3687 1219 3748 ct
1231 3686 1493 3747 couilrmatiouis
1509 3685 1693 3761 intringere
1707 3685 1760 3748 rel
1776 3683 1807 3748 el

163 3798 237 3846 cum
251 3777 982 3858 intonastam‘umipaumsicgrararenequi·¹
1013 3797 1096 3845 arrsu
1123 3785 1301 3845 temerario
1329 3783 1506 3845 coritraira.
1534 3784 1568 3844 Si
1598 3783 1671 3859 quis
1697 3784 1807 3845 autem

161 3882 248 3944 terit
271 3882 342 3957 lam
371 3882 511 3947 alnotus,
548 3876 782 3954 tranquillitati
810 3875 957 3953 ejusdem
1013 3881 1076 3944 hoo
1101 3881 1264 3943 altentare
1280 3879 1528 3956 praesumpserit
1547 3879 1808 3954 indignationem

162 3977 369 4048 monasterii,
385 3974 439 4037 cul
452 3991 494 4036 ex
507 3977 569 4035 hoc
582 3989 683 4050 grave
694 3972 805 4049 posset
820 3971 957 4047 dispen-
1013 3977 1246 4054 omnipotentis
1262 3977 1322 4038 Dei
1337 3975 1550 4038 etheatorum
1561 3977 1652 4037 Petri
1667 3977 1699 4038 et
1711 3975 1807 4036 Pauli

163 4073 253 4134 dium
266 4073 411 4143 evenire,
430 4071 569 4148 paterna
590 4085 690 4145 super
705 4069 767 4129 hoc
783 4068 958 4144 providere
1013 4056 1238 4150 apostolorum
1267 4077 1340 4150 ejus
1365 4089 1401 4135 se
1427 4073 1558 4134 noverit
1578 4073 1803 4133 incursurum.
1879 4141 1881 4148 y

162 4167 397 4262 sollicitudine,
425 4167 650 4241 dignaremur.
692 4165 835 4240 Ideoque
873 4163 955 4224 tini-
1011 4171 1131 4232 Datum
1156 4170 1322 4242 Laterani,
1338 4171 1412 4232 XVI
1426 4168 1587 4230 kalendas
1599 4169 1699 4249 junii,
1721 4185 1807 4250 pon-

161 4265 313 4328 versitaii
326 4263 447 4326 vestim
458 4277 518 4340 per
531 4261 722 4339 Apostolica
733 4262 797 4322 scri
802 4261 856 4337 pta
867 4275 957 4320 man·
1011 4268 1157 4330 tiflcatus
1175 4267 1282 4330 nostri
1295 4282 1383 4329 anno
1398 4267 1523 4344 quinto.

163 4357 958 4440 damus,quatenusoccasionecontractuumiac·

161 4458 326 4524 torumah
348 4458 420 4536 ipso
448 4459 497 4528 Β.,
524 4455 699 4534 postquam
715 4453 844 4516 amotus
859 4453 958 4516 suita

161 4553 526 4634 regiminemonasterii
541 4551 724 4624 memorati,
746 4567 812 4612 non
826 4551 958 4628 permit·
1307 4509 1509 4596 CCCXGH
1614 4527 1620 4538 ¹

160 4652 267 4716 tentes
280 4653 391 4730 ipsum
400 4651 639 4713 monasterinm
653 4663 672 4711 a
688 4663 818 4726 quoque
832 4649 957 4710 temere
1031 4651 1083 4711 Aa
1102 4644 1294 4712 iohannem
1313 4651 1567 4712 Bitartccnscm
1584 4651 1784 4727 urcitanae.

161 4749 343 4822 molestari,
380 4749 610 4811 molestatores
648 4745 831 4808 monitione
866 4759 956 4821 prae·
1306 4780 1420 4840 1911]θῇ
1437 4779 1505 4838 ml

162 4846 345 4924 missaper
359 4859 535 4907 censuram
550 4843 825 4916 ecclesiasticam,
839 4841 957 4918 appel·
1142 4893 1265 4958 [Mamm
1298 4895 1336 4948 Th
1510 4823 1528 4945 'd
1566 4895 1647 4948 iata

162 4944 295 5006 latione·
312 4941 616 5014 renumerante
644 4941 958 5016 cogriitacompes-
1268 4929 1285 4954 ‘’
1338 4909 1510 4948 musana
1530 4930 1548 4955 ‘³
1578 4931 1586 4955 ⁸
1649 4898 1668 4962 'l

162 5040 278 5114 cando,
298 5039 427 5102 litteras
441 5055 541 5117 super
552 5037 742 5115 hrrjusmodi
757 5037 862 5098 iactas
877 5051 959 5096 con·
1011 5010 1114 5068 ΜΕ
1129 5009 1242 5068 mium
1262 5010 1292 5068 ln
1308 5009 1520 5159 milliarium
1540 5026 1709 5088 ⁸lfliss⁰ssl⁸
1721 5026 1806 5072 ⁰⁰⁰⁵·

161 5137 322 5201 tractibus
337 5135 523 5198 decernatis
538 5136 652 5196 irritas
668 5135 702 5197 et
720 5135 849 5195 insanas.
865 5133 956 5204 Qtrod
1452 5207 1456 5214 ἢ

163 5212 1804 5306 umwmmmmmmmmmmrimmmfflmmmmmmwu

164 5331 325 5395 kalendas
354 5330 459 5410 junii,
493 5329 704 5406 pontificatus
734 5327 841 5391 nostri
870 5341 957 5388 atino
1011 5307 1195 5372 venarabili
1214 5309 1310 5371 tratri
1325 5311 1578 5389 archiepiscopo
1594 5312 1805 5386 Biturlcensi,

1012 5407 1151 5468 salutem
1164 5411 1198 5468 et
1208 5409 1422 5484 apostolicam
1435 5409 1711 5471 benedictionem.

1052 5505 1208 5567 Pervenit
1234 5505 1276 5566 ad
1300 5504 1504 5569 audientiam
1526 5506 1690 5574 nostram,
1720 5508 1807 5584 quod

1011 5601 1119 5665 iudaei
1132 5602 1167 5663 in
1179 5603 1236 5665 tua
1252 5602 1386 5666 dioecesi
1401 5603 1601 5677 habitantes,
1621 5618 1807 5683 synagogas

164 5429 298 5510 qllinto.
