4248 6410
322 267 380 328 559

319 439 397 488 raro
410 428 607 491 transmittis
620 431 715 504 alios,
728 447 828 510 quam
836 435 855 496 J
858 432 981 508 udaeos,
995 435 1051 512 qui
1062 435 1111 498 eis

319 524 645 596 consilia,etstatum
655 527 1109 609 Christianorumaxponunt,

318 635 359 682 ac
381 623 507 683 secreta
532 623 700 700 revelant;
721 625 861 704 ideoque
885 628 1110 707 circumspaa

318 719 442 780 tionem
457 721 547 782 luam
560 722 802 784 sollicitandam
816 724 982 798 duximus,
994 729 1027 788 et
1039 742 1112 790 mo·

318 817 472 888 nondam,
489 818 651 893 quatenus
661 835 733 880 cum
747 821 915 885 incumbet
927 823 988 884 tibi
1000 824 1113 900 huius·

320 912 408 972 modi
441 914 574 974 nuntios
609 915 794 988 destinare,
829 919 937 993 potius
970 919 1113 981 destinet

319 1009 529 1082 christianos,
546 1028 620 1074 cum
639 1012 700 1074 tibi
720 1030 786 1074 non
806 1016 851 1076 sit
868 1016 909 1076 de
926 1016 1111 1078 infidelium

191 1179 193 1186 Ι
318 1105 475 1168 fidelitate
503 1108 701 1185 sperandum
728 1133 735 1170 ε
759 1127 820 1180 nec
847 1114 1029 1178 verisimile
1050 1115 1109 1186 sit,

318 1205 403 1281 quod
415 1205 471 1283 qui
481 1209 686 1282 negaverunt
696 1207 797 1286 impie
810 1209 920 1286 ipsum
931 1210 1111 1289 Christum,

317 1300 431 1362 fideles
445 1319 520 1364 essa
535 1303 676 1365 debeant
687 1305 897 1368 Christianis.
915 1308 1034 1369 Datum
1046 1311 1112 1368 La·

315 1399 435 1470 terant,
448 1402 594 1478 linones
607 1401 772 1484 novemb,
783 1403 993 1486 pontificatus
1005 1405 1110 1486 nostri

316 1511 405 1558 anuo
420 1496 545 1583 quinto.

626 1624 798 1713 LXXXV

343 1759 396 1824 Aa
409 1759 633 1820 semustum
642 1762 837 1834 episcopam
850 1763 1066 1824 scarensem.

620 1879 712 1937 taor.
728 1881 807 1938 itti.

384 1993 528 2058 [Liljegren.
543 1993 639 2044 Suenslr
652 1993 869 2062 diplomatariam,
883 1997 903 2054 l,
914 1996 968 2054 tls,
981 1997 1050 2061 iet]

317 2101 359 2160 illi
382 2101 533 2158 conllrmat
550 2099 704 2170 libertates,
720 2102 919 2172 possessiones
937 2110 966 2158 et
980 2103 1111 2160 immuni·

350 2195 424 2246 tates
438 2203 509 2262 quas
517 2187 648 2246 scarensi
658 2187 787 2246 ecclesias
797 2188 1109 2248 contuleratiohannes

350 2293 400 2336 rex
414 2277 539 2344 Swetie,

357 2395 523 2458 Honorius
536 2397 721 2472 episcopus,
731 2411 846 2458 servus
857 2413 1028 2460 servorum
1035 2398 1106 2468 Dei,

317 2492 500 2573 venerabili
515 2491 608 2554 tratri
623 2493 777 2571 episcopo
789 2495 955 2568 scarensi,
968 2493 1109 2556 salutem

317 2594 350 2653 et
359 2589 575 2673 apostolicam
590 2590 867 2660 benedictionem.

356 2689 440 2754 Cum
459 2703 479 2748 a
504 2688 599 2753 nobis
628 2688 751 2766 petitur
770 2690 855 2766 quod
868 2690 994 2768 lustum
1014 2691 1109 2752 estet

315 2785 501 2857 honestum,
515 2785 584 2853 tam
605 2783 700 2862 vigor
718 2786 883 2867 equitatis
908 2802 1007 2863 quam
1027 2787 1107 2849 ordo

260 2941 264 2949 ,
315 2881 420 2960 erigit
431 2881 572 2952 rationis
586 2885 622 2962 ut
636 2881 668 2944 id
682 2897 741 2960 per
761 2883 1021 2958 sollicitudinem
1033 2884 1109 2946 olii-

315 2981 363 3048 cii,
386 2979 496 3064 nostri
508 2979 548 3040 ad
565 2978 714 3050 achitum,
728 2979 927 3058 perducatur
940 2979 1104 3054 effectum.

315 3077 716 3157 sapropter,venerabilis
726 3079 762 3139 in
775 3077 905 3140 Christo
916 3077 1030 3151 irater,
1040 3077 1107 3142 tuis

310 3177 417 3268 justis,
429 3173 706 3256 postulationibus
726 3175 859 3254 gratum,
882 3175 1110 3254 impertientes

313 3275 675 3355 assensum,libertates
689 3275 936 3353 possessionum
950 3275 983 3337 et
993 3274 1108 3336 immu-

315 3373 590 3454 nitatesacalia
609 3387 682 3450 que
707 3372 900 3439 carissimus
921 3373 957 3442 in
976 3371 1106 3448 Christo

314 3469 1105 3546 diluanosterJ.,iiiustrisrexsuetiaeecclesiae

310 3574 376 3648 tnae
391 3567 524 3632 liberali
538 3566 680 3630 contulit
694 3567 829 3645 pietate,
840 3569 938 3644 prout
952 3567 990 3642 in,
1000 3567 1105 3645 ipsius

312 3665 432 3744 titteris
451 3665 582 3744 plenius
606 3665 805 3738 continetur,
823 3663 911 3726 sicut
933 3679 973 3727 aa
995 3663 1105 3738 omnia

306 3767 399 3846 juste
414 3779 454 3826 ac
474 3763 611 3841 pacifice
626 3762 766 3835 obtines,
782 3761 844 3824 tibi
858 3763 890 3824 et
903 3778 963 3840 per
975 3763 1009 3826 te
1024 3779 1104 3826 suc-

311 3861 500 3938 cessoribus
511 3861 578 3942 tuis
605 3859 803 3924 auctoritate
817 3859 1007 3937 Apostolica
1020 3873 1104 3922 con·

935 277 1112 340 HONORII
1134 280 1179 340 iii
1202 281 1350 344 OPERA.

1905 291 1967 354 560

1166 451 1222 498 cas
1239 451 1313 500 cum
1326 440 1510 503 attinentiis
1525 457 1640 506 aarum
1653 459 1672 507 a
1683 448 1776 524 regia
1787 449 1966 512 exactione

1166 533 1290 598 liberas
1303 537 1521 600 atimmunes.
1539 542 1579 604 at
1592 541 1703 619 siquae
1713 559 1824 606 causa
1837 545 1872 609 ia
1885 545 1966 608 iuu-

1165 629 1217 694 dis
1239 635 1297 696 aut
1310 635 1446 711 praediis
1469 637 1738 714 presbyterorum
1753 642 1806 704 vel
1821 643 1963 705 colono·-

1165 743 1240 792 rum
1265 745 1379 792 eorum
1406 736 1604 797 emerserint
1630 738 1779 800 totaliter
1792 740 1856 816 ipsi
1874 741 1965 818 epis-

1166 841 1249 904 copo
1277 829 1441 893 attineant
1472 832 1507 894 in
1545 834 1794 898 satisfaciendo.
1831 839 1866 898 Si
1887 839 1963 915 quis

1166 923 1269 999 igitur
1283 925 1346 987 boc
1361 926 1471 988 datum
1483 929 1550 990 tam
1566 933 1810 996 rationabiliter
1822 936 1962 998 institu-

1164 1019 1234 1081 tum
1259 1037 1393 1084 cassare
1415 1027 1639 1097 attentaverit,
1660 1030 1753 1106 regia
1775 1031 1900 1094 tutione
1924 1049 1961 1095 sa

1166 1121 1603 1198 noveritcompiectendum.

1205 1217 1324 1278 Datum
1339 1235 1428 1280 anno
1442 1223 1559 1295 gratiae
1571 1239 1659 1287 anno
1673 1225 1715 1286 ab
1728 1227 1961 1292 incarnatione

1166 1314 1298 1375 Domini
1314 1317 1487 1390 MCCXIX,
1497 1331 1585 1382 anno
1602 1323 1696 1397 regni
1711 1325 1817 1386 nostri
1831 1327 1964 1388 tertio.»

1205 1439 1297 1500 Nulli
1313 1455 1393 1516 ergo
1405 1443 1541 1504 omnino
1558 1444 1729 1508 bominum
1754 1449 1854 1511 liceat
1875 1450 1962 1512 banc

1141 1575 1142 1578 ,
1165 1535 1320 1612 paginam
1346 1541 1470 1602 nostrae
1491 1541 1752 1606 confirmationis
1775 1544 1960 1623 intringere

1165 1633 1218 1693 val
1230 1634 1261 1693 ei
1276 1650 1360 1694 ausu
1371 1637 1549 1700 temerario
1563 1640 1749 1718 contrair03
1764 1643 1792 1704 si
1808 1645 1881 1722 quis
1896 1659 1961 1707 au·

1164 1732 1231 1792 tem
1244 1731 1306 1792 boc
1321 1734 1486 1796 attentare
1499 1741 1748 1815 presumpserit
1759 1741 1965 1817 indignatio-

1164 1844 1241 1888 nem
1253 1830 1489 1907 omnipoientis
1516 1835 1575 1896 Dei
1590 1838 1624 1898 ei
1640 1836 1810 1900 beatorum
1827 1840 1917 1902 Petri
1928 1843 1964 1902 et

1167 1926 1261 1986 Pauli
1274 1927 1499 2003 apostolorum
1511 1932 1596 2008 ejus,
1609 1948 1646 1996 se
1658 1935 1791 1998 noverit
1801 1936 1960 1998 incursu·

1164 2037 1249 2084 rum.
1272 2025 1390 2086 Datum
1412 2026 1580 2100 Laterani,
1598 2031 1627 2090 ii
1642 2046 1748 2092 nonas
1760 2032 1960 2106 novembris,

1165 2119 1376 2197 pontificatus
1391 2124 1496 2185 nostri
1515 2141 1603 2186 anno
1619 2127 1745 2204 quinto.

1466 2348 1661 2439 LXXXVI
1735 2279 1744 2292 ἱ

1183 2499 1234 2556 Ad
1258 2462 1481 2561 aeneatorum
1505 2503 1711 2564 scarertsem
1732 2507 1937 2581 episcopum.

1458 2630 1557 2691 incv.
1582 2634 1660 2692 istd.

1272 2753 1418 2819 [Liljegran.
1432 2757 1540 2808 Svenslat
1551 2755 1626 2822 dipl,
1640 2758 1660 2816 i,
1674 2759 1731 2820 sit,
1744 2774 1768 2810 n.
1784 2761 1850 2826 lest

1163 2868 1305 2928 Honorius
1319 2872 1360 2930 iil
1372 2872 1503 2931 concedit
1518 2871 1680 2933 facultatem
1701 2877 1867 2936 absolvendi
1894 2880 1959 2938 illos

1198 2960 1247 3030 qui
1261 2967 1376 3033 propter
1388 2960 1583 3021 dilliauitatem
1598 2963 1704 3046 laboris
1726 2974 1756 3024 at
1771 2967 1882 3026 viarum
1897 2969 1956 3028 dis·

1197 3049 1315 3106 crimina
1336 3047 1543 3108 absolutionem
1559 3053 1702 3124 postulare
1721 3057 1884 3130 negligunt.

1201 3176 1368 3238 Honorius
1378 3177 1562 3256 episcopas,
1574 3193 1690 3242 servus
1703 3195 1875 3245 servorum
1883 3185 1955 3258 bai,

1161 3273 1345 3336 venerabili
1375 3273 1508 3337 tratri...
1534 3277 1689 3354 episcopo
1708 3281 1877 3354 scarensi,
1900 3299 1959 3344 sa·

1161 3369 1262 3432 lutam
1288 3370 1322 3436 et
1348 3372 1496 3440 nostran
1515 3374 1732 3450 apostolicam
1753 3375 1958 3442 henedictio-

1161 3483 1248 3532 nem.

1200 3567 1282 3628 Cum
1296 3567 1383 3630 sicut
1397 3569 1430 3629 in
1455 3571 1569 3634 nostra
1585 3571 1786 3648 proposuisti
1806 3589 1959 3652 praesen·

1161 3663 1207 3724 tia
1222 3663 1429 3736 constitutus,
1442 3667 1594 3728 nonnulli
1609 3669 1674 3730 tuae
1689 3669 1843 3732 diaecesis
1857 3672 1891 3732 in
1903 3688 1957 3733 ca·

1161 3776 1279 3821 nonem
1304 3762 1380 3823 latae
1406 3763 1579 3825 sententiae
1600 3764 1796 3836 incidentes,
1821 3771 1957 3846 propter

1160 3858 1245 3934 quod
1270 3860 1381 3920 essent
1404 3859 1446 3920 ad
1469 3860 1588 3922 sedem
1609 3864 1833 3938 Apostolicam
1852 3867 1957 3929 desti-

311 3961 491 4032 firmamus„
515 3961 548 4024 et
575 3959 749 4036 paesentis
775 3959 890 4035 scripti
919 3957 1104 4036 patrocinio
1159 3955 1261 4016 nandi
1276 3957 1458 4026 secandum
1471 3959 1649 4024 canonicas
1666 3961 1868 4035 sanctiones,
1878 3963 1956 4026 dum

310 4059 561 4134 communimus.
585 4055 633 4119 Ad
647 4059 806 4132 majorem
837 4058 948 4120 autem
962 4055 1013 4119 rei
1028 4056 1103 4118 evi·
1159 4051 1372 4114 considerant
1385 4053 1613 4118 difficultatem
1624 4057 1760 4130 laboris,
1775 4062 1808 4121 et
1824 4061 1954 4123 viarum

309 4155 459 4224 dentiam,
475 4156 624 4218 tenorem
651 4153 838 4218 litterarum
855 4153 1002 4230 ipsarum
1017 4168 1105 4230 prae·
1158 4149 1364 4222 discrimina,
1393 4153 1567 4228 negligunt
1607 4153 1827 4218 absolutionis
1853 4157 1955 4219 bene-

308 4227 458 4324 sentinus
473 4251 628 4314 duximus
639 4251 858 4328 inserendum,
873 4251 929 4328 qui
944 4249 1023 4312 talis
1034 4251 1101 4312 est:
1159 4244 1270 4306 licium
1280 4246 1458 4322 postulare,
1473 4261 1545 4319 nos,
1560 4249 1593 4309 et
1606 4248 1740 4310 illorum
1756 4251 1858 4314 saluti
1873 4268 1956 4314 coa-

308 4325 377 4410 ‹ln
388 4349 660 4411 nominesanctae
676 4347 900 4409 etindividuae
915 4347 1101 4420 Trinitatis,
1159 4343 1279 4415 solere,
1290 4359 1329 4404 ac
1348 4343 1414 4407 tuae
1431 4343 1635 4408 maternitati
1648 4347 1779 4408 deferre
1792 4348 1953 4422 volentes,

306 4446 475 4510 lebannes
486 4447 544 4507 Dei
560 4445 744 4524 gratiaram
760 4446 972 4508 Svetiorum.
988 4447 1104 4506 Omni·
1159 4439 1352 4502 absolvendi
1366 4457 1423 4502 eos
1437 4444 1531 4518 juxta
1550 4441 1689 4504 formam
1706 4445 1861 4509 Ecclesiae
1876 4447 1956 4510 libe-

308 4544 369 4606 bus
384 4543 506 4605 Christi
531 4541 682 4602 ildelibas
707 4556 855 4617 praesens
874 4541 1033 4618 scriptum
1055 4543 1104 4602 ias
1158 4537 1301 4599 ramtibi
1312 4539 1509 4600 auctoritate
1519 4542 1733 4616 praesentium
1742 4545 1955 4606 concedimus

307 4641 476 4712 tuentibus
488 4639 540 4702 ael
555 4637 766 4701 audientibus
781 4638 816 4699 in
836 4639 1042 4722 perpetuum,
1055 4643 1104 4702 Ex
1158 4633 1360 4706 facultatem,
1376 4635 1441 4696 nisi
1456 4635 1540 4698 torte
1553 4637 1599 4700 ita
1620 4643 1709 4700 esset
1723 4639 1839 4703 talium
1854 4659 1956 4704 enor-

307 4740 427 4802 delicto
442 4738 539 4816 primi
551 4734 1102 4820 parentiscunctisiniligiturquod
1158 4732 1220 4792 mis
1236 4747 1403 4804 excessus,
1426 4734 1512 4810 quod
1528 4736 1647 4798 marito
1661 4735 1818 4801 deberent
1833 4739 1873 4801 ad
1888 4743 1953 4801 se-

307 4839 452 4899 bamana
471 4835 629 4906 memoria
645 4833 757 4916 labilis
773 4834 816 4896 sit
834 4835 869 4897 et
886 4833 1023 4906 caduca,
1036 4835 1101 4896 nisi
1157 4830 1231 4890 dem
1252 4830 1474 4907 Apostolicam
1499 4831 1670 4906 destinari,
1692 4837 1803 4913 utpote
1829 4838 1858 4899 si
1874 4855 1955 4915 pro-

305 4952 359 4997 res
371 4933 473 5012 gestae
485 4929 793 5013 vivacilitterarum
806 4931 997 5006 testimonio
1009 4932 1102 4996 roho
1136 5010 1138 5014 Ι
1157 4927 1312 4990 cederent
1331 4928 1372 4990 ad
1386 4929 1628 4993 mutilationem
1644 4933 1876 5008 membrorum,
1894 4951 1954 4998 seu

305 5033 433 5096 rantur.
457 5029 596 5092 Noverit
621 5028 783 5104 siquidem
805 5031 873 5090 tam
888 5031 1100 5106 praesentium
1156 5041 1291 5101 gravem
1306 5028 1483 5103 sanguinis
1496 5027 1705 5102 effusionem,
1719 5031 1771 5093 vel
1786 5034 1827 5093 ad
1842 5035 1952 5112 injac-

305 5133 385 5196 aetas
401 5144 498 5208 qaam
512 5118 696 5188 futurorum
710 5126 897 5203 posteritas,
906 5125 991 5205 quod
1002 5126 1035 5186 in
1047 5126 1101 5190 die
1155 5124 1279 5185 tionem
1293 5139 1449 5185 manuum
1463 5126 1498 5186 in
1509 5125 1712 5205 episcopum,
1723 5129 1774 5191 vel
1788 5129 1951 5206 abbatem,

305 5225 595 5292 inthronizationis
618 5221 740 5285 nostrae
765 5223 898 5286 domino
922 5222 1100 5286 Benedicta
1155 5221 1241 5298 quod
1268 5237 1334 5282 non
1363 5225 1451 5284 esset
1476 5223 1511 5284 in
1544 5225 1705 5301 patientia
1731 5225 1950 5291 tolerandum.

305 5327 461 5392 scarensi
476 5324 630 5401 episcopo
644 5322 815 5388 etcaeteris
828 5319 992 5397 episcopis
1005 5322 1099 5397 regni
1155 5322 1273 5382 Datum
1295 5319 1475 5392 Lateranii,
1493 5323 1523 5382 ii
1538 5337 1644 5384 nonas
1660 5325 1857 5399 novembris,
1874 5343 1954 5404 pon·

306 5425 412 5492 nostri
428 5421 627 5485 contulimus
648 5418 875 5497 possessiones
890 5417 1098 5490 ecclesiasti·
1155 5419 1302 5502 titlcatas
1318 5419 1423 5479 nostri
1438 5433 1526 5481 anno
1542 5421 1667 5498 qllinto.
