4300 6392
317 323 377 386 483
942 316 1117 380 HONORII
1139 317 1183 376 111
1206 317 1353 378 OPERA.
1908 314 1967 377 484

319 484 501 550 claustrum
527 483 632 554 libere
661 481 869 565 permittatis,
899 478 1110 556 disciplinam
1167 476 1209 538 cii
1225 475 1384 538 nostriad
1409 473 1555 536 debitum
1580 473 1963 551 perducatureffectum.

316 582 445 653 ordinis
465 583 668 658 recepturos,
685 597 727 644 ne
750 579 849 648 aliter
873 578 1025 646 iaciendo
1047 577 1111 640 tri-
1167 573 1358 650 eapropter,
1376 572 1487 635 dilecti
1509 573 1543 638 in
1573 572 1711 638 Domino
1737 572 1811 645 dlii,
1839 573 1962 638 vestris

316 679 427 748 buatis
451 680 575 742 eisdem
599 677 773 743 audaciam
795 676 1000 741 detrectandi
1026 676 1109 738 obe·
1160 672 1262 747 iustis
1290 669 1567 750 postulationibus
1592 674 1687 746 grato
1722 671 1963 732 concurrentes

317 777 637 854 dientiaeJugum,·et
651 775 799 851 ipsorum
816 773 972 842 ahbatum
996 774 1109 852 potes-
1165 784 1316 841 assensu,
1340 784 1499 846 personas
1521 769 1649 828 vestras
1664 767 1697 828 et
1711 767 1821 828 locum
1836 767 1872 830 in
1897 783 1963 844 quo

315 876 416 936 tatem
431 872 670 951 quodammodo
690 871 866 939 enervatis.
888 871 972 935 illud
997 872 1110 934 autem
1165 865 1279 928 divino
1291 867 1371 930 estis
1384 865 1543 944 obsequio
1557 865 1740 944 mancipati
1754 880 1829 926 cum
1852 866 1966 930 omni·

315 971 497 1037 districtius
521 969 721 1042 iuhibemus,
749 984 792 1032 ne
826 985 887 1046 pro
917 969 1110 1032 relaxandis
1164 962 1225 1025 bus
1239 963 1337 1026 bonis
1352 979 1425 1044 quae
1438 963 1476 1024 in
1489 962 1743 1042 praesentiarum
1764 961 1954 1024 rationabi-

315 1066 667 1131 axcommunicationis
690 1066 864 1132 sententiis
890 1065 1109 1146 promulgatis
1164 1061 1242 1124 liter
1256 1061 1433 1141 possidetis
1448 1061 1552 1122 autin
1567 1058 1715 1122 futurum
1725 1059 1826 1137 justis
1837 1059 1957 1134 modis,

314 1165 349 1226 in
360 1165 461 1242 ipsos,
476 1180 607 1242 poenam
619 1165 848 1242 pecuniariam
861 1163 1019 1239 exigatis,
1032 1179 1108 1228 cum
1164 1159 1342 1236 praestante
1371 1157 1522 1226 Domino,
1550 1157 1701 1236 poteritis
1719 1156 1871 1235 adipisci,
1894 1157 1955 1221 sub

312 1279 379 1324 non
394 1262 539 1327 habeant
558 1261 739 1341 proprium,
765 1275 826 1325 nec
848 1261 982 1327 illorum
1010 1261 1108 1338 culpa
1163 1255 1252 1320 beati
1279 1255 1369 1320 Petri
1391 1257 1425 1320 et
1444 1255 1559 1320 nostra
1587 1255 1792 1332 protectione
1816 1256 1969 1334 suscipis

314 1359 432 1428 debeat
446 1360 482 1423 in
503 1358 654 1422 ecclesie
670 1374 739 1442 suae
756 1357 965 1434 dispendium
981 1357 1108 1423 redun-
1164 1369 1248 1415 mus.
1267 1353 1463 1430 specialiter
1478 1354 1589 1415 autem
1611 1353 1652 1416 de
1673 1352 1890 1425 Attenburen,
1919 1344 1961 1415 de

312 1457 404 1521 dare.
421 1457 540 1522 Datum
554 1455 641 1534 apud
666 1454 787 1518 Urbem
800 1455 965 1526 Veterem,
983 1454 1110 1517 duode-
1163 1454 1377 1522 Annenuscm
1394 1450 1435 1516 de
1447 1449 1631 1524 Holchaim,
1648 1451 1682 1512 et
1702 1451 1743 1513 da
1769 1449 1956 1528 Lebzingen

314 1555 401 1620 cimo
418 1553 486 1616 kal.
502 1552 647 1632 augusti,
663 1549 875 1632 pontificatus
890 1553 996 1616 nostri
1020 1567 1108 1617 anno
1164 1547 1355 1612 ecclesiasa
1370 1547 1465 1613 bonae
1478 1547 1646 1608 memoriae
1657 1549 1696 1608 li.
1711 1546 1862 1611 ecclesie
1877 1562 1955 1610 ves·

315 1653 445 1728 quarto.
1163 1646 1223 1708 trae
1249 1645 1438 1723 preposito,
1462 1644 1504 1707 ad
1530 1660 1627 1721 quem
1642 1644 1790 1720 ipsarum
1821 1643 1957 1706 donatio

610 1731 812 1869 CLXXXV
860 1745 862 1749 ’
1163 1741 1360 1820 pertinebat,
1377 1742 1433 1818 pia
1451 1740 1755 1802 vobisliberalitate
1766 1755 1956 1812 concessas,

1163 1838 1344 1903 dioecesani
1356 1837 1502 1918 episcopi
1518 1837 1559 1900 ad
1581 1838 1644 1900 hoc
1668 1837 1845 1899 accedente
1872 1853 1959 1899 con-

455 1919 510 1978 Ad
529 1917 717 1992 capitutum
737 1917 962 1992 Audlsslellie·
1164 1952 1275 2008 sensu,
1292 1935 1378 1999 sicut
1393 1951 1449 1998 aas
1461 1939 1551 2013 juste
1566 1951 1606 1999 ac
1626 1935 1763 2012 pacifice
1777 1935 1953 2012 possidetis

607 2029 640 2086 il
654 2029 717 2101 julii
732 2027 811 2086 liiii.
1163 2032 1255 2096 vobis
1268 2032 1301 2094 et
1315 2047 1374 2112 per
1387 2047 1446 2094 vos
1461 2032 1611 2095 ecclesiae
1622 2033 1741 2094 vestrae
1759 2032 1958 2094 auctoritate

486 2135 609 2196 [llonum.
623 2133 708 2192 Borea,
724 2133 842 2191 XXXHI,
853 2147 871 2192 ¹.
885 2133 938 2198 aa]
1162 2129 1351 2205 apostolica
1362 2128 1606 2202 confirmamus,
1615 2131 1647 2192 et
1655 2128 1829 2206 praesentis
1840 2129 1957 2206 scriptl

316 2235 374 2309 lpsi
395 2233 535 2291 ecclesias
558 2233 587 2289 in
613 2229 805 2300 Attenburen,
828 2231 1014 2299 Annennaen,
1038 2230 1105 2289 Hol-
1164 2226 1347 2302 patrocinio
1363 2226 1958 2301 communimusNulliergoomuino

349 2323 443 2380 anaim
458 2319 671 2394 ilhebzissdess·
689 2318 725 2376 ab
748 2321 783 2376 ll.
799 2319 929 2377 θῡῡῐθῦίω
943 2321 1019 2392 Aut·
1033 2333 1105 2390 ltrae·
1163 2323 1350 2384 nominum
1369 2323 1468 2384 liceat
1504 2323 1591 2385 banc
1639 2323 1794 2398 paginam
1833 2324 1958 2386 nostrae

350 2409 552 2486 posito-eidem
566 2409 698 2480 ᾱθῦθῑθῦ,
716 2406 878 2466 wssfllmit·
1163 2419 1379 2496 protectionis
1412 2419 1447 2482 et
1480 2419 1742 2484 confirmationis
1758 2419 1964 2495 infringere,
2035 2423 2036 2428 ’

353 2518 532 2590 Honorius,
548 2517 623 2590 etc,
640 2516 769 2578 dilectis
785 2515 863 2576 dliis
881 2515 1026 2592 capitulo
1040 2517 1110 2576 Au·
1163 2515 1215 2577 vel
1230 2531 1314 2578 ausu
1329 2517 1506 2578 temerario
1518 2517 1739 2580 contrairesi
1755 2515 1830 2594 quis
1845 2517 1956 2584 autem

314 2615 475 2699 garstensi,
491 2614 674 2678 salutemet
682 2612 898 2691 apostolicam
908 2611 1110 2678 benedictio-
1163 2614 1227 2676 hoc
1239 2615 1403 2676 attentare
1417 2613 1678 2692 presumpserit,
1693 2613 1958 2690 indignationem

316 2729 404 2781 nam.
1163 2708 1397 2786 omnipotentis
1440 2708 1499 2772 Dei
1537 2710 1571 2773 et
1599 2708 1771 2772 beatorum
1810 2709 1903 2772 Petri
1927 2709 1960 2770 et

357 2813 437 2872 Cum
453 2824 473 2870 a
487 2807 583 2871 nobis
602 2807 725 2886 petitur
748 2807 834 2885 quod
854 2807 982 2886 justum
1003 2807 1055 2869 est
1077 2809 1112 2870 et
1165 2807 1261 2870 Pauli
1276 2807 1502 2885 apostolorum
1515 2808 1587 2885 ejus
1602 2821 1637 2868 sa
1652 2805 1782 2870 noverit
1795 2805 1958 2868 incursu·

319 2907 504 2972 honestum,
521 2907 589 2967 tam
612 2905 708 2982 vigor
724 2905 889 2982 aequitatis
909 2920 1006 2981 quam
1028 2904 1109 2965 ordo
1164 2919 1249 2964 rum.
1265 2905 1383 2966 Datum
1396 2903 1482 2984 apud
1498 2903 1620 2966 Urbem
1635 2905 1800 2976 Veterem,
1813 2905 1874 2964 Xll
1889 2902 1959 2966 kal.

322 3001 428 3078 exigit
442 3002 592 3072 rationis,
603 3002 639 3060 ut
652 2999 684 3061 id
699 3015 757 3076 per
768 2999 1026 3064 sollicitudinem
1042 2999 1111 3062 oid·
1165 3000 1308 3076 angusti,
1323 2999 1533 3080 pontificatus
1547 3000 1652 3067 nostri
1663 3015 1751 3064 anno
1764 3001 1893 3078 quarto.

955 3303 1321 3322 w

820 3633 1051 3762 urnula
1106 3579 1451 3782 ournrus

1047 3938 1249 3960 h*

517 4197 582 4289 bu
619 4193 811 4301 Quinto
849 4199 1070 4289 HONORII
1108 4197 1168 4290 III
1207 4197 1572 4308 ranunculus
1608 4203 1764 4292 ΑΝΝΟ.

353 4454 444 4524 Quam
460 4454 488 4512 in
501 4468 577 4512 anno
592 4451 763 4528 precedenti
778 4454 865 4512 multa
881 4453 917 4510 de
927 4453 1069 4514 Frederici
1084 4455 1115 4512 in
1205 4454 1389 4532 Promulgnta
1402 4458 1489 4534 igitur
1502 4451 1553 4516 fnit
1565 4459 1594 4518 in
1604 4458 1870 4520 BasilicaVaticaua
1884 4471 1966 4520 cons

318 4552 519 4625 imperatorem
531 4550 829 4609 incoronationedlcta
840 4549 1113 4624 scriptavaiuerent,
1170 4553 1263 4612 titutio
1290 4555 1447 4627 imperialis
1470 4555 1506 4613 de
1521 4555 1706 4630 abrogatione
1726 4563 1754 4616 el
1771 4555 1964 4618 destructione

320 4649 381 4722 ipse
406 4663 473 4720 cum
495 4648 584 4706 multo
609 4655 638 4708 et
666 4647 843 4708 nobilissimo
868 4649 1005 4716 comitatu
1029 4647 1116 4722 Alpca
1170 4651 1299 4709 omnium
1313 4659 1483 4710 statutorum
1497 4667 1530 4710 ac
1542 4653 1779 4712 consuetudinum
1799 4659 1896 4712 eontra
1914 4667 1961 4710 ec·

319 4745 472 4818 transiens,
486 4747 631 4806 Veronam
647 4745 785 4817 pervenit,
799 4743 894 4816 ibique
907 4743 1041 4802 subsistit.
1057 4745 1113 4804 Lit·
1170 4747 1273 4805 cleaim
1282 4748 1328 4806 vel
1342 4749 1565 4810 eeclesiasticam
1580 4749 1749 4822 libertatem,
1763 4758 1794 4808 el
1807 4750 1881 4808 inter
1893 4749 1962 4808 mie·

319 4849 395 4903 teras
409 4842 445 4904 dc
454 4857 529 4900 novo
542 4841 578 4900 ad
587 4841 754 4900 Pontificem
765 4840 867 4900 direxit
879 4841 908 4899 in
919 4841 1023 4914 quibus
1035 4857 1116 4902 uam
1171 4858 1267 4904 aarum
1298 4847 1437 4904 solemnia
1469 4846 1662 4906 anathematis
1696 4847 1868 4906 seutentiam
1902 4845 1965 4905 tulit

319 4946 348 4997 et
362 4938 553 5001 obedientiam
563 4947 591 4998 ct
600 4939 788 5003 reverentiam
797 4940 895 4996 testari
903 4939 1000 4998 voluit
1011 4938 1117 5008 Quibus
1172 4943 1314 5000 Honorius
1330 4942 1469 5004 adversus
1484 4943 1633 5004 hereticos
1650 4959 1750 5002 omnes
1764 4950 1793 5002 et
1814 4943 1963 5009 heretico·

321 5037 464 5114 perlectis,
475 5037 618 5096 Honorius
631 5036 775 5108 rescripsit
788 5035 823 5097 ad
833 5037 999 5112 episcopum
1008 5039 1115 5099 Tuscu·
1172 5052 1234 5097 rum
1257 5037 1391 5098 fautores.
1412 5041 1492 5109 Quod
1515 5038 1606 5098 teum
1632 5040 1783 5102 sacerdotii
1804 5048 1834 5098 et
1854 5038 1966 5113 imperii

319 5134 416 5192 lanum
436 5141 465 5191 et
479 5133 638 5192 Alalrinum
657 5133 848 5206 capellanum,
863 5135 906 5193 eia
921 5131 1074 5202 mandans,
1086 5140 1118 5192 ut
1172 5149 1230 5194 non
1242 5135 1330 5194 semel
1343 5143 1442 5208 postea
1458 5136 1625 5196 Frederlcus
1638 5137 1757 5198 elusisse
1770 5136 1890 5198 videtur.
1909 5135 1967 5196 Sed

319 5230 485 5303 capitularia
500 5228 632 5304 quaedam
648 5229 1040 5304 Frederlcoproponerentur,
1054 5243 1118 5302 quae
1172 5230 1234 5288 baec
1252 5232 1432 5308 imperatoris
1455 5235 1602 5294 coronatio
1623 5235 1704 5311 quasi
1726 5233 1849 5307 primum
1872 5233 1968 5297 locum

320 5329 350 5386 in
369 5329 431 5402 ipsa
448 5325 495 5384 die
508 5327 743 5398 incoronationis,
760 5327 813 5384 auh
832 5327 949 5385 nomine
964 5326 1116 5399 imperiali,
1172 5335 1250 5388 tanet
1258 5331 1333 5388 inter
1347 5331 1417 5390 aliea
1431 5331 1516 5404 hujus
1531 5332 1598 5390 anni
1613 5333 1709 5391 varios
1719 5337 1850 5389 eventus.

321 5425 351 5483 in
364 5425 485 5485 Basilica
498 5424 635 5500 principis
648 5425 847 5498 Apostolorum
857 5423 1078 5500 publicarentur,
1090 5431 1119 5483 et
1208 5428 1281 5488 Dum
1295 5425 1447 5486 hereticos
1467 5429 1568 5490 aerilm
1589 5426 1718 5492 Pontifex
1731 5426 1967 5502 persequebatur,

216 5541 219 5548 ·
321 5523 587 5585 aimultractaretur
608 5521 644 5582 de
668 5521 839 5582 necessitate
854 5521 1061 5608 crucesignatis
1089 5521 1119 5580 in
1148 5569 1149 5572 ,
1173 5531 1430 5598 temperamentum
1447 5525 1659 5598 adhibuiterga
1679 5525 1859 5587 toacbimum
1877 5523 1964 5582 abba·

323 5621 436 5680 Oriente
446 5616 862 5698 quamprimumsubveniendi.
988 5683 991 5688 ,
1172 5627 1242 5692 tem;
1257 5619 1337 5692 cuius
1352 5623 1588 5685 commentarium
1603 5622 1630 5678 in
1648 5625 1761 5680 Petrum
1776 5619 1967 5680 Lambardum
