4248 6410
812 325 818 332 ·
929 299 1104 362 HONORII
1126 300 1170 359 111
1192 301 1340 363 OPERA„
1394 323 1397 331 ¹
1477 334 1483 348 =

634 470 775 556 CXVII

405 613 457 671 Ad
476 612 860 689 Waldarrmrumrapem
871 617 998 676 Dactoe.

576 732 733 791 ideeemb.
750 733 828 792 trau.

445 847 615 912 [Submllist.
636 848 664 898 ai
683 848 820 908 Danmarir,
834 850 878 908 lx,
893 849 959 916 lib]

304 963 401 1021 Monet
412 977 511 1037 regem
526 979 558 1021 se
573 961 710 1037 deputare
725 964 759 1022 ad
776 974 871 1038 partes
883 968 978 1024 Dacia
988 967 1097 1040 Grego-

341 1052 424 1119 rium,
441 1052 534 1108 Sancti
557 1051 698 1111 Theodori
713 1054 898 1126 cardinalem,
921 1069 1059 1112 concesso
1074 1055 1100 1112 ei

340 1139 422 1212 plene
432 1140 585 1213 legationis
596 1141 700 1200 cilicio.

345 1267 451 1337 Quum
474 1267 518 1338 te,
536 1267 622 1330 sicut
636 1267 836 1330 catholicum
856 1268 1051 1347 principem,
1068 1269 1101 1330 et

305 1363 462 1457 Ecclesiae
475 1367 634 1426 Romanae
649 1366 814 1438 devotum,
830 1367 960 1428 sincera
980 1367 1102 1442 diliga-

303 1477 378 1522 mus
387 1461 421 1521 in
431 1462 569 1523 Domino
581 1463 826 1536 charitate,tuae
840 1463 1023 1526 libenterin
1033 1463 1098 1536 bis,

305 1574 379 1634 qum
406 1560 587 1620 secundum
611 1563 714 1622 Deum
739 1560 1102 1656 desiderassatislaoi-¹

304 1671 378 1716 mns
392 1656 565 1719 voluntati.
583 1661 689 1731 Quum
704 1658 807 1734 igitur
819 1659 886 1720 tam
902 1675 962 1736 per
971 1659 1099 1721 litteras

304 1754 391 1824 tuas,
400 1769 498 1830 quam
508 1752 590 1834 [per]
600 1756 758 1816 nuncium
768 1755 1050 1834 postulaverisnt,
1059 1755 1100 1816 ad

305 1851 416 1927 partes
425 1851 511 1922 tuas,
520 1851 665 1927 legatum
674 1853 714 1914 de
725 1856 838 1915 nostro
846 1853 951 1915 latere
959 1854 1101 1914 mittere-

280 2019 286 2028 !
304 1964 389 2020 mus,
406 1964 484 2010 ecce
497 1950 564 2010 tuis
580 1951 828 2026 acquiescentes
844 1949 1000 2028 precibus
1024 1950 1102 2012 mii-

304 2045 405 2106 timus
423 2045 504 2108 illnc
523 2046 679 2108 dilectum
695 2047 799 2107 tilium
814 2048 962 2109 nestrum
975 2051 1102 2123 Grego-

195 2131 200 2139 ’
304 2141 403 2213 rium,
433 2144 466 2204 S.
493 2143 657 2206 Theodori
680 2145 856 2206 diaconum
884 2144 1099 2216 cardinalem,

304 2239 413 2300 virum
428 2221 604 2317 prudentia
619 2243 651 2303 et
666 2242 840 2305 honestate
854 2243 1046 2320 conspicua,
1062 2258 1102 2304 ac

305 2335 546 2399 interemtores
570 2337 690 2400 iratres
713 2340 855 2411 nostros,
884 2339 953 2400 suis
973 2340 1101 2401 meritis

293 2433 526 2521 exigentibus,
550 2435 645 2498 nobis
665 2436 857 2514 specialiter
871 2452 996 2508 carum,
1022 2452 1103 2498 con-

305 2547 399 2594 cesso
414 2533 446 2594 ei
470 2532 577 2610 plenae
599 2533 776 2610 legationis
799 2534 910 2596 officio
923 2550 983 2611 per
996 2535 1101 2597 totum

304 2631 508 2706 generaliter
523 2646 660 2707 regnum
674 2633 779 2693 tuum.
796 2634 907 2709 Ipsum
921 2631 1032 2709 itaque
1045 2632 1101 2708 qui

305 2744 525 2804 aggressurus
533 2729 598 2791 iter
607 2729 641 2790 in
653 2730 816 2806 proximo,
825 2731 890 2791 cilo
899 2730 939 2790 ad
949 2732 981 2792 te
990 2730 1102 2790 divino

305 2826 420 2888 lavore
434 2826 612 2888 comitante
628 2827 808 2903 perveniet,
825 2827 912 2888 sicut
927 2843 1102 2904 personam

307 2924 455 2986 nostram
480 2923 613 2985 curabis
638 2940 712 2985 cum
741 2923 995 2987 honorificentia
1017 2927 1050 2985 te
1071 2924 1104 2986 et

306 3021 381 3098 ipso
403 3020 503 3097 digna
527 3021 687 3098 recipere,
702 3023 735 3084 et
756 3021 792 3082 in
816 3037 856 3082 eo
881 3021 1101 3093 devotionem,

307 3135 406 3196 quam
421 3117 462 3181 ad
487 3121 670 3181 Romanam
685 3117 788 3180 babes
801 3119 994 3190 Ecclesiam,
1006 3118 1105 3180 exbi-

307 3215 397 3280 bere.

626 3331 787 3444 curm

309 3477 361 3536 Ad
384 3473 610 3548 propositum
636 3473 671 3536 et
691 3473 879 3548 capitulum
903 3475 938 3535 S.
957 3476 1106 3534 Androm

573 3571 845 3634 Worrnottcnsis.

576 3691 732 3750 ddecemb.
751 3692 831 3751 1²20.

388 3808 474 3874 [baur.
487 3807 618 3859 Hessische
628 3807 776 3867 Urlrundsn,
791 3807 823 3869 ll,
834 3823 859 3872 p.
877 3807 918 3869 tie,
936 3821 960 3858 n.
971 3806 1024 3872 tn]

310 3917 361 3974 liis
373 3921 513 3974 statutum
523 3913 559 3971 nb
572 3913 616 3971 eis
630 3911 735 3971 lactum
757 3911 796 3970 de
807 3912 925 3972 duamm
944 3913 1108 3984 prebenda·

346 4003 549 4152 {nmssfflmiae
563 4018 624 4061 suaa
632 4000 788 4060 redditibus
800 4000 915 4062 fabrica
925 4002 1105 4075 deputandis,

1892 299 1951 362 584

1156 461 1324 528 Laterani,
1349 460 1379 521 11
1394 474 1500 521 nonas
1525 457 1720 532 decembris,
1738 458 1950 536 pontificatus

1156 558 1260 620 nostri
1275 573 1363 620 anno
1379 555 1508 634 quinte.

1325 867 1378 928 Ad
1396 867 1584 941 capitutum
1608 867 1773 930 Malansc.

1426 989 1443 1046 4
1455 987 1585 1046 decemb.
1603 988 1682 1046 lino.

1186 1101 1306 1168 [Regem.
1318 1101 1363 1154 lib.
1378 1101 1407 1160 V.
1419 1103 1495 1168 epist.
1507 1103 1561 1154 208.
1574 1105 1632 1154 lisa.
1646 1105 1682 1155 La
1691 1105 1767 1155 Porta
1775 1104 1810 1155 dn
1821 1104 1916 1170 Tbeil.]

1156 1211 1307 1279 statutum,
1323 1209 1399 1283 qnod
1412 1210 1542 1267 canonici
1562 1209 1695 1268 absentes
1709 1225 1766 1268 non
1782 1211 1951 1284 participent

1190 1298 1245 1356 nisi
1256 1313 1342 1356 causa
1358 1297 1454 1368 studii,
1482 1300 1650 1357 auctoritate
1668 1299 1829 1373 apostolice
1848 1299 1951 1357 conilr¹

1190 1394 1259 1445 mat.

1195 1496 1375 1568 Honorius,
1392 1493 1467 1568 ete,
1484 1494 1615 1558 dilectis
1629 1495 1707 1558 liliis
1715 1495 1861 1572 capitulo
1875 1497 1951 1558 Me-

1155 1593 1254 1654 tensi.

1196 1700 1275 1770 Quae
1302 1714 1361 1775 pro
1386 1697 1602 1762 ecclesiarum
1638 1699 1781 1762 utilitate
1813 1699 1952 1777 provide

1157 1797 1541 1873 statuunturApostolico
1553 1795 1648 1858 decet
1659 1797 1840 1857 munimine
1853 1796 1955 1858 robo-

1157 1893 1237 1965 rari,
1268 1909 1310 1954 ne
1338 1894 1596 1972 praesumptione
1616 1897 1812 1972 cujusquam
1826 1895 1953 1956 temera

1156 1990 1391 2053 dissolvantur.
1417 1991 1498 2052 Cum
1513 1991 1616 2067 igitur
1629 1991 1807 2063 communi,
1822 1992 1855 2052 et
1866 2007 1952 2053 con-

1157 2088 1247 2148 cordi
1263 2087 1403 2150 consilio
1419 2087 1613 2160 statueritis,
1629 2088 1665 2149 ut
1677 2087 1830 2149 canonici
1844 2087 1955 2149 eccle-

1157 2185 1215 2246 siae
1227 2187 1347 2247 uestrae
1363 2185 1397 2245 in
1409 2185 1559 2248 absentia
1574 2199 1645 2257 sna,
1660 2184 1725 2245 nisi
1738 2201 1840 2247 causa
1855 2201 1955 2261 pere·

1156 2279 1367 2358 grinationis,
1395 2283 1454 2344 ant
1489 2282 1602 2354 studii,
1634 2297 1695 2343 seu
1732 2281 1773 2344 de
1813 2281 1955 2358 capituli

1157 2379 1303 2451 licentia,
1335 2379 1401 2442 sint
1432 2379 1601 2452 absentes,
1623 2378 1786 2441 fructibus
1814 2393 1951 2440 suarum

1157 2478 1294 2538 careant
1308 2475 1570 2554 praebendarum,
1587 2492 1648 2538 nos
1663 2476 1817 2553 precibus
1830 2476 1954 2539 vestris

1155 2573 1335 2650 benignum
1350 2574 1576 2651 impertientes
1592 2589 1776 2646 assensum,
1794 2574 1955 2636 statutum

1157 2671 1276 2748 ipsum,
1298 2671 1383 2734 sicut
1411 2671 1547 2748 provide
1566 2671 1689 2732 iactum
1713 2671 1773 2743 est,
1798 2671 1952 2732 auctori-

1156 2770 1225 2830 tate
1238 2769 1429 2846 Apostolica
1454 2767 1701 2841 confirmamus,
1724 2769 1758 2830 et
1777 2767 1954 2844 presentis

1157 2865 1273 2943 scripti
1289 2865 1472 2943 patrocinio
1485 2865 1739 2928 communimus.
1754 2865 1846 2926 Nulli
1861 2880 1954 2941 ergo,

1158 2963 1233 3036 etc,
1260 2963 1383 3026 nostrae
1409 2962 1671 3025 confirmationis
1695 2961 1890 3039 infringere.
1918 2962 1957 3022 Si

1158 3060 1232 3138 quis
1247 3062 1369 3132 autem,
1394 3063 1456 3124 stc.
1476 3061 1594 3124 Datum
1621 3059 1789 3133 Laterani,
1810 3057 1958 3122 secundo

1159 3173 1237 3220 non.
1254 3157 1447 3230 decembris,
1462 3171 1551 3220 anno
1564 3157 1690 3234 quinto.

1512 3341 1610 3430 CXX

1337 3477 1591 3551 recapitulem
1609 3475 1775 3538 metense.

1433 3595 1591 3656 ddecemb.
1609 3595 1689 3656 1220.

1208 3703 1330 3768 magdal,
1338 3703 1383 3754 lib.
1401 3703 1433 3762 V,
1445 3717 1485 3768 ep.
1497 3702 1551 3753 alt.
1562 3703 1620 3755 llas.
1632 3703 1667 3753 La
1677 3703 1754 3753 Porta
1768 3703 1802 3754 du
1813 3701 1907 3766 rnen]

1162 3809 1297 3868 Ecclesia
1314 3808 1410 3867 Sancti
1422 3808 1548 3878 Quintinl
1567 3809 1779 3881 possessionem
1793 3821 1859 3866 cum
1872 3809 1959 3882 perti·

1241 3897 1347 3956 uantiis
1361 3898 1529 3956 auctoritate
1539 3897 1703 3970 Apostolioa
1718 3896 1878 3956 confirmat.

1202 4015 1392 4087 Honorius,
1424 4015 1514 4088 etc,
1553 4013 1683 4084 dilectis
1715 4013 1793 4074 tiliis
1812 4013 1958 4092 capitulo

1163 4112 1283 4174 Meton.

190 4527 200 4542 ’
313 4503 547 4566 bedictionem.

350 4209 519 4273 Honorius
529 4209 716 4287 episcopus,
728 4225 843 4271 servus
852 4222 1023 4270 servornm
1034 4208 1105 4282 Dei,
1201 4209 1305 4272 iustis
1321 4208 1504 4288 petentium
1525 4206 1713 4282 desideriis,
1730 4209 1792 4271 etc.
1809 4206 1959 4286 Eaprop-
2086 4283 2089 4296 Ι

312 4309 442 4370 dilectis
452 4308 532 4368 liliis
543 4307 721 4384 preposito
732 4308 765 4368 et
775 4306 1108 4384 capitulosnndreae
1162 4308 1225 4379 tar,
1242 4307 1318 4379 etc,
1343 4319 1451 4380 usqne
1465 4305 1617 4367 inclinati
1634 4327 1641 4364 ε
1656 4305 1832 4367 eeclesiam
1844 4306 1958 4366 Sancti

311 4405 580 4472 wormatiensis,
595 4404 735 4465 salutem
751 4405 785 4465 et
806 4403 1022 4481 apostolicam
1049 4402 1110 4466 be·
1164 4403 1312 4477 Quintini
1340 4419 1415 4464 oum
1441 4401 1652 4480 pertinentiis
1675 4403 1772 4465 vobis
1795 4400 1874 4463 ab...
1898 4401 1960 4463 ab·

1163 4501 1250 4573 bate,
1266 4501 1299 4562 at
1316 4501 1480 4562 conventu
1504 4499 1669 4572 Gorcien„
1686 4500 1752 4560 loci
1770 4499 1960 4561 dioecesano

355 4600 574 4678 Supplicastis
587 4599 694 4671 nobis,
709 4601 746 4661 ut
766 4599 924 4660 statutum
941 4597 1062 4659 iactum
1089 4615 1110 4659 a
1164 4598 1402 4669 consentiente,
1417 4597 1583 4664 collatam,
1595 4597 1636 4657 ad
1650 4597 1876 4674 quotidianam
1889 4595 1961 4657 dis-

312 4698 456 4762 vobisde
466 4697 607 4759 duarum
615 4695 868 4774 praebendarum
879 4696 1029 4758 ecclesiae
1038 4711 1111 4757 vas·
1162 4695 1376 4775 tributionem
1411 4695 1500 4756 inter
1536 4693 1667 4766 iratres,
1699 4694 1754 4770 qui
1789 4692 1961 4754 canonicis

312 4799 374 4859 trae
384 4793 568 4857 redditibus
583 4791 933 4870 fabricaedeputandis,
945 4793 1004 4854 eta
1014 4807 1111 4856 vene.
1165 4793 1258 4854 boris
1272 4793 1469 4863 intererunt,
1482 4790 1679 4863 faciendam,
1689 4791 1775 4853 sicut
1785 4805 1858 4852 eam
1869 4790 1962 4868 iuste

313 4890 413 4956 rabili
437 4891 541 4954 fratre
563 4893 678 4953 nostro
697 4890 936 4952 wormatiensi
955 4891 1110 4968 episcopo
1165 4907 1205 4952 ac
1237 4889 1375 4968 paciiice
1407 4888 1595 4966 possidetis,
1631 4888 1725 4951 vobis
1763 4887 1963 4949 anctoritate

271 5025 279 5032 -
313 4987 1110 5067 confirmatum,apostolicoroboraremunimine
1164 4986 1354 5064 apostoliea
1369 4987 1603 5048 confirmamus
1617 4987 1649 5048 st
1659 4986 1835 5064 praesentis
1845 4985 1964 5061 scripti

314 5089 539 5166 dignaremur.
556 5089 626 5149 Nos
641 5087 744 5163 igitur
755 5085 909 5164 precibus
923 5086 1045 5148 vestris
1058 5085 1112 5146 be·
1165 5085 1350 5164 patrocinio
1373 5084 1624 5146 communimus.
1657 5083 1750 5144 Nulli
1774 5097 1865 5160 ergo,
1883 5085 1963 5152 etc..

313 5189 452 5263 nignum
487 5185 716 5262 impertientes
739 5198 924 5256 assensum,
953 5185 1111 5245 statumm
1166 5184 1287 5246 nostrae
1314 5180 1577 5244 confirmationis
1605 5180 1801 5258 infringere.
1827 5181 1863 5241 Si
1886 5179 1966 5256 quis

314 5287 434 5364 ipsum,
465 5284 553 5346 sicut
577 5283 631 5360 pie
659 5297 699 5343 ac
722 5281 871 5358 'provide
897 5281 1019 5343 sactum
1048 5283 1108 5352 est,
1166 5282 1287 5352 autem,
1300 5282 1361 5342 etc.
1378 5283 1497 5342 Datum
1514 5279 1680 5352 Laterani,
1690 5277 1835 5342 secundo
1855 5292 1968 5338 nonas

316 5381 515 5445 auctoritate
528 5379 719 5457 apostolica
733 5379 978 5441 confirmamus.
993 5380 1111 5442 Datum
1167 5377 1361 5449 decembris,
1378 5391 1466 5438 anno
1481 5375 1606 5452 quinto.
