<?xml version="1.0" encoding="UTF-8"?>
<!DOCTYPE html PUBLIC "-//W3C//DTD XHTML 1.0 Transitional//EN"
    "http://www.w3.org/TR/xhtml1/DTD/xhtml1-transitional.dtd">
<html xmlns="http://www.w3.org/1999/xhtml" xml:lang="en" lang="en">
 <head>
  <title>
</title>
<meta http-equiv="Content-Type" content="text/html;charset=utf-8" />
  <meta name='ocr-system' content='tesseract 3.04.00' />
  <meta name='ocr-capabilities' content='ocr_page ocr_carea ocr_par ocr_line ocrx_word'/>
</head>
<body>
  <div class='ocr_page' id='page_1' title='image "./mediiaevibiblio03bottgoog_0314.png"; bbox 0 0 4248 6410; ppageno 0'>
   <div class='ocr_carea' id='block_1_1' title="bbox 177 293 1825 370">
    <p class='ocr_par' dir='ltr' id='par_1_1' title="bbox 177 293 1825 370">
     <span class='ocr_line' id='line_1_1' title="bbox 177 293 1825 370; baseline 0.005 -8"><span class='ocrx_word' id='word_1_1' title='bbox 177 301 233 362; x_wconf 80' lang='lat' dir='ltr'><strong>ser</strong></span> <span class='ocrx_word' id='word_1_2' title='bbox 788 303 1034 368; x_wconf 77' lang='lat' dir='ltr'><strong>urrsroum.</strong></span> <span class='ocrx_word' id='word_1_3' title='bbox 1059 309 1137 368; x_wconf 72' lang='lat' dir='ltr'><strong>uua.</strong></span> <span class='ocrx_word' id='word_1_4' title='bbox 1162 309 1199 370; x_wconf 90' lang='lat' dir='ltr'><strong>v.</strong></span> <span class='ocrx_word' id='word_1_5' title='bbox 1764 293 1825 370; x_wconf 80' lang='lat' dir='ltr'><strong>isa</strong></span> 
     </span>
    </p>
   </div>
   <div class='ocr_carea' id='block_1_2' title="bbox 441 472 682 578">
    <p class='ocr_par' dir='ltr' id='par_1_2' title="bbox 441 472 682 578">
     <span class='ocr_line' id='line_1_2' title="bbox 441 472 682 578; baseline 0.008 -4"><span class='ocrx_word' id='word_1_6' title='bbox 441 472 450 483; x_wconf 50' lang='lat'><em>⁴</em></span> <span class='ocrx_word' id='word_1_7' title='bbox 466 483 682 578; x_wconf 85' lang='lat' dir='ltr'>LXXXVII</span> 
     </span>
    </p>
   </div>
   <div class='ocr_carea' id='block_1_3' title="bbox 198 621 949 700">
    <p class='ocr_par' dir='ltr' id='par_1_3' title="bbox 198 621 949 700">
     <span class='ocr_line' id='line_1_3' title="bbox 198 621 949 700; baseline 0.004 -19"><span class='ocrx_word' id='word_1_8' title='bbox 198 621 250 682; x_wconf 84' lang='lat' dir='ltr'><strong>Ad</strong></span> <span class='ocrx_word' id='word_1_9' title='bbox 272 622 494 683; x_wconf 82' lang='lat' dir='ltr'><strong>Berredtctum</strong></span> <span class='ocrx_word' id='word_1_10' title='bbox 519 627 716 700; x_wconf 80' lang='lat' dir='ltr'><strong>episcopum</strong></span> <span class='ocrx_word' id='word_1_11' title='bbox 736 626 949 686; x_wconf 76' lang='lat' dir='ltr'><strong><em>scarensem.</em></strong></span> 
     </span>
    </p>
   </div>
   <div class='ocr_carea' id='block_1_4' title="bbox 343 735 792 907">
    <p class='ocr_par' dir='ltr' id='par_1_4' title="bbox 343 735 792 907">
     <span class='ocr_line' id='line_1_4' title="bbox 474 735 673 796; baseline 0 -2"><span class='ocrx_word' id='word_1_12' title='bbox 474 735 492 794; x_wconf 85' lang='lat' dir='ltr'><strong>l</strong></span> <span class='ocrx_word' id='word_1_13' title='bbox 510 751 577 794; x_wconf 82' lang='lat' dir='ltr'><strong>nou.</strong></span> <span class='ocrx_word' id='word_1_14' title='bbox 595 736 673 796; x_wconf 78' lang='lat' dir='ltr'><strong>itio.</strong></span> 
     </span>
     <span class='ocr_line' id='line_1_5' title="bbox 343 840 792 907; baseline 0.002 -15"><span class='ocrx_word' id='word_1_15' title='bbox 343 840 484 906; x_wconf 61' lang='lat' dir='ltr'><strong>turum,</strong></span> <span class='ocrx_word' id='word_1_16' title='bbox 495 841 514 892; x_wconf 86' lang='grc' dir='ltr'><strong>ι.</strong></span> <span class='ocrx_word' id='word_1_17' title='bbox 527 857 560 900; x_wconf 75' lang='lat'><strong>0..</strong></span> <span class='ocrx_word' id='word_1_18' title='bbox 573 857 599 906; x_wconf 78' lang='lat' dir='ltr'><strong>p.</strong></span> <span class='ocrx_word' id='word_1_19' title='bbox 615 843 670 900; x_wconf 77' lang='lat' dir='ltr'><strong>arr,</strong></span> <span class='ocrx_word' id='word_1_20' title='bbox 682 855 709 892; x_wconf 81' lang='lat' dir='ltr'><strong>n.</strong></span> <span class='ocrx_word' id='word_1_21' title='bbox 726 842 792 907; x_wconf 78' lang='lat' dir='ltr'><strong>rm]</strong></span> 
     </span>
    </p>
   </div>
   <div class='ocr_carea' id='block_1_5' title="bbox 212 938 936 1101">
    <p class='ocr_par' dir='ltr' id='par_1_5' title="bbox 212 938 936 1101">
     <span class='ocr_line' id='line_1_6' title="bbox 212 938 936 1013; baseline 0.001 -17"><span class='ocrx_word' id='word_1_22' title='bbox 212 938 345 1013; x_wconf 73' lang='lat' dir='ltr'><strong>Largitur</strong></span> <span class='ocrx_word' id='word_1_23' title='bbox 365 941 393 998; x_wconf 86' lang='lat' dir='ltr'><strong>ei</strong></span> <span class='ocrx_word' id='word_1_24' title='bbox 414 940 557 998; x_wconf 82' lang='lat' dir='ltr'><strong>Honorius</strong></span> <span class='ocrx_word' id='word_1_25' title='bbox 573 939 737 998; x_wconf 85' lang='lat' dir='ltr'><strong>facultatem</strong></span> <span class='ocrx_word' id='word_1_26' title='bbox 759 939 936 998; x_wconf 89' lang='lat' dir='ltr'><strong>concedendi</strong></span> 
     </span>
     <span class='ocr_line' id='line_1_7' title="bbox 408 1027 872 1101; baseline -0.002 -15"><span class='ocrx_word' id='word_1_27' title='bbox 408 1027 546 1099; x_wconf 85' lang='lat' dir='ltr'><strong>quasdam</strong></span> <span class='ocrx_word' id='word_1_28' title='bbox 561 1027 766 1101; x_wconf 86' lang='lat' dir='ltr'><strong>indulgentias.</strong></span> <span class='ocrx_word' id='word_1_29' title='bbox 870 1064 872 1072; x_wconf 71' lang='lat'>‚</span> 
     </span>
    </p>
   </div>
   <div class='ocr_carea' id='block_1_6' title="bbox 176 1136 973 2766">
    <p class='ocr_par' dir='ltr' id='par_1_6' title="bbox 176 1136 973 1406">
     <span class='ocr_line' id='line_1_8' title="bbox 216 1136 969 1214; baseline -0.003 -16"><span class='ocrx_word' id='word_1_30' title='bbox 216 1136 384 1198; x_wconf 85' lang='lat' dir='ltr'><strong>Honorius</strong></span> <span class='ocrx_word' id='word_1_31' title='bbox 394 1137 707 1214; x_wconf 72' lang='lat' dir='ltr'><strong>epIscopusservus</strong></span> <span class='ocrx_word' id='word_1_32' title='bbox 717 1151 889 1198; x_wconf 89' lang='lat' dir='ltr'><strong>servorum</strong></span> <span class='ocrx_word' id='word_1_33' title='bbox 898 1137 969 1208; x_wconf 90' lang='lat' dir='ltr'><strong>Dei,</strong></span> 
     </span>
     <span class='ocr_line' id='line_1_9' title="bbox 176 1231 973 1309; baseline 0.003 -17"><span class='ocrx_word' id='word_1_34' title='bbox 176 1231 360 1294; x_wconf 87' lang='lat' dir='ltr'><strong>venerabili</strong></span> <span class='ocrx_word' id='word_1_35' title='bbox 384 1232 518 1294; x_wconf 80' lang='lat' dir='ltr'><strong>fiatri...</strong></span> <span class='ocrx_word' id='word_1_36' title='bbox 546 1232 701 1309; x_wconf 90' lang='lat' dir='ltr'><strong>episcopo</strong></span> <span class='ocrx_word' id='word_1_37' title='bbox 725 1234 892 1306; x_wconf 75' lang='lat' dir='ltr'><strong>scarensi,</strong></span> <span class='ocrx_word' id='word_1_38' title='bbox 916 1247 973 1294; x_wconf 89' lang='lat' dir='ltr'><strong>sa-</strong></span> 
     </span>
     <span class='ocr_line' id='line_1_10' title="bbox 176 1328 842 1406; baseline 0.003 -18"><span class='ocrx_word' id='word_1_39' title='bbox 176 1329 277 1393; x_wconf 89' lang='lat' dir='ltr'><strong>lutem</strong></span> <span class='ocrx_word' id='word_1_40' title='bbox 293 1331 327 1392; x_wconf 91' lang='lat' dir='ltr'><strong>et</strong></span> <span class='ocrx_word' id='word_1_41' title='bbox 340 1329 556 1406; x_wconf 88' lang='lat' dir='ltr'><strong>apostolicam</strong></span> <span class='ocrx_word' id='word_1_42' title='bbox 567 1328 842 1393; x_wconf 79' lang='lat' dir='ltr'><strong>benedictionem.</strong></span> 
     </span>
    </p>

    <p class='ocr_par' dir='ltr' id='par_1_7' title="bbox 176 1425 973 2766">
     <span class='ocr_line' id='line_1_11' title="bbox 214 1425 972 1504; baseline 0 -16"><span class='ocrx_word' id='word_1_43' title='bbox 214 1429 285 1488; x_wconf 85' lang='lat' dir='ltr'><strong>Tua</strong></span> <span class='ocrx_word' id='word_1_44' title='bbox 308 1425 404 1488; x_wconf 90' lang='lat' dir='ltr'><strong>nobis</strong></span> <span class='ocrx_word' id='word_1_45' title='bbox 432 1426 564 1488; x_wconf 85' lang='lat' dir='ltr'><strong>devotio</strong></span> <span class='ocrx_word' id='word_1_46' title='bbox 596 1427 805 1504; x_wconf 81' lang='lat' dir='ltr'><strong>supplicavit,</strong></span> <span class='ocrx_word' id='word_1_47' title='bbox 833 1429 869 1490; x_wconf 90' lang='lat' dir='ltr'><strong>ut</strong></span> <span class='ocrx_word' id='word_1_48' title='bbox 897 1443 972 1488; x_wconf 90' lang='lat' dir='ltr'><strong>cum</strong></span> 
     </span>
     <span class='ocr_line' id='line_1_12' title="bbox 176 1523 971 1602; baseline 0.003 -18"><span class='ocrx_word' id='word_1_49' title='bbox 176 1525 325 1602; x_wconf 85' lang='lat' dir='ltr'><strong>quaedam</strong></span> <span class='ocrx_word' id='word_1_50' title='bbox 339 1523 481 1585; x_wconf 88' lang='lat' dir='ltr'><strong>ecclesia</strong></span> <span class='ocrx_word' id='word_1_51' title='bbox 491 1523 526 1584; x_wconf 92' lang='lat' dir='ltr'><strong>in</strong></span> <span class='ocrx_word' id='word_1_52' title='bbox 535 1523 593 1585; x_wconf 91' lang='lat' dir='ltr'><strong>tua</strong></span> <span class='ocrx_word' id='word_1_53' title='bbox 606 1523 742 1586; x_wconf 88' lang='lat' dir='ltr'><strong>dioecesi</strong></span> <span class='ocrx_word' id='word_1_54' title='bbox 755 1523 797 1584; x_wconf 89' lang='lat' dir='ltr'><strong>ad</strong></span> <span class='ocrx_word' id='word_1_55' title='bbox 810 1523 971 1586; x_wconf 84' lang='lat' dir='ltr'><strong>honorem</strong></span> 
     </span>
     <span class='ocr_line' id='line_1_13' title="bbox 177 1620 969 1698; baseline 0 -16"><span class='ocrx_word' id='word_1_56' title='bbox 177 1621 248 1692; x_wconf 76' lang='lat' dir='ltr'><strong>liei,</strong></span> <span class='ocrx_word' id='word_1_57' title='bbox 264 1621 296 1682; x_wconf 90' lang='lat' dir='ltr'><strong>et</strong></span> <span class='ocrx_word' id='word_1_58' title='bbox 309 1620 404 1682; x_wconf 87' lang='lat' dir='ltr'><strong>bonae</strong></span> <span class='ocrx_word' id='word_1_59' title='bbox 428 1622 597 1682; x_wconf 84' lang='lat' dir='ltr'><strong>memoriae</strong></span> <span class='ocrx_word' id='word_1_60' title='bbox 619 1621 750 1682; x_wconf 92' lang='lat' dir='ltr'><strong>Nicolai</strong></span> <span class='ocrx_word' id='word_1_61' title='bbox 774 1621 969 1698; x_wconf 88' lang='lat' dir='ltr'><strong>presbyteri,</strong></span> 
     </span>
     <span class='ocr_line' id='line_1_14' title="bbox 179 1717 970 1796; baseline 0.004 -19"><span class='ocrx_word' id='word_1_62' title='bbox 179 1717 246 1796; x_wconf 90' lang='lat' dir='ltr'><strong>qui,</strong></span> <span class='ocrx_word' id='word_1_63' title='bbox 265 1717 341 1778; x_wconf 92' lang='lat' dir='ltr'><strong>dum</strong></span> <span class='ocrx_word' id='word_1_64' title='bbox 365 1717 539 1794; x_wconf 89' lang='lat' dir='ltr'><strong>quemdam</strong></span> <span class='ocrx_word' id='word_1_65' title='bbox 567 1717 761 1780; x_wconf 87' lang='lat' dir='ltr'><strong>visitaturus</strong></span> <span class='ocrx_word' id='word_1_66' title='bbox 789 1717 970 1790; x_wconf 86' lang='lat' dir='ltr'><strong>infirmum,</strong></span> 
     </span>
     <span class='ocr_line' id='line_1_15' title="bbox 178 1813 973 1892; baseline 0 -16"><span class='ocrx_word' id='word_1_67' title='bbox 178 1829 299 1890; x_wconf 90' lang='lat' dir='ltr'><strong>corpus</strong></span> <span class='ocrx_word' id='word_1_68' title='bbox 324 1815 445 1875; x_wconf 88' lang='lat' dir='ltr'><strong>Christi</strong></span> <span class='ocrx_word' id='word_1_69' title='bbox 470 1816 628 1891; x_wconf 89' lang='lat' dir='ltr'><strong>portaret,</strong></span> <span class='ocrx_word' id='word_1_70' title='bbox 649 1813 690 1876; x_wconf 92' lang='lat' dir='ltr'><strong>ab</strong></span> <span class='ocrx_word' id='word_1_71' title='bbox 713 1814 825 1892; x_wconf 82' lang='lat' dir='ltr'><strong>impiis</strong></span> <span class='ocrx_word' id='word_1_72' title='bbox 851 1815 973 1876; x_wconf 91' lang='lat' dir='ltr'><strong>imma-</strong></span> 
     </span>
     <span class='ocr_line' id='line_1_16' title="bbox 178 1910 973 1988; baseline 0.003 -18"><span class='ocrx_word' id='word_1_73' title='bbox 178 1913 267 1974; x_wconf 81' lang='lat' dir='ltr'><strong>niter</strong></span> <span class='ocrx_word' id='word_1_74' title='bbox 286 1910 494 1982; x_wconf 89' lang='lat' dir='ltr'><strong>interfectus,</strong></span> <span class='ocrx_word' id='word_1_75' title='bbox 512 1910 699 1988; x_wconf 79' lang='lat' dir='ltr'><strong>insignibus</strong></span> <span class='ocrx_word' id='word_1_76' title='bbox 728 1914 881 1974; x_wconf 88' lang='lat' dir='ltr'><strong>coruscat</strong></span> <span class='ocrx_word' id='word_1_77' title='bbox 908 1913 973 1973; x_wconf 88' lang='lat' dir='ltr'><strong>mi-</strong></span> 
     </span>
     <span class='ocr_line' id='line_1_17' title="bbox 176 2005 970 2084; baseline 0 -16"><span class='ocrx_word' id='word_1_78' title='bbox 176 2007 313 2079; x_wconf 89' lang='lat' dir='ltr'><strong>raculis,</strong></span> <span class='ocrx_word' id='word_1_79' title='bbox 331 2007 458 2084; x_wconf 81' lang='lat' dir='ltr'><strong>ceperit</strong></span> <span class='ocrx_word' id='word_1_80' title='bbox 482 2005 640 2068; x_wconf 87' lang='lat' dir='ltr'><strong>fabricari</strong></span> <span class='ocrx_word' id='word_1_81' title='bbox 656 2007 869 2070; x_wconf 84' lang='lat' dir='ltr'><strong>visitantibus</strong></span> <span class='ocrx_word' id='word_1_82' title='bbox 884 2023 970 2078; x_wconf 90' lang='lat' dir='ltr'><strong>eam,</strong></span> 
     </span>
     <span class='ocr_line' id='line_1_18' title="bbox 177 2103 971 2183; baseline -0.003 -17"><span class='ocrx_word' id='word_1_83' title='bbox 177 2103 323 2183; x_wconf 85' lang='lat' dir='ltr'><strong>aliquam</strong></span> <span class='ocrx_word' id='word_1_84' title='bbox 339 2120 473 2164; x_wconf 91' lang='lat' dir='ltr'><strong>suorum</strong></span> <span class='ocrx_word' id='word_1_85' title='bbox 489 2105 717 2180; x_wconf 89' lang='lat' dir='ltr'><strong>peccaminum</strong></span> <span class='ocrx_word' id='word_1_86' title='bbox 730 2105 971 2181; x_wconf 81' lang='lat' dir='ltr'><strong>indulgentiam</strong></span> 
     </span>
     <span class='ocr_line' id='line_1_19' title="bbox 178 2201 971 2276; baseline -0.001 -14"><span class='ocrx_word' id='word_1_87' title='bbox 178 2201 359 2263; x_wconf 85' lang='lat' dir='ltr'><strong>concedere</strong></span> <span class='ocrx_word' id='word_1_88' title='bbox 378 2201 602 2276; x_wconf 88' lang='lat' dir='ltr'><strong>dignaremur.</strong></span> <span class='ocrx_word' id='word_1_89' title='bbox 618 2201 701 2273; x_wconf 85' lang='lat' dir='ltr'><strong>Quia</strong></span> <span class='ocrx_word' id='word_1_90' title='bbox 722 2216 802 2263; x_wconf 87' lang='lat' dir='ltr'><strong>vero</strong></span> <span class='ocrx_word' id='word_1_91' title='bbox 826 2201 971 2262; x_wconf 90' lang='lat' dir='ltr'><strong>nondum</strong></span> 
     </span>
     <span class='ocr_line' id='line_1_20' title="bbox 178 2297 971 2376; baseline -0.004 -16"><span class='ocrx_word' id='word_1_92' title='bbox 178 2297 351 2376; x_wconf 86' lang='lat' dir='ltr'><strong>superbis</strong></span> <span class='ocrx_word' id='word_1_93' title='bbox 378 2297 473 2358; x_wconf 91' lang='lat' dir='ltr'><strong>nobis</strong></span> <span class='ocrx_word' id='word_1_94' title='bbox 497 2297 602 2376; x_wconf 91' lang='lat' dir='ltr'><strong>potuit</strong></span> <span class='ocrx_word' id='word_1_95' title='bbox 630 2297 727 2375; x_wconf 90' lang='lat' dir='ltr'><strong>plene</strong></span> <span class='ocrx_word' id='word_1_96' title='bbox 749 2297 893 2375; x_wconf 86' lang='lat' dir='ltr'><strong>liquere,</strong></span> <span class='ocrx_word' id='word_1_97' title='bbox 911 2312 971 2359; x_wconf 91' lang='lat' dir='ltr'><strong>nos</strong></span> 
     </span>
     <span class='ocr_line' id='line_1_21' title="bbox 178 2393 972 2470; baseline 0 -14"><span class='ocrx_word' id='word_1_98' title='bbox 178 2396 218 2458; x_wconf 91' lang='lat' dir='ltr'><strong>de</strong></span> <span class='ocrx_word' id='word_1_99' title='bbox 233 2395 432 2456; x_wconf 81' lang='lat' dir='ltr'><strong>discretione</strong></span> <span class='ocrx_word' id='word_1_100' title='bbox 455 2395 513 2455; x_wconf 91' lang='lat' dir='ltr'><strong>tua</strong></span> <span class='ocrx_word' id='word_1_101' title='bbox 534 2393 666 2470; x_wconf 89' lang='lat' dir='ltr'><strong>plenam</strong></span> <span class='ocrx_word' id='word_1_102' title='bbox 682 2396 718 2455; x_wconf 92' lang='lat' dir='ltr'><strong>in</strong></span> <span class='ocrx_word' id='word_1_103' title='bbox 733 2397 872 2457; x_wconf 87' lang='lat' dir='ltr'><strong>Domino</strong></span> <span class='ocrx_word' id='word_1_104' title='bbox 886 2395 972 2456; x_wconf 87' lang='lat' dir='ltr'><strong>fidu-</strong></span> 
     </span>
     <span class='ocr_line' id='line_1_22' title="bbox 177 2491 973 2567; baseline -0.001 -13"><span class='ocrx_word' id='word_1_105' title='bbox 177 2493 262 2554; x_wconf 90' lang='lat' dir='ltr'><strong>ciam</strong></span> <span class='ocrx_word' id='word_1_106' title='bbox 277 2491 475 2564; x_wconf 91' lang='lat' dir='ltr'><strong>obtinentes,</strong></span> <span class='ocrx_word' id='word_1_107' title='bbox 495 2491 696 2554; x_wconf 79' lang='lat' dir='ltr'><strong>fraternitati</strong></span> <span class='ocrx_word' id='word_1_108' title='bbox 712 2493 778 2554; x_wconf 87' lang='lat' dir='ltr'><strong>tuae</strong></span> <span class='ocrx_word' id='word_1_109' title='bbox 793 2492 973 2567; x_wconf 87' lang='lat' dir='ltr'><strong>indulgen-</strong></span> 
     </span>
     <span class='ocr_line' id='line_1_23' title="bbox 176 2587 972 2666; baseline -0.001 -15"><span class='ocrx_word' id='word_1_110' title='bbox 176 2589 257 2652; x_wconf 89' lang='lat' dir='ltr'><strong>tiam</strong></span> <span class='ocrx_word' id='word_1_111' title='bbox 285 2588 475 2666; x_wconf 77' lang='lat' dir='ltr'><strong>bvp&#39;usmodi</strong></span> <span class='ocrx_word' id='word_1_112' title='bbox 507 2604 581 2649; x_wconf 90' lang='lat' dir='ltr'><strong>eam</strong></span> <span class='ocrx_word' id='word_1_113' title='bbox 606 2587 817 2650; x_wconf 81' lang='lat' dir='ltr'><strong>visitantibus</strong></span> <span class='ocrx_word' id='word_1_114' title='bbox 843 2589 906 2650; x_wconf 91' lang='lat' dir='ltr'><strong>rite</strong></span> <span class='ocrx_word' id='word_1_115' title='bbox 932 2604 972 2650; x_wconf 87' lang='lat' dir='ltr'><strong>ac</strong></span> 
     </span>
     <span class='ocr_line' id='line_1_24' title="bbox 178 2684 971 2766; baseline -0.001 -18"><span class='ocrx_word' id='word_1_116' title='bbox 178 2687 314 2766; x_wconf 88' lang='lat' dir='ltr'><strong>provide</strong></span> <span class='ocrx_word' id='word_1_117' title='bbox 327 2684 540 2757; x_wconf 91' lang='lat' dir='ltr'><strong>concedendi,</strong></span> <span class='ocrx_word' id='word_1_118' title='bbox 554 2685 693 2746; x_wconf 88' lang='lat' dir='ltr'><strong>liberam</strong></span> <span class='ocrx_word' id='word_1_119' title='bbox 703 2685 764 2747; x_wconf 90' lang='lat' dir='ltr'><strong>tibi</strong></span> <span class='ocrx_word' id='word_1_120' title='bbox 775 2685 971 2749; x_wconf 85' lang='lat' dir='ltr'><strong>auctoritate</strong></span> 
     </span>
    </p>
   </div>
   <div class='ocr_carea' id='block_1_7' title="bbox 1026 466 1827 1224">
    <p class='ocr_par' dir='ltr' id='par_1_8' title="bbox 1026 466 1827 1224">
     <span class='ocr_line' id='line_1_25' title="bbox 1027 466 1823 542; baseline 0.005 -14"><span class='ocrx_word' id='word_1_121' title='bbox 1027 466 1238 540; x_wconf 82' lang='lat' dir='ltr'><strong>christiano,</strong></span> <span class='ocrx_word' id='word_1_122' title='bbox 1265 483 1331 530; x_wconf 92' lang='lat' dir='ltr'><strong>non</strong></span> <span class='ocrx_word' id='word_1_123' title='bbox 1361 467 1570 542; x_wconf 83' lang='lat' dir='ltr'><strong>dubitamus,</strong></span> <span class='ocrx_word' id='word_1_124' title='bbox 1599 467 1823 534; x_wconf 88' lang='lat' dir='ltr'><strong>desideratum</strong></span> 
     </span>
     <span class='ocr_line' id='line_1_26' title="bbox 1027 563 1826 646; baseline 0.008 -22"><span class='ocrx_word' id='word_1_125' title='bbox 1027 563 1186 626; x_wconf 84' lang='lat' dir='ltr'><strong>effectum</strong></span> <span class='ocrx_word' id='word_1_126' title='bbox 1210 565 1403 639; x_wconf 85' lang='lat' dir='ltr'><strong>sortiantur,</strong></span> <span class='ocrx_word' id='word_1_127' title='bbox 1417 565 1612 630; x_wconf 87' lang='lat' dir='ltr'><strong>discretioni</strong></span> <span class='ocrx_word' id='word_1_128' title='bbox 1629 567 1749 630; x_wconf 86' lang='lat' dir='ltr'><strong>vestrae</strong></span> <span class='ocrx_word' id='word_1_129' title='bbox 1765 583 1826 646; x_wconf 88' lang='lat' dir='ltr'><strong>per</strong></span> 
     </span>
     <span class='ocr_line' id='line_1_27' title="bbox 1026 662 1826 742; baseline 0.003 -20"><span class='ocrx_word' id='word_1_130' title='bbox 1026 662 1218 738; x_wconf 75' lang='lat' dir='ltr'><strong>apostolica</strong></span> <span class='ocrx_word' id='word_1_131' title='bbox 1230 663 1354 740; x_wconf 90' lang='lat' dir='ltr'><strong>scripta</strong></span> <span class='ocrx_word' id='word_1_132' title='bbox 1370 664 1577 736; x_wconf 89' lang='lat' dir='ltr'><strong>mandamus,</strong></span> <span class='ocrx_word' id='word_1_133' title='bbox 1595 666 1758 742; x_wconf 86' lang='lat' dir='ltr'><strong>quatenus</strong></span> <span class='ocrx_word' id='word_1_134' title='bbox 1771 665 1826 742; x_wconf 81' lang='lat' dir='ltr'><strong>ip-</strong></span> 
     </span>
     <span class='ocr_line' id='line_1_28' title="bbox 1026 759 1826 838; baseline 0.003 -20"><span class='ocrx_word' id='word_1_135' title='bbox 1026 773 1100 818; x_wconf 90' lang='lat' dir='ltr'><strong>sum</strong></span> <span class='ocrx_word' id='word_1_136' title='bbox 1116 774 1229 835; x_wconf 87' lang='lat' dir='ltr'><strong>regom</strong></span> <span class='ocrx_word' id='word_1_137' title='bbox 1244 775 1319 821; x_wconf 89' lang='lat' dir='ltr'><strong>cum</strong></span> <span class='ocrx_word' id='word_1_138' title='bbox 1330 761 1454 823; x_wconf 91' lang='lat' dir='ltr'><strong>nostris</strong></span> <span class='ocrx_word' id='word_1_139' title='bbox 1470 760 1593 822; x_wconf 88' lang='lat' dir='ltr'><strong>litteris</strong></span> <span class='ocrx_word' id='word_1_140' title='bbox 1603 759 1826 838; x_wconf 90' lang='lat' dir='ltr'><strong>personaliter</strong></span> 
     </span>
     <span class='ocr_line' id='line_1_29' title="bbox 1026 854 1827 930; baseline 0.004 -14"><span class='ocrx_word' id='word_1_141' title='bbox 1026 854 1187 918; x_wconf 89' lang='lat' dir='ltr'><strong>adeuntes</strong></span> <span class='ocrx_word' id='word_1_142' title='bbox 1208 854 1251 918; x_wconf 91' lang='lat' dir='ltr'><strong>ad</strong></span> <span class='ocrx_word' id='word_1_143' title='bbox 1265 857 1300 918; x_wconf 94' lang='lat' dir='ltr'><strong>id</strong></span> <span class='ocrx_word' id='word_1_144' title='bbox 1323 873 1459 920; x_wconf 91' lang='lat' dir='ltr'><strong>monere</strong></span> <span class='ocrx_word' id='word_1_145' title='bbox 1474 859 1646 930; x_wconf 88' lang='lat' dir='ltr'><strong>attentius,</strong></span> <span class='ocrx_word' id='word_1_146' title='bbox 1663 861 1696 920; x_wconf 87' lang='lat' dir='ltr'><strong>et</strong></span> <span class='ocrx_word' id='word_1_147' title='bbox 1709 857 1827 919; x_wconf 83' lang='lat' dir='ltr'><strong>effica-</strong></span> 
     </span>
     <span class='ocr_line' id='line_1_30' title="bbox 1026 951 1825 1018; baseline 0.005 -6"><span class='ocrx_word' id='word_1_148' title='bbox 1026 953 1112 1012; x_wconf 86' lang='lat' dir='ltr'><strong>citer</strong></span> <span class='ocrx_word' id='word_1_149' title='bbox 1136 951 1295 1016; x_wconf 88' lang='lat' dir='ltr'><strong>inducere</strong></span> <span class='ocrx_word' id='word_1_150' title='bbox 1319 955 1493 1018; x_wconf 90' lang='lat' dir='ltr'><strong>studeatis.</strong></span> <span class='ocrx_word' id='word_1_151' title='bbox 1524 957 1644 1018; x_wconf 88' lang='lat' dir='ltr'><strong>Datum</strong></span> <span class='ocrx_word' id='word_1_152' title='bbox 1668 956 1825 1018; x_wconf 87' lang='lat' dir='ltr'><strong>Laterani</strong></span> 
     </span>
     <span class='ocr_line' id='line_1_31' title="bbox 1027 1050 1826 1128; baseline 0.004 -18"><span class='ocrx_word' id='word_1_153' title='bbox 1027 1051 1055 1110; x_wconf 91' lang='lat' dir='ltr'><strong>ll</strong></span> <span class='ocrx_word' id='word_1_154' title='bbox 1071 1064 1179 1111; x_wconf 92' lang='lat' dir='ltr'><strong>nonas</strong></span> <span class='ocrx_word' id='word_1_155' title='bbox 1194 1050 1361 1122; x_wconf 72' lang='lat' dir='ltr'><strong>novemb„</strong></span> <span class='ocrx_word' id='word_1_156' title='bbox 1385 1051 1598 1128; x_wconf 87' lang='lat' dir='ltr'><strong>pontificatus</strong></span> <span class='ocrx_word' id='word_1_157' title='bbox 1611 1053 1717 1114; x_wconf 89' lang='lat' dir='ltr'><strong>nostri</strong></span> <span class='ocrx_word' id='word_1_158' title='bbox 1734 1067 1826 1113; x_wconf 89' lang='lat' dir='ltr'><strong>anuo</strong></span> 
     </span>
     <span class='ocr_line' id='line_1_32' title="bbox 1029 1147 1156 1224; baseline 0 -18"><span class='ocrx_word' id='word_1_159' title='bbox 1029 1147 1156 1224; x_wconf 89' lang='lat' dir='ltr'><strong>quinto.</strong></span> 
     </span>
    </p>
   </div>
   <div class='ocr_carea' id='block_1_8' title="bbox 1330 1254 1524 1342">
    <p class='ocr_par' dir='ltr' id='par_1_9' title="bbox 1330 1254 1524 1342">
     <span class='ocr_line' id='line_1_33' title="bbox 1330 1254 1524 1342; baseline 0.01 -2"><span class='ocrx_word' id='word_1_160' title='bbox 1330 1254 1524 1342; x_wconf 86' lang='lat' dir='ltr'>LXXXIX</span> 
     </span>
    </p>
   </div>
   <div class='ocr_carea' id='block_1_9' title="bbox 1027 1378 1829 1551">
    <p class='ocr_par' dir='ltr' id='par_1_10' title="bbox 1027 1378 1829 1551">
     <span class='ocr_line' id='line_1_34' title="bbox 1027 1378 1829 1454; baseline 0.002 -16"><span class='ocrx_word' id='word_1_161' title='bbox 1027 1378 1078 1438; x_wconf 78' lang='lat' dir='ltr'><strong>Ad</strong></span> <span class='ocrx_word' id='word_1_162' title='bbox 1087 1380 1265 1438; x_wconf 79' lang='lat' dir='ltr'><strong>Nicolaum</strong></span> <span class='ocrx_word' id='word_1_163' title='bbox 1273 1381 1468 1454; x_wconf 81' lang='lat' dir='ltr'><strong>episcopum</strong></span> <span class='ocrx_word' id='word_1_164' title='bbox 1476 1383 1714 1448; x_wconf 68' lang='lat' dir='ltr'><strong>manerem,</strong></span> <span class='ocrx_word' id='word_1_165' title='bbox 1724 1381 1829 1454; x_wconf 78' lang='lat' dir='ltr'><strong>Apos-</strong></span> 
     </span>
     <span class='ocr_line' id='line_1_35' title="bbox 1067 1475 1826 1551; baseline 0.005 -17"><span class='ocrx_word' id='word_1_166' title='bbox 1067 1475 1176 1536; x_wconf 79' lang='lat' dir='ltr'><strong>tottcoe</strong></span> <span class='ocrx_word' id='word_1_167' title='bbox 1189 1477 1287 1536; x_wconf 84' lang='lat' dir='ltr'><strong>Sedts</strong></span> <span class='ocrx_word' id='word_1_168' title='bbox 1305 1477 1466 1551; x_wconf 73' lang='lat' dir='ltr'><strong>epotum,</strong></span> <span class='ocrx_word' id='word_1_169' title='bbox 1483 1475 1518 1537; x_wconf 88' lang='lat' dir='ltr'><strong>ct</strong></span> <span class='ocrx_word' id='word_1_170' title='bbox 1533 1475 1730 1538; x_wconf 71' lang='lat' dir='ltr'><strong>alatrinum</strong></span> <span class='ocrx_word' id='word_1_171' title='bbox 1744 1478 1826 1538; x_wconf 79' lang='lat' dir='ltr'><strong>aab·</strong></span> 
     </span>
    </p>
   </div>
   <div class='ocr_carea' id='block_1_10' title="bbox 1066 1573 1523 1708">
    <p class='ocr_par' dir='ltr' id='par_1_11' title="bbox 1066 1573 1523 1708">
     <span class='ocr_line' id='line_1_36' title="bbox 1066 1573 1259 1632; baseline 0 0"><span class='ocrx_word' id='word_1_172' title='bbox 1066 1573 1259 1632; x_wconf 83' lang='lat' dir='ltr'><strong>diaconum.</strong></span> 
     </span>
     <span class='ocr_line' id='line_1_37' title="bbox 1327 1649 1523 1708; baseline 0.01 -2"><span class='ocrx_word' id='word_1_173' title='bbox 1327 1649 1427 1706; x_wconf 85' lang='lat' dir='ltr'><strong>lnov.</strong></span> <span class='ocrx_word' id='word_1_174' title='bbox 1445 1649 1523 1708; x_wconf 78' lang='lat' dir='ltr'><strong>iiio.</strong></span> 
     </span>
    </p>
   </div>
   <div class='ocr_carea' id='block_1_11' title="bbox 1026 1753 1827 2397">
    <p class='ocr_par' dir='ltr' id='par_1_12' title="bbox 1026 1753 1827 2397">
     <span class='ocr_line' id='line_1_38' title="bbox 1104 1753 1741 1820; baseline 0 -16"><span class='ocrx_word' id='word_1_175' title='bbox 1104 1753 1249 1818; x_wconf 67' lang='lat' dir='ltr'><strong>[Raynaldt</strong></span> <span class='ocrx_word' id='word_1_176' title='bbox 1259 1755 1327 1806; x_wconf 81' lang='lat' dir='ltr'><strong>Anu.</strong></span> <span class='ocrx_word' id='word_1_177' title='bbox 1343 1755 1447 1812; x_wconf 76' lang='lat' dir='ltr'><strong>areles,</strong></span> <span class='ocrx_word' id='word_1_178' title='bbox 1463 1755 1494 1805; x_wconf 83' lang='lat' dir='ltr'><strong>ed</strong></span> <span class='ocrx_word' id='word_1_179' title='bbox 1507 1769 1568 1806; x_wconf 88' lang='lat' dir='ltr'><strong>ann.</strong></span> <span class='ocrx_word' id='word_1_180' title='bbox 1585 1755 1655 1814; x_wconf 72' lang='lat' dir='ltr'><strong>tito,</strong></span> <span class='ocrx_word' id='word_1_181' title='bbox 1667 1755 1680 1820; x_wconf 68' lang='lat' dir='ltr'><strong>t</strong></span> <span class='ocrx_word' id='word_1_182' title='bbox 1691 1755 1741 1820; x_wconf 82' lang='lat' dir='ltr'><strong>le]</strong></span> 
     </span>
     <span class='ocr_line' id='line_1_39' title="bbox 1027 1851 1825 1927; baseline 0.001 -18"><span class='ocrx_word' id='word_1_183' title='bbox 1027 1851 1110 1909; x_wconf 84' lang='lat' dir='ltr'><strong>ldittit</strong></span> <span class='ocrx_word' id='word_1_184' title='bbox 1120 1851 1263 1910; x_wconf 78' lang='lat' dir='ltr'><strong>Honorius</strong></span> <span class='ocrx_word' id='word_1_185' title='bbox 1275 1851 1310 1909; x_wconf 87' lang='lat' dir='ltr'><strong>ud</strong></span> <span class='ocrx_word' id='word_1_186' title='bbox 1320 1853 1479 1920; x_wconf 84' lang='lat' dir='ltr'><strong>Nicolaum,</strong></span> <span class='ocrx_word' id='word_1_187' title='bbox 1493 1852 1631 1927; x_wconf 87' lang='lat' dir='ltr'><strong>legatum,</strong></span> <span class='ocrx_word' id='word_1_188' title='bbox 1642 1854 1825 1926; x_wconf 85' lang='lat' dir='ltr'><strong>capitularia,</strong></span> 
     </span>
     <span class='ocr_line' id='line_1_40' title="bbox 1061 1937 1825 2015; baseline 0.003 -19"><span class='ocrx_word' id='word_1_189' title='bbox 1061 1937 1115 1996; x_wconf 87' lang='lat' dir='ltr'><strong>sub</strong></span> <span class='ocrx_word' id='word_1_190' title='bbox 1130 1941 1246 1997; x_wconf 90' lang='lat' dir='ltr'><strong>nomine</strong></span> <span class='ocrx_word' id='word_1_191' title='bbox 1267 1942 1349 2014; x_wconf 89' lang='lat' dir='ltr'><strong>regio</strong></span> <span class='ocrx_word' id='word_1_192' title='bbox 1371 1941 1400 1998; x_wconf 93' lang='lat' dir='ltr'><strong>iu</strong></span> <span class='ocrx_word' id='word_1_193' title='bbox 1425 1943 1506 2015; x_wconf 86' lang='lat' dir='ltr'><strong>leges</strong></span> <span class='ocrx_word' id='word_1_194' title='bbox 1524 1941 1653 2014; x_wconf 88' lang='lat' dir='ltr'><strong>publices</strong></span> <span class='ocrx_word' id='word_1_195' title='bbox 1667 1939 1825 2015; x_wconf 89' lang='lat' dir='ltr'><strong>redigenda</strong></span> 
     </span>
     <span class='ocr_line' id='line_1_41' title="bbox 1061 2027 1827 2103; baseline 0.001 -17"><span class='ocrx_word' id='word_1_196' title='bbox 1061 2035 1090 2086; x_wconf 87' lang='lat' dir='ltr'><strong>et</strong></span> <span class='ocrx_word' id='word_1_197' title='bbox 1099 2027 1127 2084; x_wconf 92' lang='lat' dir='ltr'><strong>in</strong></span> <span class='ocrx_word' id='word_1_198' title='bbox 1142 2027 1188 2085; x_wconf 86' lang='lat' dir='ltr'><strong>die</strong></span> <span class='ocrx_word' id='word_1_199' title='bbox 1200 2029 1396 2086; x_wconf 85' lang='lat' dir='ltr'><strong>coronationis</strong></span> <span class='ocrx_word' id='word_1_200' title='bbox 1408 2029 1437 2086; x_wconf 92' lang='lat' dir='ltr'><strong>in</strong></span> <span class='ocrx_word' id='word_1_201' title='bbox 1452 2029 1573 2088; x_wconf 86' lang='lat' dir='ltr'><strong>Basilice</strong></span> <span class='ocrx_word' id='word_1_202' title='bbox 1590 2029 1727 2103; x_wconf 87' lang='lat' dir='ltr'><strong>principis</strong></span> <span class='ocrx_word' id='word_1_203' title='bbox 1739 2043 1827 2103; x_wconf 84' lang='lat' dir='ltr'><strong>apos·</strong></span> 
     </span>
     <span class='ocr_line' id='line_1_42' title="bbox 1062 2115 1563 2189; baseline 0 -15"><span class='ocrx_word' id='word_1_204' title='bbox 1062 2115 1183 2174; x_wconf 89' lang='lat' dir='ltr'><strong>telorum</strong></span> <span class='ocrx_word' id='word_1_205' title='bbox 1200 2116 1368 2174; x_wconf 85' lang='lat' dir='ltr'><strong>solemniter</strong></span> <span class='ocrx_word' id='word_1_206' title='bbox 1382 2116 1563 2189; x_wconf 86' lang='lat' dir='ltr'><strong>publicanda.</strong></span> 
     </span>
     <span class='ocr_line' id='line_1_43' title="bbox 1066 2223 1824 2288; baseline 0.004 -4"><span class='ocrx_word' id='word_1_207' title='bbox 1066 2226 1113 2285; x_wconf 84' lang='lat' dir='ltr'><strong>De</strong></span> <span class='ocrx_word' id='word_1_208' title='bbox 1136 2223 1303 2285; x_wconf 87' lang='lat' dir='ltr'><strong>communi</strong></span> <span class='ocrx_word' id='word_1_209' title='bbox 1320 2223 1462 2286; x_wconf 78' lang='lat' dir='ltr'><strong>fratrum</strong></span> <span class='ocrx_word' id='word_1_210' title='bbox 1479 2226 1668 2288; x_wconf 88' lang='lat' dir='ltr'><strong>nostrorum</strong></span> <span class='ocrx_word' id='word_1_211' title='bbox 1683 2225 1824 2288; x_wconf 91' lang='lat' dir='ltr'><strong>consilio</strong></span> 
     </span>
     <span class='ocr_line' id='line_1_44' title="bbox 1026 2321 1820 2397; baseline 0.004 -16"><span class='ocrx_word' id='word_1_212' title='bbox 1026 2321 1239 2397; x_wconf 86' lang='lat' dir='ltr'><strong>praesentium</strong></span> <span class='ocrx_word' id='word_1_213' title='bbox 1268 2321 1361 2383; x_wconf 91' lang='lat' dir='ltr'><strong>vobis</strong></span> <span class='ocrx_word' id='word_1_214' title='bbox 1387 2322 1587 2385; x_wconf 86' lang='lat' dir='ltr'><strong>auctoritate</strong></span> <span class='ocrx_word' id='word_1_215' title='bbox 1612 2323 1820 2395; x_wconf 88' lang='lat' dir='ltr'><strong>mandamus,</strong></span> 
     </span>
    </p>
   </div>
   <div class='ocr_carea' id='block_1_12' title="bbox 1027 2417 1915 2495">
    <p class='ocr_par' dir='ltr' id='par_1_13' title="bbox 1027 2417 1915 2495">
     <span class='ocr_line' id='line_1_45' title="bbox 1027 2417 1915 2495; baseline 0.006 -17"><span class='ocrx_word' id='word_1_216' title='bbox 1027 2419 1190 2494; x_wconf 89' lang='lat' dir='ltr'><strong>quatenus</strong></span> <span class='ocrx_word' id='word_1_217' title='bbox 1213 2417 1393 2480; x_wconf 89' lang='lat' dir='ltr'><strong>efficaciter</strong></span> <span class='ocrx_word' id='word_1_218' title='bbox 1416 2417 1588 2490; x_wconf 86' lang='lat' dir='ltr'><strong>studeatis,</strong></span> <span class='ocrx_word' id='word_1_219' title='bbox 1606 2422 1642 2481; x_wconf 88' lang='lat' dir='ltr'><strong>ut</strong></span> <span class='ocrx_word' id='word_1_220' title='bbox 1659 2419 1827 2495; x_wconf 87' lang='lat' dir='ltr'><strong>capitula·</strong></span> <span class='ocrx_word' id='word_1_221' title='bbox 1913 2424 1915 2444; x_wconf 85' lang='lat'>¹</span> 
     </span>
    </p>
   </div>
   <div class='ocr_carea' id='block_1_13' title="bbox 1026 2513 1827 2788">
    <p class='ocr_par' dir='ltr' id='par_1_14' title="bbox 1026 2513 1827 2788">
     <span class='ocr_line' id='line_1_46' title="bbox 1026 2513 1827 2593; baseline 0.004 -18"><span class='ocrx_word' id='word_1_222' title='bbox 1026 2515 1088 2585; x_wconf 90' lang='lat' dir='ltr'><strong>ria,</strong></span> <span class='ocrx_word' id='word_1_223' title='bbox 1112 2531 1185 2592; x_wconf 86' lang='lat' dir='ltr'><strong>quae</strong></span> <span class='ocrx_word' id='word_1_224' title='bbox 1199 2513 1294 2576; x_wconf 91' lang='lat' dir='ltr'><strong>vobis</strong></span> <span class='ocrx_word' id='word_1_225' title='bbox 1309 2515 1469 2577; x_wconf 89' lang='lat' dir='ltr'><strong>mittimus</strong></span> <span class='ocrx_word' id='word_1_226' title='bbox 1485 2516 1705 2593; x_wconf 88' lang='lat' dir='ltr'><strong>praesentibus</strong></span> <span class='ocrx_word' id='word_1_227' title='bbox 1719 2517 1827 2580; x_wconf 56' lang='lat' dir='ltr'><strong>inter»</strong></span> 
     </span>
     <span class='ocr_line' id='line_1_47' title="bbox 1026 2610 1826 2687; baseline 0.004 -14"><span class='ocrx_word' id='word_1_228' title='bbox 1026 2610 1130 2683; x_wconf 91' lang='lat' dir='ltr'><strong>clusa,</strong></span> <span class='ocrx_word' id='word_1_229' title='bbox 1156 2610 1217 2672; x_wconf 91' lang='lat' dir='ltr'><strong>sub</strong></span> <span class='ocrx_word' id='word_1_230' title='bbox 1255 2612 1517 2687; x_wconf 89' lang='lat' dir='ltr'><strong>competentibus</strong></span> <span class='ocrx_word' id='word_1_231' title='bbox 1542 2612 1667 2685; x_wconf 89' lang='lat' dir='ltr'><strong>verbis,</strong></span> <span class='ocrx_word' id='word_1_232' title='bbox 1694 2614 1826 2676; x_wconf 86' lang='lat' dir='ltr'><strong>servata</strong></span> 
     </span>
     <span class='ocr_line' id='line_1_48' title="bbox 1027 2708 1824 2788; baseline 0.005 -20"><span class='ocrx_word' id='word_1_233' title='bbox 1027 2708 1202 2780; x_wconf 86' lang='lat' dir='ltr'><strong>sententia,</strong></span> <span class='ocrx_word' id='word_1_234' title='bbox 1217 2708 1278 2769; x_wconf 91' lang='lat' dir='ltr'><strong>sub</strong></span> <span class='ocrx_word' id='word_1_235' title='bbox 1295 2709 1429 2771; x_wconf 91' lang='lat' dir='ltr'><strong>nomine</strong></span> <span class='ocrx_word' id='word_1_236' title='bbox 1443 2709 1537 2784; x_wconf 86' lang='lat' dir='ltr'><strong>regio</strong></span> <span class='ocrx_word' id='word_1_237' title='bbox 1551 2710 1587 2772; x_wconf 92' lang='lat' dir='ltr'><strong>iu</strong></span> <span class='ocrx_word' id='word_1_238' title='bbox 1601 2709 1693 2786; x_wconf 90' lang='lat' dir='ltr'><strong>leges</strong></span> <span class='ocrx_word' id='word_1_239' title='bbox 1709 2709 1824 2788; x_wconf 91' lang='lat' dir='ltr'><strong>publi-</strong></span> 
     </span>
    </p>
   </div>
   <div class='ocr_carea' id='block_1_14' title="bbox 177 2781 973 3054">
    <p class='ocr_par' dir='ltr' id='par_1_15' title="bbox 177 2781 973 3054">
     <span class='ocr_line' id='line_1_49' title="bbox 178 2781 830 2863; baseline -0.005 -17"><span class='ocrx_word' id='word_1_240' title='bbox 178 2784 392 2863; x_wconf 84' lang='lat' dir='ltr'><strong>praesentium</strong></span> <span class='ocrx_word' id='word_1_241' title='bbox 405 2781 616 2849; x_wconf 86' lang='lat' dir='ltr'><strong>concedimus</strong></span> <span class='ocrx_word' id='word_1_242' title='bbox 629 2782 830 2846; x_wconf 87' lang='lat' dir='ltr'><strong>facultatem.</strong></span> 
     </span>
     <span class='ocr_line' id='line_1_50' title="bbox 217 2878 973 2958; baseline -0.003 -16"><span class='ocrx_word' id='word_1_243' title='bbox 217 2883 334 2942; x_wconf 88' lang='lat' dir='ltr'><strong>Datum</strong></span> <span class='ocrx_word' id='word_1_244' title='bbox 343 2881 511 2952; x_wconf 88' lang='lat' dir='ltr'><strong>Laterani,</strong></span> <span class='ocrx_word' id='word_1_245' title='bbox 524 2881 553 2941; x_wconf 94' lang='lat' dir='ltr'><strong>ll</strong></span> <span class='ocrx_word' id='word_1_246' title='bbox 566 2894 672 2941; x_wconf 87' lang='lat' dir='ltr'><strong>nonas</strong></span> <span class='ocrx_word' id='word_1_247' title='bbox 681 2878 882 2952; x_wconf 82' lang='lat' dir='ltr'><strong>novembris,</strong></span> <span class='ocrx_word' id='word_1_248' title='bbox 892 2895 973 2958; x_wconf 91' lang='lat' dir='ltr'><strong>pon·</strong></span> 
     </span>
     <span class='ocr_line' id='line_1_51' title="bbox 177 2976 692 3054; baseline -0.008 -14"><span class='ocrx_word' id='word_1_249' title='bbox 177 2977 324 3040; x_wconf 87' lang='lat' dir='ltr'><strong>tilicatue</strong></span> <span class='ocrx_word' id='word_1_250' title='bbox 339 2976 443 3040; x_wconf 68' lang='lat' dir='ltr'><strong>noemi</strong></span> <span class='ocrx_word' id='word_1_251' title='bbox 463 2991 551 3038; x_wconf 88' lang='lat' dir='ltr'><strong>anno</strong></span> <span class='ocrx_word' id='word_1_252' title='bbox 566 2976 692 3054; x_wconf 83' lang='lat' dir='ltr'><strong>quinto.</strong></span> 
     </span>
    </p>
   </div>
   <div class='ocr_carea' id='block_1_15' title="bbox 1026 2805 1826 3080">
    <p class='ocr_par' dir='ltr' id='par_1_16' title="bbox 1026 2805 1826 3080">
     <span class='ocr_line' id='line_1_52' title="bbox 1026 2805 1824 2884; baseline 0.006 -18"><span class='ocrx_word' id='word_1_253' title='bbox 1026 2819 1083 2866; x_wconf 91' lang='lat' dir='ltr'><strong>cas</strong></span> <span class='ocrx_word' id='word_1_254' title='bbox 1111 2805 1315 2881; x_wconf 82' lang='lat' dir='ltr'><strong>redigantur,</strong></span> <span class='ocrx_word' id='word_1_255' title='bbox 1340 2806 1501 2884; x_wconf 85' lang='lat' dir='ltr'><strong>nobisque</strong></span> <span class='ocrx_word' id='word_1_256' title='bbox 1525 2808 1701 2870; x_wconf 88' lang='lat' dir='ltr'><strong>mittantur</strong></span> <span class='ocrx_word' id='word_1_257' title='bbox 1721 2807 1824 2884; x_wconf 87' lang='lat' dir='ltr'><strong>regiae</strong></span> 
     </span>
     <span class='ocr_line' id='line_1_53' title="bbox 1026 2901 1823 2976; baseline 0.006 -14"><span class='ocrx_word' id='word_1_258' title='bbox 1026 2901 1125 2964; x_wconf 86' lang='lat' dir='ltr'><strong>bullae</strong></span> <span class='ocrx_word' id='word_1_259' title='bbox 1141 2901 1297 2965; x_wconf 88' lang='lat' dir='ltr'><strong>roborata</strong></span> <span class='ocrx_word' id='word_1_260' title='bbox 1310 2903 1504 2976; x_wconf 89' lang='lat' dir='ltr'><strong>munimine,</strong></span> <span class='ocrx_word' id='word_1_261' title='bbox 1515 2903 1550 2966; x_wconf 89' lang='lat' dir='ltr'><strong>in</strong></span> <span class='ocrx_word' id='word_1_262' title='bbox 1562 2905 1616 2966; x_wconf 91' lang='lat' dir='ltr'><strong>die</strong></span> <span class='ocrx_word' id='word_1_263' title='bbox 1629 2905 1823 2967; x_wconf 89' lang='lat' dir='ltr'><strong>coronatio-</strong></span> 
     </span>
     <span class='ocr_line' id='line_1_54' title="bbox 1026 2999 1826 3080; baseline 0.005 -20"><span class='ocrx_word' id='word_1_264' title='bbox 1026 3000 1078 3060; x_wconf 86' lang='lat' dir='ltr'><strong>nis</strong></span> <span class='ocrx_word' id='word_1_265' title='bbox 1093 2999 1154 3062; x_wconf 91' lang='lat' dir='ltr'><strong>sub</strong></span> <span class='ocrx_word' id='word_1_266' title='bbox 1169 3000 1336 3078; x_wconf 90' lang='lat' dir='ltr'><strong>imperiali</strong></span> <span class='ocrx_word' id='word_1_267' title='bbox 1349 3001 1483 3064; x_wconf 90' lang='lat' dir='ltr'><strong>nomine</strong></span> <span class='ocrx_word' id='word_1_268' title='bbox 1492 3002 1526 3063; x_wconf 92' lang='lat' dir='ltr'><strong>in</strong></span> <span class='ocrx_word' id='word_1_269' title='bbox 1538 3001 1683 3064; x_wconf 90' lang='lat' dir='ltr'><strong>Basilica</strong></span> <span class='ocrx_word' id='word_1_270' title='bbox 1696 3001 1826 3080; x_wconf 88' lang='lat' dir='ltr'><strong>prinoi-</strong></span> 
     </span>
    </p>
   </div>
   <div class='ocr_carea' id='block_1_16' title="bbox 457 3135 693 3232">
    <p class='ocr_par' dir='ltr' id='par_1_17' title="bbox 457 3135 693 3232">
     <span class='ocr_line' id='line_1_55' title="bbox 457 3135 693 3232; baseline 0.004 -1"><span class='ocrx_word' id='word_1_271' title='bbox 457 3135 693 3232; x_wconf 89' lang='lat' dir='ltr'>LXXXVIII</span> 
     </span>
    </p>
   </div>
   <div class='ocr_carea' id='block_1_17' title="bbox 1026 3194 1827 3760">
    <p class='ocr_par' dir='ltr' id='par_1_18' title="bbox 1026 3194 1827 3760">
     <span class='ocr_line' id='line_1_56' title="bbox 1027 3194 1823 3271; baseline 0.004 -17"><span class='ocrx_word' id='word_1_272' title='bbox 1027 3194 1098 3254; x_wconf 87' lang='lat' dir='ltr'><strong>baee</strong></span> <span class='ocrx_word' id='word_1_273' title='bbox 1124 3194 1312 3271; x_wconf 90' lang='lat' dir='ltr'><strong>prudenter,</strong></span> <span class='ocrx_word' id='word_1_274' title='bbox 1339 3196 1372 3256; x_wconf 91' lang='lat' dir='ltr'><strong>et</strong></span> <span class='ocrx_word' id='word_1_275' title='bbox 1390 3196 1486 3257; x_wconf 92' lang='lat' dir='ltr'><strong>caute</strong></span> <span class='ocrx_word' id='word_1_276' title='bbox 1502 3195 1663 3257; x_wconf 88' lang='lat' dir='ltr'><strong>studeatis</strong></span> <span class='ocrx_word' id='word_1_277' title='bbox 1678 3194 1823 3257; x_wconf 89' lang='lat' dir='ltr'><strong>investi-</strong></span> 
     </span>
     <span class='ocr_line' id='line_1_57' title="bbox 1026 3291 1827 3370; baseline 0.005 -18"><span class='ocrx_word' id='word_1_278' title='bbox 1026 3307 1116 3367; x_wconf 88' lang='lat' dir='ltr'><strong>gare,</strong></span> <span class='ocrx_word' id='word_1_279' title='bbox 1134 3307 1174 3352; x_wconf 89' lang='lat' dir='ltr'><strong>ac</strong></span> <span class='ocrx_word' id='word_1_280' title='bbox 1186 3293 1375 3370; x_wconf 87' lang='lat' dir='ltr'><strong>perspicere</strong></span> <span class='ocrx_word' id='word_1_281' title='bbox 1387 3291 1517 3370; x_wconf 90' lang='lat' dir='ltr'><strong>regium</strong></span> <span class='ocrx_word' id='word_1_282' title='bbox 1533 3293 1692 3366; x_wconf 87' lang='lat' dir='ltr'><strong>animum,</strong></span> <span class='ocrx_word' id='word_1_283' title='bbox 1708 3295 1742 3356; x_wconf 89' lang='lat' dir='ltr'><strong>et</strong></span> <span class='ocrx_word' id='word_1_284' title='bbox 1752 3307 1827 3370; x_wconf 87' lang='lat' dir='ltr'><strong>pro·</strong></span> 
     </span>
     <span class='ocr_line' id='line_1_58' title="bbox 1026 3389 1827 3470; baseline 0.002 -20"><span class='ocrx_word' id='word_1_285' title='bbox 1026 3389 1181 3466; x_wconf 89' lang='lat' dir='ltr'><strong>positum,</strong></span> <span class='ocrx_word' id='word_1_286' title='bbox 1206 3391 1274 3452; x_wconf 69' lang='lat' dir='ltr'><strong>mm</strong></span> <span class='ocrx_word' id='word_1_287' title='bbox 1300 3405 1401 3468; x_wconf 92' lang='lat' dir='ltr'><strong>super</strong></span> <span class='ocrx_word' id='word_1_288' title='bbox 1426 3389 1563 3452; x_wconf 90' lang='lat' dir='ltr'><strong>vitanda</strong></span> <span class='ocrx_word' id='word_1_289' title='bbox 1584 3391 1701 3467; x_wconf 89' lang='lat' dir='ltr'><strong>regni,</strong></span> <span class='ocrx_word' id='word_1_290' title='bbox 1725 3393 1827 3470; x_wconf 87' lang='lat' dir='ltr'><strong>atque</strong></span> 
     </span>
     <span class='ocr_line' id='line_1_59' title="bbox 1026 3486 1821 3565; baseline 0.005 -19"><span class='ocrx_word' id='word_1_291' title='bbox 1026 3486 1157 3563; x_wconf 90' lang='lat' dir='ltr'><strong>imperii</strong></span> <span class='ocrx_word' id='word_1_292' title='bbox 1170 3487 1303 3559; x_wconf 89' lang='lat' dir='ltr'><strong>unione,</strong></span> <span class='ocrx_word' id='word_1_293' title='bbox 1316 3503 1415 3565; x_wconf 83' lang='lat' dir='ltr'><strong>quam</strong></span> <span class='ocrx_word' id='word_1_294' title='bbox 1427 3504 1529 3565; x_wconf 90' lang='lat' dir='ltr'><strong>super</strong></span> <span class='ocrx_word' id='word_1_295' title='bbox 1540 3486 1688 3550; x_wconf 88' lang='lat' dir='ltr'><strong>subsidio</strong></span> <span class='ocrx_word' id='word_1_296' title='bbox 1709 3489 1821 3551; x_wconf 75' lang='lat' dir='ltr'><strong>ferrae</strong></span> 
     </span>
     <span class='ocr_line' id='line_1_60' title="bbox 1027 3585 1821 3662; baseline 0.003 -18"><span class='ocrx_word' id='word_1_297' title='bbox 1027 3585 1157 3646; x_wconf 83' lang='lat' dir='ltr'><strong>Sanctae</strong></span> <span class='ocrx_word' id='word_1_298' title='bbox 1168 3599 1326 3662; x_wconf 82' lang='lat' dir='ltr'><strong>expresse</strong></span> <span class='ocrx_word' id='word_1_299' title='bbox 1335 3585 1438 3661; x_wconf 91' lang='lat' dir='ltr'><strong>regiis</strong></span> <span class='ocrx_word' id='word_1_300' title='bbox 1449 3585 1586 3648; x_wconf 87' lang='lat' dir='ltr'><strong>auribus</strong></span> <span class='ocrx_word' id='word_1_301' title='bbox 1596 3585 1821 3660; x_wconf 88' lang='lat' dir='ltr'><strong>inculcantes;</strong></span> 
     </span>
     <span class='ocr_line' id='line_1_61' title="bbox 1026 3679 1826 3760; baseline 0.005 -20"><span class='ocrx_word' id='word_1_302' title='bbox 1026 3679 1111 3757; x_wconf 89' lang='lat' dir='ltr'><strong>quod</strong></span> <span class='ocrx_word' id='word_1_303' title='bbox 1126 3681 1257 3746; x_wconf 90' lang='lat' dir='ltr'><strong>videtur</strong></span> <span class='ocrx_word' id='word_1_304' title='bbox 1278 3684 1393 3744; x_wconf 85' lang='lat' dir='ltr'><strong>contra</strong></span> <span class='ocrx_word' id='word_1_305' title='bbox 1408 3681 1583 3759; x_wconf 87' lang='lat' dir='ltr'><strong>promissa,</strong></span> <span class='ocrx_word' id='word_1_306' title='bbox 1600 3686 1634 3746; x_wconf 91' lang='lat' dir='ltr'><strong>et</strong></span> <span class='ocrx_word' id='word_1_307' title='bbox 1648 3681 1826 3760; x_wconf 88' lang='lat' dir='ltr'><strong>privilegia</strong></span> 
     </span>
    </p>
   </div>
   <div class='ocr_carea' id='block_1_18' title="bbox 176 3279 972 3535">
    <p class='ocr_par' dir='ltr' id='par_1_19' title="bbox 176 3279 972 3535">
     <span class='ocr_line' id='line_1_62' title="bbox 176 3279 969 3356; baseline -0.006 -14"><span class='ocrx_word' id='word_1_308' title='bbox 176 3281 478 3356; x_wconf 79' lang='lat' dir='ltr'><strong>Achptonerrsem</strong></span> <span class='ocrx_word' id='word_1_309' title='bbox 488 3279 521 3340; x_wconf 87' lang='lat' dir='ltr'><strong>et</strong></span> <span class='ocrx_word' id='word_1_310' title='bbox 529 3283 778 3341; x_wconf 73' lang='lat' dir='ltr'><strong>zamorensem</strong></span> <span class='ocrx_word' id='word_1_311' title='bbox 786 3280 969 3353; x_wconf 82' lang='lat' dir='ltr'><strong>cpttcopes,</strong></span> 
     </span>
     <span class='ocr_line' id='line_1_63' title="bbox 216 3375 972 3439; baseline -0.004 0"><span class='ocrx_word' id='word_1_312' title='bbox 216 3378 251 3439; x_wconf 87' lang='lat' dir='ltr'><strong>ct</strong></span> <span class='ocrx_word' id='word_1_313' title='bbox 274 3377 430 3439; x_wconf 79' lang='lat' dir='ltr'><strong>abbatem</strong></span> <span class='ocrx_word' id='word_1_314' title='bbox 457 3379 499 3438; x_wconf 87' lang='lat' dir='ltr'><strong>de</strong></span> <span class='ocrx_word' id='word_1_315' title='bbox 530 3378 705 3438; x_wconf 81' lang='lat' dir='ltr'><strong>Morerota</strong></span> <span class='ocrx_word' id='word_1_316' title='bbox 733 3375 972 3437; x_wconf 78' lang='lat' dir='ltr'><strong>cisterciensis</strong></span> 
     </span>
     <span class='ocr_line' id='line_1_64' title="bbox 217 3473 770 3535; baseline -0.005 0"><span class='ocrx_word' id='word_1_317' title='bbox 217 3475 351 3535; x_wconf 79' lang='lat' dir='ltr'><strong>ordinis</strong></span> <span class='ocrx_word' id='word_1_318' title='bbox 365 3475 592 3534; x_wconf 75' lang='lat' dir='ltr'><strong>zamorensis</strong></span> <span class='ocrx_word' id='word_1_319' title='bbox 604 3473 770 3533; x_wconf 78' lang='lat' dir='ltr'><strong>dioecesis.</strong></span> 
     </span>
    </p>
   </div>
   <div class='ocr_carea' id='block_1_19' title="bbox 177 3584 1826 4148">
    <p class='ocr_par' dir='ltr' id='par_1_20' title="bbox 177 3584 1826 4148">
     <span class='ocr_line' id='line_1_65' title="bbox 479 3584 668 3643; baseline -0.011 0"><span class='ocrx_word' id='word_1_320' title='bbox 479 3585 575 3643; x_wconf 82' lang='lat' dir='ltr'><strong>lnov.</strong></span> <span class='ocrx_word' id='word_1_321' title='bbox 590 3584 668 3642; x_wconf 77' lang='lat' dir='ltr'><strong>tiit).</strong></span> 
     </span>
     <span class='ocr_line' id='line_1_66' title="bbox 330 3687 815 3756; baseline -0.002 -15"><span class='ocrx_word' id='word_1_322' title='bbox 330 3691 482 3756; x_wconf 67' lang='lat' dir='ltr'><strong>[Maurique</strong></span> <span class='ocrx_word' id='word_1_323' title='bbox 493 3690 562 3740; x_wconf 80' lang='lat' dir='ltr'><strong>Anu.</strong></span> <span class='ocrx_word' id='word_1_324' title='bbox 572 3689 687 3750; x_wconf 72' lang='lat' dir='ltr'><strong>distare,</strong></span> <span class='ocrx_word' id='word_1_325' title='bbox 695 3690 737 3748; x_wconf 84' lang='lat' dir='ltr'><strong>lv,</strong></span> <span class='ocrx_word' id='word_1_326' title='bbox 748 3687 815 3754; x_wconf 75' lang='lat' dir='ltr'><strong>loe]</strong></span> 
     </span>
     <span class='ocr_line' id='line_1_67' title="bbox 214 3777 1825 3852; baseline -0.002 -6"><span class='ocrx_word' id='word_1_327' title='bbox 214 3789 255 3846; x_wconf 81' lang='lat' dir='ltr'><strong>ile</strong></span> <span class='ocrx_word' id='word_1_328' title='bbox 263 3784 365 3845; x_wconf 86' lang='lat' dir='ltr'><strong>eadem</strong></span> <span class='ocrx_word' id='word_1_329' title='bbox 374 3785 511 3844; x_wconf 87' lang='lat' dir='ltr'><strong>missione</strong></span> <span class='ocrx_word' id='word_1_330' title='bbox 525 3785 689 3844; x_wconf 86' lang='lat' dir='ltr'><strong>nuntiorum</strong></span> <span class='ocrx_word' id='word_1_331' title='bbox 702 3799 736 3842; x_wconf 86' lang='lat' dir='ltr'><strong>ac</strong></span> <span class='ocrx_word' id='word_1_332' title='bbox 751 3785 779 3841; x_wconf 91' lang='lat' dir='ltr'><strong>in</strong></span> <span class='ocrx_word' id='word_1_333' title='bbox 792 3783 936 3843; x_wconf 80' lang='lat' dir='ltr'>LXXXIV</span> <span class='ocrx_word' id='word_1_334' title='bbox 1026 3793 1086 3839; x_wconf 87' lang='lat' dir='ltr'><strong>sua</strong></span> <span class='ocrx_word' id='word_1_335' title='bbox 1105 3777 1282 3841; x_wconf 86' lang='lat' dir='ltr'><strong>manifesta</strong></span> <span class='ocrx_word' id='word_1_336' title='bbox 1303 3779 1447 3852; x_wconf 87' lang='lat' dir='ltr'><strong>venisse,</strong></span> <span class='ocrx_word' id='word_1_337' title='bbox 1469 3795 1543 3840; x_wconf 90' lang='lat' dir='ltr'><strong>cum</strong></span> <span class='ocrx_word' id='word_1_338' title='bbox 1558 3781 1591 3842; x_wconf 88' lang='lat' dir='ltr'><strong>et</strong></span> <span class='ocrx_word' id='word_1_339' title='bbox 1605 3779 1712 3842; x_wconf 89' lang='lat' dir='ltr'><strong>filium</strong></span> <span class='ocrx_word' id='word_1_340' title='bbox 1727 3795 1825 3842; x_wconf 91' lang='lat' dir='ltr'><strong>suum</strong></span> 
     </span>
     <span class='ocr_line' id='line_1_68' title="bbox 515 3874 1825 3952; baseline 0.005 -21"><span class='ocrx_word' id='word_1_341' title='bbox 515 3874 646 3947; x_wconf 82' lang='lat' dir='ltr'><strong>epistola.</strong></span> <span class='ocrx_word' id='word_1_342' title='bbox 1026 3877 1221 3938; x_wconf 88' lang='lat' dir='ltr'><strong>coronatum</strong></span> <span class='ocrx_word' id='word_1_343' title='bbox 1237 3877 1272 3936; x_wconf 91' lang='lat' dir='ltr'><strong>ln</strong></span> <span class='ocrx_word' id='word_1_344' title='bbox 1282 3891 1396 3952; x_wconf 89' lang='lat' dir='ltr'><strong>regem</strong></span> <span class='ocrx_word' id='word_1_345' title='bbox 1407 3875 1542 3949; x_wconf 85' lang='lat' dir='ltr'><strong>Siciliae,</strong></span> <span class='ocrx_word' id='word_1_346' title='bbox 1555 3876 1589 3938; x_wconf 90' lang='lat' dir='ltr'><strong>in</strong></span> <span class='ocrx_word' id='word_1_347' title='bbox 1602 3877 1825 3939; x_wconf 85' lang='lat' dir='ltr'><strong>Romanorum</strong></span> 
     </span>
     <span class='ocr_line' id='line_1_69' title="bbox 215 3971 1826 4050; baseline 0 -14"><span class='ocrx_word' id='word_1_348' title='bbox 215 3975 264 4036; x_wconf 83' lang='lat' dir='ltr'><strong>Xd</strong></span> <span class='ocrx_word' id='word_1_349' title='bbox 289 3973 494 4036; x_wconf 87' lang='lat' dir='ltr'><strong>audientiam</strong></span> <span class='ocrx_word' id='word_1_350' title='bbox 518 3975 666 4036; x_wconf 88' lang='lat' dir='ltr'><strong>nostram</strong></span> <span class='ocrx_word' id='word_1_351' title='bbox 696 3971 858 4034; x_wconf 90' lang='lat' dir='ltr'><strong>noveritis</strong></span> <span class='ocrx_word' id='word_1_352' title='bbox 890 3985 970 4049; x_wconf 90' lang='lat' dir='ltr'><strong>per·</strong></span> <span class='ocrx_word' id='word_1_353' title='bbox 1025 3987 1138 4048; x_wconf 89' lang='lat' dir='ltr'><strong>regem</strong></span> <span class='ocrx_word' id='word_1_354' title='bbox 1161 3973 1239 4049; x_wconf 90' lang='lat' dir='ltr'><strong>eligi</strong></span> <span class='ocrx_word' id='word_1_355' title='bbox 1255 3973 1453 4050; x_wconf 91' lang='lat' dir='ltr'><strong>procurarit,</strong></span> <span class='ocrx_word' id='word_1_356' title='bbox 1470 3974 1505 4036; x_wconf 91' lang='lat' dir='ltr'><strong>et</strong></span> <span class='ocrx_word' id='word_1_357' title='bbox 1526 3973 1684 4050; x_wconf 84' lang='lat' dir='ltr'><strong>praelatos</strong></span> <span class='ocrx_word' id='word_1_358' title='bbox 1699 3974 1733 4035; x_wconf 91' lang='lat' dir='ltr'><strong>et</strong></span> <span class='ocrx_word' id='word_1_359' title='bbox 1754 3989 1826 4036; x_wconf 87' lang='lat' dir='ltr'><strong>ma-</strong></span> 
     </span>
     <span class='ocr_line' id='line_1_70' title="bbox 177 4065 1826 4148; baseline -0.004 -13"><span class='ocrx_word' id='word_1_360' title='bbox 177 4071 323 4142; x_wconf 88' lang='lat' dir='ltr'><strong>venisse,</strong></span> <span class='ocrx_word' id='word_1_361' title='bbox 340 4071 425 4148; x_wconf 87' lang='lat' dir='ltr'><strong>quod</strong></span> <span class='ocrx_word' id='word_1_362' title='bbox 444 4069 639 4132; x_wconf 87' lang='lat' dir='ltr'><strong>carissimus</strong></span> <span class='ocrx_word' id='word_1_363' title='bbox 668 4069 763 4131; x_wconf 88' lang='lat' dir='ltr'><strong>nobis</strong></span> <span class='ocrx_word' id='word_1_364' title='bbox 782 4069 817 4130; x_wconf 93' lang='lat' dir='ltr'><strong>in</strong></span> <span class='ocrx_word' id='word_1_365' title='bbox 840 4069 971 4130; x_wconf 81' lang='lat' dir='ltr'><strong>Christo</strong></span> <span class='ocrx_word' id='word_1_366' title='bbox 1026 4068 1144 4144; x_wconf 83' lang='lat' dir='ltr'><strong>gustes</strong></span> <span class='ocrx_word' id='word_1_367' title='bbox 1155 4068 1251 4143; x_wconf 89' lang='lat' dir='ltr'><strong>regni</strong></span> <span class='ocrx_word' id='word_1_368' title='bbox 1264 4067 1304 4128; x_wconf 88' lang='lat' dir='ltr'><strong>ad</strong></span> <span class='ocrx_word' id='word_1_369' title='bbox 1322 4083 1479 4130; x_wconf 87' lang='lat' dir='ltr'><strong>coronam</strong></span> <span class='ocrx_word' id='word_1_370' title='bbox 1490 4068 1619 4130; x_wconf 92' lang='lat' dir='ltr'><strong>vocarit</strong></span> <span class='ocrx_word' id='word_1_371' title='bbox 1632 4065 1776 4144; x_wconf 90' lang='lat' dir='ltr'><strong>imperii,</strong></span> <span class='ocrx_word' id='word_1_372' title='bbox 1793 4069 1826 4128; x_wconf 91' lang='lat' dir='ltr'><strong>et</strong></span> 
     </span>
    </p>
   </div>
   <div class='ocr_carea' id='block_1_20' title="bbox 176 4163 1979 4243">
    <p class='ocr_par' dir='ltr' id='par_1_21' title="bbox 176 4163 1979 4243">
     <span class='ocr_line' id='line_1_71' title="bbox 176 4163 1979 4243; baseline -0.002 -13"><span class='ocrx_word' id='word_1_373' title='bbox 176 4169 264 4230; x_wconf 89' lang='lat' dir='ltr'><strong>filius</strong></span> <span class='ocrx_word' id='word_1_374' title='bbox 296 4170 347 4241; x_wconf 73' lang='lat' dir='ltr'><strong>X,</strong></span> <span class='ocrx_word' id='word_1_375' title='bbox 375 4167 592 4243; x_wconf 80' lang='lat' dir='ltr'><strong>legionensis</strong></span> <span class='ocrx_word' id='word_1_376' title='bbox 625 4181 687 4229; x_wconf 85' lang='lat' dir='ltr'><strong>rex</strong></span> <span class='ocrx_word' id='word_1_377' title='bbox 714 4167 866 4238; x_wconf 88' lang='lat' dir='ltr'><strong>illustris,</strong></span> <span class='ocrx_word' id='word_1_378' title='bbox 892 4181 966 4228; x_wconf 92' lang='lat' dir='ltr'><strong>cum</strong></span> <span class='ocrx_word' id='word_1_379' title='bbox 1026 4165 1067 4226; x_wconf 91' lang='lat' dir='ltr'><strong>ab</strong></span> <span class='ocrx_word' id='word_1_380' title='bbox 1082 4165 1132 4226; x_wconf 91' lang='lat' dir='ltr'><strong>eis</strong></span> <span class='ocrx_word' id='word_1_381' title='bbox 1146 4165 1187 4226; x_wconf 92' lang='lat' dir='ltr'><strong>de</strong></span> <span class='ocrx_word' id='word_1_382' title='bbox 1209 4180 1295 4226; x_wconf 90' lang='lat' dir='ltr'><strong>nova</strong></span> <span class='ocrx_word' id='word_1_383' title='bbox 1317 4165 1486 4226; x_wconf 85' lang='lat' dir='ltr'><strong>fidelitatis</strong></span> <span class='ocrx_word' id='word_1_384' title='bbox 1501 4165 1652 4242; x_wconf 84' lang='lat' dir='ltr'><strong>exegerit</strong></span> <span class='ocrx_word' id='word_1_385' title='bbox 1666 4165 1699 4227; x_wconf 90' lang='lat' dir='ltr'><strong>et</strong></span> <span class='ocrx_word' id='word_1_386' title='bbox 1713 4163 1827 4242; x_wconf 83' lang='lat' dir='ltr'><strong>exigat</strong></span> <span class='ocrx_word' id='word_1_387' title='bbox 1941 4209 1946 4220; x_wconf 94' lang='lat'><em>.</em></span> <span class='ocrx_word' id='word_1_388' title='bbox 1976 4169 1979 4180; x_wconf 90' lang='grc'>·</span> 
     </span>
    </p>
   </div>
   <div class='ocr_carea' id='block_1_21' title="bbox 174 4261 1826 5708">
    <p class='ocr_par' dir='ltr' id='par_1_22' title="bbox 174 4261 1826 5708">
     <span class='ocr_line' id='line_1_72' title="bbox 177 4261 1823 4341; baseline -0.003 -12"><span class='ocrx_word' id='word_1_389' title='bbox 177 4265 340 4341; x_wconf 88' lang='lat' dir='ltr'><strong>contingit</strong></span> <span class='ocrx_word' id='word_1_390' title='bbox 358 4265 398 4327; x_wconf 88' lang='lat' dir='ltr'><strong>ad</strong></span> <span class='ocrx_word' id='word_1_391' title='bbox 428 4263 572 4325; x_wconf 89' lang='lat' dir='ltr'><strong>nobilem</strong></span> <span class='ocrx_word' id='word_1_392' title='bbox 598 4264 708 4326; x_wconf 91' lang='lat' dir='ltr'><strong>virum</strong></span> <span class='ocrx_word' id='word_1_393' title='bbox 730 4263 972 4325; x_wconf 87' lang='lat' dir='ltr'><strong>Miramamoli·</strong></span> <span class='ocrx_word' id='word_1_394' title='bbox 1022 4263 1226 4340; x_wconf 87' lang='lat' dir='ltr'><strong>juramenta,</strong></span> <span class='ocrx_word' id='word_1_395' title='bbox 1252 4277 1312 4340; x_wconf 89' lang='lat' dir='ltr'><strong>per</strong></span> <span class='ocrx_word' id='word_1_396' title='bbox 1335 4278 1408 4340; x_wconf 86' lang='lat' dir='ltr'><strong>quae</strong></span> <span class='ocrx_word' id='word_1_397' title='bbox 1435 4263 1469 4323; x_wconf 92' lang='lat' dir='ltr'><strong>in</strong></span> <span class='ocrx_word' id='word_1_398' title='bbox 1495 4261 1590 4324; x_wconf 86' lang='lat' dir='ltr'><strong>Sedis</strong></span> <span class='ocrx_word' id='word_1_399' title='bbox 1613 4261 1823 4338; x_wconf 77' lang='lat' dir='ltr'><strong>spostolicae,</strong></span> 
     </span>
     <span class='ocr_line' id='line_1_73' title="bbox 177 4359 1826 4439; baseline -0.003 -14"><span class='ocrx_word' id='word_1_400' title='bbox 177 4381 272 4436; x_wconf 91' lang='lat' dir='ltr'><strong>num,</strong></span> <span class='ocrx_word' id='word_1_401' title='bbox 303 4379 362 4424; x_wconf 92' lang='lat' dir='ltr'><strong>seu</strong></span> <span class='ocrx_word' id='word_1_402' title='bbox 385 4362 425 4424; x_wconf 94' lang='lat' dir='ltr'><strong>ad</strong></span> <span class='ocrx_word' id='word_1_403' title='bbox 454 4360 602 4424; x_wconf 91' lang='lat' dir='ltr'><strong>subditos</strong></span> <span class='ocrx_word' id='word_1_404' title='bbox 630 4363 704 4438; x_wconf 82' lang='lat' dir='ltr'><strong>ejus</strong></span> <span class='ocrx_word' id='word_1_405' title='bbox 731 4361 865 4422; x_wconf 91' lang='lat' dir='ltr'><strong>nuntios</strong></span> <span class='ocrx_word' id='word_1_406' title='bbox 895 4360 972 4421; x_wconf 86' lang='lat' dir='ltr'><strong>des·</strong></span> <span class='ocrx_word' id='word_1_407' title='bbox 1027 4374 1156 4422; x_wconf 89' lang='lat' dir='ltr'><strong>necnon</strong></span> <span class='ocrx_word' id='word_1_408' title='bbox 1169 4360 1374 4439; x_wconf 86' lang='lat' dir='ltr'><strong>posteritatis</strong></span> <span class='ocrx_word' id='word_1_409' title='bbox 1391 4375 1461 4422; x_wconf 83' lang='lat' dir='ltr'><strong>suae</strong></span> <span class='ocrx_word' id='word_1_410' title='bbox 1472 4359 1683 4438; x_wconf 85' lang='lat' dir='ltr'><strong>dispendium</strong></span> <span class='ocrx_word' id='word_1_411' title='bbox 1694 4359 1826 4422; x_wconf 90' lang='lat' dir='ltr'><strong>videtur</strong></span> 
     </span>
     <span class='ocr_line' id='line_1_74' title="bbox 175 4455 1824 4542; baseline -0.004 -18"><span class='ocrx_word' id='word_1_412' title='bbox 175 4463 295 4535; x_wconf 86' lang='lat' dir='ltr'><strong>tiuare,</strong></span> <span class='ocrx_word' id='word_1_413' title='bbox 306 4475 486 4542; x_wconf 85' lang='lat' dir='ltr'><strong>nunquam,</strong></span> <span class='ocrx_word' id='word_1_414' title='bbox 501 4460 560 4521; x_wconf 87' lang='lat' dir='ltr'><strong>aut</strong></span> <span class='ocrx_word' id='word_1_415' title='bbox 573 4473 651 4520; x_wconf 90' lang='lat' dir='ltr'><strong>raro</strong></span> <span class='ocrx_word' id='word_1_416' title='bbox 665 4457 862 4520; x_wconf 89' lang='lat' dir='ltr'><strong>transmittit</strong></span> <span class='ocrx_word' id='word_1_417' title='bbox 873 4457 968 4528; x_wconf 89' lang='lat' dir='ltr'><strong>alios,</strong></span> <span class='ocrx_word' id='word_1_418' title='bbox 1027 4455 1165 4533; x_wconf 79' lang='lat' dir='ltr'><strong>praefata</strong></span> <span class='ocrx_word' id='word_1_419' title='bbox 1191 4457 1271 4520; x_wconf 91' lang='lat' dir='ltr'><strong>unio</strong></span> <span class='ocrx_word' id='word_1_420' title='bbox 1300 4457 1492 4535; x_wconf 87' lang='lat' dir='ltr'><strong>procurari;</strong></span> <span class='ocrx_word' id='word_1_421' title='bbox 1506 4456 1609 4520; x_wconf 80' lang='lat' dir='ltr'><strong>&#39;unde</strong></span> <span class='ocrx_word' id='word_1_422' title='bbox 1635 4457 1731 4520; x_wconf 90' lang='lat' dir='ltr'><strong>multi</strong></span> <span class='ocrx_word' id='word_1_423' title='bbox 1757 4469 1824 4518; x_wconf 88' lang='lat' dir='ltr'><strong>non</strong></span> 
     </span>
     <span class='ocr_line' id='line_1_75' title="bbox 176 4553 1825 4637; baseline -0.004 -17"><span class='ocrx_word' id='word_1_424' title='bbox 176 4576 275 4637; x_wconf 86' lang='lat' dir='ltr'><strong>quam</strong></span> <span class='ocrx_word' id='word_1_425' title='bbox 299 4559 444 4629; x_wconf 74' lang='lat' dir='ltr'><strong>iudam,</strong></span> <span class='ocrx_word' id='word_1_426' title='bbox 461 4555 518 4634; x_wconf 87' lang='lat' dir='ltr'><strong>qui</strong></span> <span class='ocrx_word' id='word_1_427' title='bbox 544 4557 594 4617; x_wconf 88' lang='lat' dir='ltr'><strong>eis</strong></span> <span class='ocrx_word' id='word_1_428' title='bbox 618 4555 770 4626; x_wconf 88' lang='lat' dir='ltr'><strong>consilia,</strong></span> <span class='ocrx_word' id='word_1_429' title='bbox 791 4555 825 4616; x_wconf 91' lang='lat' dir='ltr'><strong>et</strong></span> <span class='ocrx_word' id='word_1_430' title='bbox 849 4555 969 4616; x_wconf 88' lang='lat' dir='ltr'><strong>statum</strong></span> <span class='ocrx_word' id='word_1_431' title='bbox 1027 4553 1193 4615; x_wconf 92' lang='lat' dir='ltr'><strong>immerito</strong></span> <span class='ocrx_word' id='word_1_432' title='bbox 1224 4553 1443 4615; x_wconf 87' lang='lat' dir='ltr'><strong>admirantur.</strong></span> <span class='ocrx_word' id='word_1_433' title='bbox 1480 4553 1720 4616; x_wconf 85' lang='lat' dir='ltr'><strong>Necessitatem</strong></span> <span class='ocrx_word' id='word_1_434' title='bbox 1744 4567 1825 4616; x_wconf 90' lang='lat' dir='ltr'><strong>vero</strong></span> 
     </span>
     <span class='ocr_line' id='line_1_76' title="bbox 176 4651 1825 4730; baseline -0.004 -12"><span class='ocrx_word' id='word_1_435' title='bbox 176 4657 441 4718; x_wconf 86' lang='lat' dir='ltr'><strong>Christianorum</strong></span> <span class='ocrx_word' id='word_1_436' title='bbox 463 4653 645 4730; x_wconf 87' lang='lat' dir='ltr'><strong>exponunt,</strong></span> <span class='ocrx_word' id='word_1_437' title='bbox 663 4669 702 4714; x_wconf 88' lang='lat' dir='ltr'><strong>ac</strong></span> <span class='ocrx_word' id='word_1_438' title='bbox 727 4653 854 4714; x_wconf 84' lang='lat' dir='ltr'><strong>secreta</strong></span> <span class='ocrx_word' id='word_1_439' title='bbox 875 4667 972 4714; x_wconf 89' lang='lat' dir='ltr'><strong>reve-</strong></span> <span class='ocrx_word' id='word_1_440' title='bbox 1026 4651 1140 4712; x_wconf 73' lang='lat' dir='ltr'><strong>Terra</strong></span> <span class='ocrx_word' id='word_1_441' title='bbox 1164 4653 1294 4714; x_wconf 81' lang='lat' dir='ltr'><strong>Sanctae</strong></span> <span class='ocrx_word' id='word_1_442' title='bbox 1322 4651 1542 4727; x_wconf 81' lang='lat' dir='ltr'><strong>exaggeretis,</strong></span> <span class='ocrx_word' id='word_1_443' title='bbox 1566 4651 1652 4712; x_wconf 91' lang='lat' dir='ltr'><strong>sicut</strong></span> <span class='ocrx_word' id='word_1_444' title='bbox 1672 4665 1729 4712; x_wconf 89' lang='lat' dir='ltr'><strong>res</strong></span> <span class='ocrx_word' id='word_1_445' title='bbox 1752 4651 1825 4727; x_wconf 91' lang='lat' dir='ltr'><strong>ipsa</strong></span> 
     </span>
     <span class='ocr_line' id='line_1_77' title="bbox 174 4747 1823 4832; baseline -0.005 -17"><span class='ocrx_word' id='word_1_446' title='bbox 174 4755 255 4826; x_wconf 88' lang='lat' dir='ltr'><strong>lant,</strong></span> <span class='ocrx_word' id='word_1_447' title='bbox 273 4771 315 4816; x_wconf 86' lang='lat' dir='ltr'><strong>ex</strong></span> <span class='ocrx_word' id='word_1_448' title='bbox 331 4771 396 4832; x_wconf 83' lang='lat' dir='ltr'><strong>quo</strong></span> <span class='ocrx_word' id='word_1_449' title='bbox 419 4754 524 4814; x_wconf 89' lang='lat' dir='ltr'><strong>multu</strong></span> <span class='ocrx_word' id='word_1_450' title='bbox 548 4751 722 4829; x_wconf 87' lang='lat' dir='ltr'><strong>dispendia</strong></span> <span class='ocrx_word' id='word_1_451' title='bbox 736 4751 819 4828; x_wconf 84' lang='lat' dir='ltr'><strong>ipsis</strong></span> <span class='ocrx_word' id='word_1_452' title='bbox 835 4750 969 4812; x_wconf 90' lang='lat' dir='ltr'><strong>contin·</strong></span> <span class='ocrx_word' id='word_1_453' title='bbox 1026 4748 1195 4824; x_wconf 88' lang='lat' dir='ltr'><strong>deposcit,</strong></span> <span class='ocrx_word' id='word_1_454' title='bbox 1231 4747 1440 4810; x_wconf 87' lang='lat' dir='ltr'><strong>insinuantes</strong></span> <span class='ocrx_word' id='word_1_455' title='bbox 1480 4747 1582 4824; x_wconf 83' lang='lat' dir='ltr'><strong>regiae</strong></span> <span class='ocrx_word' id='word_1_456' title='bbox 1612 4747 1823 4818; x_wconf 88' lang='lat' dir='ltr'><strong>celsitudini,</strong></span> 
     </span>
     <span class='ocr_line' id='line_1_78' title="bbox 175 4843 1824 4928; baseline -0.004 -16"><span class='ocrx_word' id='word_1_457' title='bbox 175 4855 267 4928; x_wconf 87' lang='lat' dir='ltr'><strong>gunt.</strong></span> <span class='ocrx_word' id='word_1_458' title='bbox 279 4851 468 4914; x_wconf 87' lang='lat' dir='ltr'><strong>Nosautem</strong></span> <span class='ocrx_word' id='word_1_459' title='bbox 484 4849 645 4918; x_wconf 89' lang='lat' dir='ltr'><strong>volentes,</strong></span> <span class='ocrx_word' id='word_1_460' title='bbox 655 4849 814 4926; x_wconf 83' lang='lat' dir='ltr'><strong>quantum</strong></span> <span class='ocrx_word' id='word_1_461' title='bbox 825 4848 860 4910; x_wconf 90' lang='lat' dir='ltr'><strong>in</strong></span> <span class='ocrx_word' id='word_1_462' title='bbox 875 4847 970 4910; x_wconf 90' lang='lat' dir='ltr'><strong>nobis</strong></span> <span class='ocrx_word' id='word_1_463' title='bbox 1027 4846 1191 4922; x_wconf 83' lang='lat' dir='ltr'><strong>quomodo</strong></span> <span class='ocrx_word' id='word_1_464' title='bbox 1206 4843 1328 4908; x_wconf 82' lang='lat' dir='ltr'><strong>fiducia</strong></span> <span class='ocrx_word' id='word_1_465' title='bbox 1343 4847 1377 4908; x_wconf 90' lang='lat' dir='ltr'><strong>ot</strong></span> <span class='ocrx_word' id='word_1_466' title='bbox 1397 4861 1474 4923; x_wconf 88' lang='lat' dir='ltr'><strong>spes</strong></span> <span class='ocrx_word' id='word_1_467' title='bbox 1491 4845 1583 4906; x_wconf 91' lang='lat' dir='ltr'><strong>illius</strong></span> <span class='ocrx_word' id='word_1_468' title='bbox 1595 4846 1721 4923; x_wconf 91' lang='lat' dir='ltr'><strong>negotii</strong></span> <span class='ocrx_word' id='word_1_469' title='bbox 1735 4845 1770 4906; x_wconf 90' lang='lat' dir='ltr'><strong>in</strong></span> <span class='ocrx_word' id='word_1_470' title='bbox 1785 4860 1824 4908; x_wconf 91' lang='lat' dir='ltr'><strong>eo</strong></span> 
     </span>
     <span class='ocr_line' id='line_1_79' title="bbox 176 4941 1826 5021; baseline -0.004 -10"><span class='ocrx_word' id='word_1_471' title='bbox 176 4951 236 5021; x_wconf 89' lang='lat' dir='ltr'><strong>est,</strong></span> <span class='ocrx_word' id='word_1_472' title='bbox 253 4949 331 5010; x_wconf 87' lang='lat' dir='ltr'><strong>huic</strong></span> <span class='ocrx_word' id='word_1_473' title='bbox 355 4947 443 5009; x_wconf 87' lang='lat' dir='ltr'><strong>malo</strong></span> <span class='ocrx_word' id='word_1_474' title='bbox 465 4946 611 5018; x_wconf 86' lang='lat' dir='ltr'><strong>obviare,</strong></span> <span class='ocrx_word' id='word_1_475' title='bbox 628 4947 668 5008; x_wconf 91' lang='lat' dir='ltr'><strong>ad</strong></span> <span class='ocrx_word' id='word_1_476' title='bbox 689 4945 842 5008; x_wconf 87' lang='lat' dir='ltr'><strong>eumdem</strong></span> <span class='ocrx_word' id='word_1_477' title='bbox 859 4960 971 5021; x_wconf 89' lang='lat' dir='ltr'><strong>regem</strong></span> <span class='ocrx_word' id='word_1_478' title='bbox 1027 4945 1102 5019; x_wconf 92' lang='lat' dir='ltr'><strong>post</strong></span> <span class='ocrx_word' id='word_1_479' title='bbox 1124 4944 1228 5005; x_wconf 89' lang='lat' dir='ltr'><strong>Deum</strong></span> <span class='ocrx_word' id='word_1_480' title='bbox 1246 4943 1346 5020; x_wconf 77' lang='lat' dir='ltr'><strong>,quasi</strong></span> <span class='ocrx_word' id='word_1_481' title='bbox 1370 4945 1441 5004; x_wconf 89' lang='lat' dir='ltr'><strong>tota</strong></span> <span class='ocrx_word' id='word_1_482' title='bbox 1465 4941 1637 5018; x_wconf 88' lang='lat' dir='ltr'><strong>dependet,</strong></span> <span class='ocrx_word' id='word_1_483' title='bbox 1661 4945 1748 5006; x_wconf 91' lang='lat' dir='ltr'><strong>sicut</strong></span> <span class='ocrx_word' id='word_1_484' title='bbox 1766 4959 1826 5020; x_wconf 90' lang='lat' dir='ltr'><strong>per</strong></span> 
     </span>
     <span class='ocr_line' id='line_1_80' title="bbox 177 5038 1825 5120; baseline -0.003 -13"><span class='ocrx_word' id='word_1_485' title='bbox 177 5045 363 5117; x_wconf 89' lang='lat' dir='ltr'><strong>scribimus,</strong></span> <span class='ocrx_word' id='word_1_486' title='bbox 373 5044 543 5120; x_wconf 89' lang='lat' dir='ltr'><strong>rogantes,</strong></span> <span class='ocrx_word' id='word_1_487' title='bbox 559 5045 593 5106; x_wconf 91' lang='lat' dir='ltr'><strong>et</strong></span> <span class='ocrx_word' id='word_1_488' title='bbox 606 5044 790 5115; x_wconf 89' lang='lat' dir='ltr'><strong>monentes,</strong></span> <span class='ocrx_word' id='word_1_489' title='bbox 807 5044 971 5119; x_wconf 86' lang='lat' dir='ltr'><strong>quatenus</strong></span> <span class='ocrx_word' id='word_1_490' title='bbox 1027 5038 1172 5112; x_wconf 90' lang='lat' dir='ltr'><strong>nuntios,</strong></span> <span class='ocrx_word' id='word_1_491' title='bbox 1198 5042 1233 5102; x_wconf 92' lang='lat' dir='ltr'><strong>et</strong></span> <span class='ocrx_word' id='word_1_492' title='bbox 1254 5039 1381 5102; x_wconf 88' lang='lat' dir='ltr'><strong>litteras</strong></span> <span class='ocrx_word' id='word_1_493' title='bbox 1409 5039 1523 5115; x_wconf 84' lang='lat' dir='ltr'><strong>legati,</strong></span> <span class='ocrx_word' id='word_1_494' title='bbox 1553 5040 1767 5117; x_wconf 75' lang='lat' dir='ltr'><strong>prelatorum</strong></span> <span class='ocrx_word' id='word_1_495' title='bbox 1791 5043 1825 5102; x_wconf 91' lang='lat' dir='ltr'><strong>et</strong></span> 
     </span>
     <span class='ocr_line' id='line_1_81' title="bbox 177 5135 1824 5220; baseline -0.004 -15"><span class='ocrx_word' id='word_1_496' title='bbox 177 5159 251 5206; x_wconf 88' lang='lat' dir='ltr'><strong>cum</strong></span> <span class='ocrx_word' id='word_1_497' title='bbox 274 5157 357 5220; x_wconf 93' lang='lat' dir='ltr'><strong>opus</strong></span> <span class='ocrx_word' id='word_1_498' title='bbox 379 5140 535 5202; x_wconf 90' lang='lat' dir='ltr'><strong>babuerit</strong></span> <span class='ocrx_word' id='word_1_499' title='bbox 558 5141 722 5217; x_wconf 90' lang='lat' dir='ltr'><strong>ejusmodi</strong></span> <span class='ocrx_word' id='word_1_500' title='bbox 745 5139 882 5202; x_wconf 89' lang='lat' dir='ltr'><strong>nuntios</strong></span> <span class='ocrx_word' id='word_1_501' title='bbox 901 5139 972 5200; x_wconf 93' lang='lat' dir='ltr'><strong>des·</strong></span> <span class='ocrx_word' id='word_1_502' title='bbox 1026 5135 1187 5198; x_wconf 89' lang='lat' dir='ltr'><strong>baronum</strong></span> <span class='ocrx_word' id='word_1_503' title='bbox 1205 5137 1373 5198; x_wconf 88' lang='lat' dir='ltr'><strong>exereitus</strong></span> <span class='ocrx_word' id='word_1_504' title='bbox 1388 5135 1568 5198; x_wconf 85' lang='lat' dir='ltr'><strong>Christiani</strong></span> <span class='ocrx_word' id='word_1_505' title='bbox 1583 5136 1754 5199; x_wconf 87' lang='lat' dir='ltr'><strong>evidenter</strong></span> <span class='ocrx_word' id='word_1_506' title='bbox 1769 5151 1824 5214; x_wconf 90' lang='lat' dir='ltr'><strong>ap·</strong></span> 
     </span>
     <span class='ocr_line' id='line_1_82' title="bbox 175 5233 1825 5316; baseline -0.005 -13"><span class='ocrx_word' id='word_1_507' title='bbox 175 5236 417 5316; x_wconf 78' lang='lat' dir='ltr'><strong>ilnare,potius</strong></span> <span class='ocrx_word' id='word_1_508' title='bbox 431 5236 574 5299; x_wconf 90' lang='lat' dir='ltr'><strong>destinet</strong></span> <span class='ocrx_word' id='word_1_509' title='bbox 588 5236 796 5299; x_wconf 85' lang='lat' dir='ltr'><strong>Christianos</strong></span> <span class='ocrx_word' id='word_1_510' title='bbox 811 5259 818 5297; x_wconf 75' lang='grc' dir='ltr'><strong>ε</strong></span> <span class='ocrx_word' id='word_1_511' title='bbox 835 5235 971 5299; x_wconf 90' lang='lat' dir='ltr'><strong>neceibi</strong></span> <span class='ocrx_word' id='word_1_512' title='bbox 1026 5235 1132 5312; x_wconf 89' lang='lat' dir='ltr'><strong>paret,</strong></span> <span class='ocrx_word' id='word_1_513' title='bbox 1156 5236 1189 5296; x_wconf 87' lang='lat' dir='ltr'><strong>et</strong></span> <span class='ocrx_word' id='word_1_514' title='bbox 1215 5233 1378 5312; x_wconf 82' lang='lat' dir='ltr'><strong>quomodo</strong></span> <span class='ocrx_word' id='word_1_515' title='bbox 1403 5234 1512 5311; x_wconf 89' lang='lat' dir='ltr'><strong>ipsum</strong></span> <span class='ocrx_word' id='word_1_516' title='bbox 1527 5235 1573 5296; x_wconf 87' lang='lat' dir='ltr'><strong>ita</strong></span> <span class='ocrx_word' id='word_1_517' title='bbox 1597 5233 1763 5304; x_wconf 84' lang='lat' dir='ltr'><strong>instanter</strong></span> <span class='ocrx_word' id='word_1_518' title='bbox 1783 5234 1825 5295; x_wconf 90' lang='lat' dir='ltr'><strong>ad</strong></span> 
     </span>
     <span class='ocr_line' id='line_1_83' title="bbox 177 5331 1825 5417; baseline -0.005 -16"><span class='ocrx_word' id='word_1_519' title='bbox 177 5339 269 5417; x_wconf 90' lang='lat' dir='ltr'><strong>putet</strong></span> <span class='ocrx_word' id='word_1_520' title='bbox 289 5337 330 5399; x_wconf 91' lang='lat' dir='ltr'><strong>de</strong></span> <span class='ocrx_word' id='word_1_521' title='bbox 353 5331 543 5398; x_wconf 89' lang='lat' dir='ltr'><strong>infidelibus</strong></span> <span class='ocrx_word' id='word_1_522' title='bbox 567 5333 745 5405; x_wconf 90' lang='lat' dir='ltr'><strong>fidendum,</strong></span> <span class='ocrx_word' id='word_1_523' title='bbox 763 5336 821 5395; x_wconf 87' lang='lat' dir='ltr'><strong>aut</strong></span> <span class='ocrx_word' id='word_1_524' title='bbox 842 5349 899 5396; x_wconf 90' lang='lat' dir='ltr'><strong>eos</strong></span> <span class='ocrx_word' id='word_1_525' title='bbox 915 5333 969 5412; x_wconf 90' lang='lat' dir='ltr'><strong>qui</strong></span> <span class='ocrx_word' id='word_1_526' title='bbox 1026 5347 1185 5393; x_wconf 90' lang='lat' dir='ltr'><strong>coronam</strong></span> <span class='ocrx_word' id='word_1_527' title='bbox 1221 5331 1414 5393; x_wconf 88' lang='lat' dir='ltr'><strong>vocavimus</strong></span> <span class='ocrx_word' id='word_1_528' title='bbox 1454 5331 1646 5410; x_wconf 88' lang='lat' dir='ltr'><strong>specialiter</strong></span> <span class='ocrx_word' id='word_1_529' title='bbox 1684 5331 1748 5392; x_wconf 90' lang='lat' dir='ltr'><strong>bac</strong></span> <span class='ocrx_word' id='word_1_530' title='bbox 1785 5331 1825 5393; x_wconf 87' lang='lat' dir='ltr'><strong>de</strong></span> 
     </span>
     <span class='ocr_line' id='line_1_84' title="bbox 176 5427 1824 5509; baseline -0.005 -11"><span class='ocrx_word' id='word_1_531' title='bbox 176 5433 328 5498; x_wconf 76' lang='lat' dir='ltr'><strong>infideles</strong></span> <span class='ocrx_word' id='word_1_532' title='bbox 343 5433 477 5495; x_wconf 81' lang='lat' dir='ltr'><strong>fuerunt</strong></span> <span class='ocrx_word' id='word_1_533' title='bbox 489 5431 523 5492; x_wconf 91' lang='lat' dir='ltr'><strong>in</strong></span> <span class='ocrx_word' id='word_1_534' title='bbox 538 5431 646 5509; x_wconf 90' lang='lat' dir='ltr'><strong>ipsum</strong></span> <span class='ocrx_word' id='word_1_535' title='bbox 662 5431 840 5502; x_wconf 86' lang='lat' dir='ltr'><strong>Christum,</strong></span> <span class='ocrx_word' id='word_1_536' title='bbox 857 5431 972 5492; x_wconf 87' lang='lat' dir='ltr'><strong>fideles</strong></span> <span class='ocrx_word' id='word_1_537' title='bbox 1027 5445 1127 5490; x_wconf 88' lang='lat' dir='ltr'><strong>causa</strong></span> <span class='ocrx_word' id='word_1_538' title='bbox 1142 5451 1150 5490; x_wconf 74' lang='grc' dir='ltr'><strong>ε</strong></span> <span class='ocrx_word' id='word_1_539' title='bbox 1167 5429 1200 5492; x_wconf 92' lang='lat' dir='ltr'><strong>et</strong></span> <span class='ocrx_word' id='word_1_540' title='bbox 1214 5428 1355 5500; x_wconf 90' lang='lat' dir='ltr'><strong>addatis,</strong></span> <span class='ocrx_word' id='word_1_541' title='bbox 1370 5427 1454 5506; x_wconf 85' lang='lat' dir='ltr'><strong>quod</strong></span> <span class='ocrx_word' id='word_1_542' title='bbox 1467 5429 1533 5490; x_wconf 90' lang='lat' dir='ltr'><strong>nisi</strong></span> <span class='ocrx_word' id='word_1_543' title='bbox 1547 5429 1581 5490; x_wconf 90' lang='lat' dir='ltr'><strong>in</strong></span> <span class='ocrx_word' id='word_1_544' title='bbox 1590 5427 1729 5490; x_wconf 89' lang='lat' dir='ltr'><strong>instanti</strong></span> <span class='ocrx_word' id='word_1_545' title='bbox 1744 5442 1824 5507; x_wconf 88' lang='lat' dir='ltr'><strong>pas-</strong></span> 
     </span>
     <span class='ocr_line' id='line_1_85' title="bbox 180 5525 1826 5610; baseline 0 -22"><span class='ocrx_word' id='word_1_546' title='bbox 180 5549 275 5610; x_wconf 80' lang='lat' dir='ltr'><strong>posse</strong></span> <span class='ocrx_word' id='word_1_547' title='bbox 307 5531 451 5594; x_wconf 82' lang='lat' dir='ltr'><strong>existere</strong></span> <span class='ocrx_word' id='word_1_548' title='bbox 478 5527 689 5589; x_wconf 85' lang='lat' dir='ltr'><strong>Christianis.</strong></span> <span class='ocrx_word' id='word_1_549' title='bbox 710 5529 753 5590; x_wconf 89' lang='lat' dir='ltr'><strong>Ut</strong></span> <span class='ocrx_word' id='word_1_550' title='bbox 779 5543 860 5604; x_wconf 89' lang='lat' dir='ltr'><strong>ergo</strong></span> <span class='ocrx_word' id='word_1_551' title='bbox 887 5529 969 5598; x_wconf 86' lang='lat' dir='ltr'><strong>baec,</strong></span> <span class='ocrx_word' id='word_1_552' title='bbox 1027 5527 1120 5603; x_wconf 85' lang='lat' dir='ltr'><strong>sagio</strong></span> <span class='ocrx_word' id='word_1_553' title='bbox 1133 5525 1295 5589; x_wconf 90' lang='lat' dir='ltr'><strong>exercitui</strong></span> <span class='ocrx_word' id='word_1_554' title='bbox 1306 5525 1495 5588; x_wconf 84' lang='lat' dir='ltr'><strong>Christiano</strong></span> <span class='ocrx_word' id='word_1_555' title='bbox 1505 5525 1680 5601; x_wconf 90' lang='lat' dir='ltr'><strong>magnifice</strong></span> <span class='ocrx_word' id='word_1_556' title='bbox 1692 5541 1826 5588; x_wconf 88' lang='lat' dir='ltr'><strong>succur-</strong></span> 
     </span>
     <span class='ocr_line' id='line_1_86' title="bbox 177 5621 1823 5708; baseline -0.002 -18"><span class='ocrx_word' id='word_1_557' title='bbox 177 5647 250 5708; x_wconf 86' lang='lat' dir='ltr'><strong>quae</strong></span> <span class='ocrx_word' id='word_1_558' title='bbox 274 5629 431 5706; x_wconf 82' lang='lat' dir='ltr'><strong>expedire</strong></span> <span class='ocrx_word' id='word_1_559' title='bbox 453 5627 537 5704; x_wconf 86' lang='lat' dir='ltr'><strong>ipsis</strong></span> <span class='ocrx_word' id='word_1_560' title='bbox 552 5628 650 5704; x_wconf 83' lang='lat' dir='ltr'><strong>atque</strong></span> <span class='ocrx_word' id='word_1_561' title='bbox 666 5625 823 5687; x_wconf 89' lang='lat' dir='ltr'><strong>universo</strong></span> <span class='ocrx_word' id='word_1_562' title='bbox 845 5626 970 5688; x_wconf 91' lang='lat' dir='ltr'><strong>nomini</strong></span> <span class='ocrx_word' id='word_1_563' title='bbox 1026 5626 1130 5695; x_wconf 88' lang='lat' dir='ltr'><strong>ratur,</strong></span> <span class='ocrx_word' id='word_1_564' title='bbox 1155 5625 1205 5685; x_wconf 88' lang='lat' dir='ltr'><strong>est</strong></span> <span class='ocrx_word' id='word_1_565' title='bbox 1228 5623 1343 5700; x_wconf 91' lang='lat' dir='ltr'><strong>procul</strong></span> <span class='ocrx_word' id='word_1_566' title='bbox 1370 5622 1470 5684; x_wconf 92' lang='lat' dir='ltr'><strong>dubio</strong></span> <span class='ocrx_word' id='word_1_567' title='bbox 1497 5621 1753 5695; x_wconf 89' lang='lat' dir='ltr'><strong>formidandum,</strong></span> <span class='ocrx_word' id='word_1_568' title='bbox 1782 5639 1823 5686; x_wconf 91' lang='lat' dir='ltr'><strong>ne</strong></span> 
     </span>
    </p>
   </div>
   <div class='ocr_carea' id='block_1_22' title="bbox 1026 3097 1931 3187">
    <p class='ocr_par' dir='ltr' id='par_1_23' title="bbox 1026 3097 1931 3187">
     <span class='ocr_line' id='line_1_87' title="bbox 1026 3097 1931 3187; baseline 0.006 -31"><span class='ocrx_word' id='word_1_569' title='bbox 1026 3097 1077 3172; x_wconf 93' lang='lat' dir='ltr'><strong>pis</strong></span> <span class='ocrx_word' id='word_1_570' title='bbox 1091 3097 1318 3174; x_wconf 88' lang='lat' dir='ltr'><strong>apostolorum</strong></span> <span class='ocrx_word' id='word_1_571' title='bbox 1340 3097 1533 3160; x_wconf 88' lang='lat' dir='ltr'><strong>solemniter</strong></span> <span class='ocrx_word' id='word_1_572' title='bbox 1547 3097 1759 3175; x_wconf 90' lang='lat' dir='ltr'><strong>publicanda.</strong></span> <span class='ocrx_word' id='word_1_573' title='bbox 1775 3099 1825 3162; x_wconf 81' lang='lat' dir='ltr'><strong>Xd</strong></span> <span class='ocrx_word' id='word_1_574' title='bbox 1918 3169 1931 3187; x_wconf 30' lang='lat' dir='ltr'>x</span> 
     </span>
    </p>
   </div>
   <div class='ocr_carea' id='block_1_23' title="bbox 0 0 2128 6404">
    <p class='ocr_par' dir='ltr' id='par_1_24' title="bbox 0 0 2128 6404">
     <span class='ocr_line' id='line_1_88' title="bbox 0 0 2128 6404; baseline 0 0"><span class='ocrx_word' id='word_1_575' title='bbox 0 0 2128 6404; x_wconf 95' lang='lat' dir='ltr'><strong> </strong></span> 
     </span>
    </p>
   </div>
  </div>
 </body>
</html>
