4280 6404
184 307 244 366 241
805 303 1216 366 EPiSTOLmLIB.111.
1290 255 1292 263 Ι
1660 321 1665 362 t
1774 304 1834 364 242

189 478 291 532 sonas
302 461 385 523 inibi
396 461 593 525 constitutas
606 462 844 538 suspensionis,
857 478 986 524 excom·
1040 464 1185 527 existere
1200 466 1240 528 de
1254 465 1443 543 perpetrata
1460 463 1634 543 iniquitate
1645 463 1832 539 cognoscat,

187 560 437 632 muricationis,
450 561 502 621 vel
517 560 686 622 interdicti
701 561 900 622 sententiam
913 576 986 637 pro·
1040 563 1073 624 et
1087 579 1106 624 a
1122 563 1349 626 sacratissimo
1363 579 1502 641 corpore
1516 565 1548 626 et
1557 563 1720 636 sanguine
1730 561 1789 622 Dei
1802 560 1836 621 et

188 658 435 734 mulgaverint,
461 658 532 719 sive
564 658 665 719 etiarn
694 659 730 718 in
759 659 985 719 mercenarios
1041 661 1172 721 Domini
1207 662 1435 739 Redemptoris
1465 662 1570 724 nostri
1604 663 1683 722 lesu
1712 657 1835 719 Christi

191 759 320 818 vestros
333 771 392 832 pro
410 771 461 826 eo,
479 755 564 832 quod
589 755 745 828 decimas,
763 755 848 816 sicut
862 756 985 816 dictum
1041 759 1151 819 aliena
1163 759 1338 836 sistatque
1349 759 1383 820 in
1395 763 1543 821 extremo
1554 758 1708 819 examine
1721 755 1836 816 distri-

191 853 253 922 est,
270 868 337 913 non
356 851 574 929 persolvistis,
590 851 663 912 sine
684 850 795 929 aliqua
813 852 987 913 occasione
1041 856 1102 918 ctae
1117 857 1286 934 subjaceat
1301 858 1430 918 ultioni.
1443 856 1576 918 Cunctis
1597 855 1708 916 autem
1728 853 1836 914 eidem

191 965 318 1020 eorum,
336 965 409 1026 quae
425 947 465 1008 ab
479 949 662 1025 apostolica
675 948 879 1024 benignitate
892 949 987 1012 vobis
1042 953 1114 1014 loco
1136 969 1196 1014 sua
1215 957 1294 1030 jura
1316 954 1524 1016 servantibus
1548 953 1591 1014 sit
1616 968 1682 1029 pax
1704 951 1836 1012 Domini

191 1045 318 1106 indulta
346 1046 433 1116 sunt,
453 1061 511 1106 seu
533 1043 760 1106 benefactores
781 1048 909 1107 vestros
927 1061 987 1124 pro
1043 1050 1146 1110 nostri
1158 1053 1237 1113 Jesu
1252 1044 1386 1118 Christi,
1398 1050 1561 1126 quatenus
1581 1050 1614 1111 et
1626 1049 1680 1109 liic
1693 1047 1835 1112 fructum

192 1159 232 1206 eo
247 1142 334 1220 quod
349 1141 460 1218 aliqua
476 1141 569 1202 vobis
584 1140 747 1203 beneficia
761 1143 814 1204 vel
830 1143 987 1220 obsequia
1042 1145 1137 1208 bonae
1149 1147 1290 1208 actionis
1304 1148 1498 1224 percipiant,
1509 1147 1541 1208 et
1553 1147 1639 1223 apud
1650 1145 1836 1206 districtum

192 1257 236 1301 ex
248 1240 386 1302 caritate
401 1240 625 1316 prestiterim,
643 1240 696 1301 vel
709 1240 750 1301 ad
770 1240 987 1302 laborandum
1039 1244 1185 1321 jndicem
1215 1245 1353 1321 praemia
1377 1245 1509 1306 aeternae
1538 1244 1629 1320 pacis
1653 1241 1834 1304 inveniant.

193 1337 386 1412 adjuverint
415 1337 450 1397 in
482 1337 550 1398 illis
578 1337 705 1409 diebus,
731 1338 766 1398 in
789 1337 907 1415 quibus
928 1353 988 1400 vos
1044 1345 1158 1402 Arnen.
1174 1346 1289 1403 Amen.

193 1433 364 1506 laboratis,
379 1434 412 1496 et
426 1433 485 1494 alii
499 1435 674 1508 feriantur,
691 1435 840 1496 eamdem
855 1438 990 1496 senten·
1083 1441 1151 1515 Ego
1168 1439 1335 1501 Honorius
1348 1438 1527 1500 Catholicae
1542 1438 1698 1500 Ecclesiae
1714 1436 1814 1513 episc.

192 1531 275 1592 tiam
301 1531 513 1607 protnlerint,
543 1532 650 1609 ipsam
680 1533 848 1610 tamquam
873 1533 988 1594 contra
1084 1535 1308 1615 (AdJicientur
1330 1537 1365 1596 in
1393 1535 1457 1597 hoc
1492 1535 1565 1596 loco
1600 1533 1837 1610 suscriptiones
1956 1529 1961 1552 ¹

197 1628 638 1703 sedisapostolicaetndulta
652 1629 814 1706 prolatam
834 1629 989 1690 duximus
1044 1631 1292 1712 cardinalium.)

194 1724 391 1786 irritandam
411 1740 472 1786 nec
491 1725 610 1787 litterae
630 1727 696 1788 illae
717 1727 906 1789 firmitatem
926 1727 991 1788 lia-
1084 1733 1202 1791 Datum
1218 1733 1331 1792 Romae
1351 1729 1437 1808 apud
1455 1732 1611 1793 Sanctum
1633 1729 1766 1792 Petrum
1779 1743 1839 1805 per

197 1822 309 1893 beant,
324 1837 404 1899 quas
420 1822 520 1884 tacito
545 1825 678 1884 nomine
693 1825 828 1885 Cisterc.
850 1824 987 1896 ordinis
1045 1843 1177 1888 manum
1191 1828 1340 1889 Rainerii
1365 1831 1487 1890 sanctae
1503 1826 1660 1889 Ecclesiae
1680 1830 1838 1888 Romanae

197 1922 232 1980 et
246 1920 361 1981 contra
373 1920 522 1981 tenorem
532 1917 788 2008 apostolicorum
803 1921 991 1999 privilegio·
1044 1925 1310 1987 vicecancellarii
1322 1928 1351 1986 ΙΙ
1364 1925 1496 1987 kalend.
1508 1925 1607 2003 junii,
1621 1925 1737 1987 indict.
1749 1925 1837 1994 VIII,

194 2033 269 2077 rum
284 2009 471 2078 constiterit
483 2017 665 2094 impetrari.
1045 2022 1287 2084 incarnationis
1324 2023 1504 2084 Dominicae
1544 2037 1632 2083 anno
1662 2021 1838 2082 millesimo

236 2115 403 2176 Praeterea
416 2129 492 2175 cum
505 2131 678 2176 commune
693 2115 904 2178 interdictum
921 2116 991 2178 ter·
1044 2121 1270 2182 ducentesimo
1285 2120 1523 2192 decimonono,
1540 2117 1749 2195 pontificatus
1760 2131 1839 2178 vero

194 2226 242 2272 rae
255 2211 368 2282 luerit,
385 2211 485 2292 liceat
498 2211 593 2272 vobis
604 2213 820 2274 nihilominus
836 2214 870 2273 in
877 2215 989 2276 vestro
1045 2217 1616 2296 dominiHonoriiPapaetertiianno
1626 2213 1838 2295 secundo(1).

195 2309 398 2370 monasterio
414 2298 560 2370 exclusis
578 2310 873 2372 excommunicatis
886 2311 920 2372 et
932 2310 989 2370 in-

194 2404 344 2465 terdictis
358 2405 471 2466 divina
484 2404 594 2466 officia
614 2405 794 2479 celebrare,
811 2407 885 2483 paci
908 2413 992 2484 quo-
1350 2368 1537 2455 GCXXXI

195 2517 260 2579 que
272 2502 305 2562 et
318 2502 551 2580 tranquillitati
569 2504 689 2565 vestrae
703 2505 841 2580 paterna
863 2505 897 2564 in
913 2520 991 2581 pos·
1064 2495 1116 2554 Ad
1129 2493 1367 2554 Berlramitlm
1383 2495 1605 2563 cardinalem,
1621 2491 1821 2566 ΑΡΟδΐθῑῑθω

195 2600 303 2660 terum
355 2599 578 2660 sollicitudine
610 2601 787 2677 providere
827 2602 988 2672 volentes,
1301 2583 1400 2642 Sedis
1418 2581 1580 2656 legniani.

197 2697 396 2757 auctoritate
406 2697 595 2772 Apostolica
607 2697 831 2774 prohibemus,
844 2699 891 2770 ut,
903 2697 990 2759 inira
1341 2684 1439 2741 Melie
1457 2684 1542 2740 ¹¹¹³*st

198 2792 372 2854 clausuras
394 2794 542 2855 locorum
557 2810 615 2854 seu
629 2795 844 2870 grangiarum
859 2797 992 2858 vestra,
1046 2781 1182 2844 [Bouquet,
1194 2780 1251 2830 aaa
1263 2778 1308 2830 des
1320 2779 1395 2838 ilisa,
1405 2785 1424 2828 t.
1434 2781 1501 2836 XIX,
1512 2794 1539 2843 p.
1550 2778 1609 2838 6873
1622 2779 1723 2844 Regest.
1736 2777 1781 2830 lib.
1795 2779 1839 2839 lll,

198 2905 272 2950 rum
298 2891 410 2951 nullus
437 2892 588 2966 rapinam
622 2907 680 2952 ⁸⁰¹¹
711 2890 833 2953 furtum
867 2891 987 2964 swere’
1046 2929 1260 3004 suspicantibus
1272 2841 1642 3002 qninnsdgnatlnboviann,
1656 2929 1778 3002 Philippi
1795 2944 1839 2985 re·

196 2987 308 3062 ignem
322 3003 499 3064 appfflfflffl’
515 2989 711 3063 sangnifflm
724 2989 875 3061 sunder&
887 2990 991 3050 ῙῙΟΠῙῘ·
1081 3021 1127 3092 gis
1141 3019 1239 3086 fllium,
1261 3019 1353 3075 moliri
1368 3027 1409 3087 ut,
1425 3017 1477 3075 snb
1493 3026 1630 3090 praetextu
1654 3016 1843 3090 expeditionis

195 3099 272 3144 nem
285 3084 410 3146 t0m⁰P0
425 3099 554 3160 capere,
570 3085 623 3146 Vel
638 3085 836 3158 interficere,
854 3102 913 3148 ⁸011
924 3087 992 3149 ViO·
1081 3114 1222 3179 susceptae
1246 3105 1382 3164 adversus
1406 3106 1588 3179 albigenses,
1607 3106 1770 3173 Hernicum,
1788 3105 1843 3162 An·

195 3179 466 3243 lantmnauiaat
480 3197 647 3243 exercere·
1081 3196 1147 3268 gria
1161 3209 1271 3268 ragan,
1284 3195 1408 3252 sinsin
1422 3195 1540 3252 raanan
1553 3195 1703 3266 panesa,
1717 3193 1841 3250 riniani

236 3279 402 3340 Praeterea
417 3295 531 3341 omnes
544 3279 713 3343 libertates
726 3281 991 3344 etimmunitates
1080 3291 1108 3341 et
1124 3285 1266 3344 vasconia
1282 3284 1429 3356 spoliaret,
1441 3283 1562 3340 mandat
1575 3282 1671 3356 legato
1688 3284 1841 3352 Honorius,

195 3391 216 3436 a
239 3376 538 3452 praedecessoribus
561 3377 683 3440 nostris
698 3379 857 3440 Romanis
872 3379 991 3440 Ponti·
1082 3372 1212 3446 invigilet
1226 3387 1264 3430 [¹⁰
1285 3373 1345 3446 regi
1360 3373 1466 3446 luli¹¹⁰
1483 3370 1620 3429 diffluum
1642 3370 1842 3444 iu⁰d⁰¹¹ffll¹¹0

195 3472 314 3533 ficibus
343 3474 452 3534 ordini
478 3476 588 3536 vestro
625 3491 812 3548 concessas,
839 3490 990 3537 necnon
1081 3461 1228 3519 insefflfflf·

195 3569 366 3632 libertates
379 3572 412 3631 et
427 3571 652 3647 exemptiones
670 3573 880 3634 saecularium
895 3588 992 3634 exac·
1086 3561 1254 3622 Honorius
1272 3561 1484 3637 episcopus...
1508 3559 1627 3621 (ΠῙθθῒΟ
1651 3559 1720 3620 ffli⁰
1736 3562 1771 3620 Β·
1794 3556 1842 3638 (2)

195 3668 323 3728 tionum
348 3683 368 3728 a
390 3667 524 3743 regibus
550 3669 584 3730 et
607 3670 811 3746 principibus
834 3669 888 3730 vel
914 3670 991 3731 aliis
1045 3657 1135 3719 tituli
1149 3659 1346 3718 Sanciffl'llm
1371 3657 1533 3720 lobannis
1549 3656 1691 3718 &Pauli
1706 3656 1845 3734 presby·

196 3763 349 3824 fidelihus
361 3762 607 3826 rationabiliter
619 3766 714 3826 vonis
734 3766 890 3832 inanitas,
910 3781 993 3827 ana-
1045 3756 1117 3816 tarn
1127 3754 1303 3826 cardinali,
1318 3757 1355 3815 A·
1370 3756 1402 3816 S·
1419 3754 1539 3830 iegato,
1557 3753 1709 3816 salutem·

196 3859 529 3936 toritateApostolica
544 3861 788 3936 confirmamus,
804 3862 837 3924 et
850 3879 992 3940 praesen·
1086 3853 1304 3914 Praesumiiffl‘
1331 3867 1352 3912 ἃ
1378 3852 1490 3913 multis
1514 3853 1546 3913 θῐ
1564 3851 1695 3928 publice
1709 3850 1842 3922 dicitur,

195 3956 242 4018 tis
257 3957 371 4034 scripti
396 3957 572 4032 privilegio
594 3961 846 4020 communimus.
869 3963 993 4022 Denar-
1047 3949 1132 4026 quod
1153 3932 1296 4011 dilectus
1313 3947 1401 4009 iilius
1425 3948 1546 4010 nobilis
1573 3948 1626 4009 vir
1643 3947 1842 4012 Ludovicus,
1947 3937 1959 3946 '

195 4053 307 4114 nimus
316 4069 406 4129 ergo,
422 4054 457 4114 ut
468 4054 552 4115 nulli
565 4056 699 4117 omnino
710 4057 880 4117 hominum
892 4057 993 4118 liceat
1046 4046 1187 4107 illustris
1205 4047 1295 4121 regis
1317 4045 1467 4106 Frassssiae
1497 4045 1759 4120 primogenitus,
1782 4042 1843 4103 ⁸111]

196 4150 367 4227 praefatum
390 4152 628 4213 monasterium
642 4155 767 4215 temere
782 4147 989 4230 perturbare,
1047 4143 1209 4220 praetextu
1234 4141 1454 4219 persequendi
1493 4141 1684 4212 hereticos,
1720 4142 1844 4201 terram

194 4249 253 4309 aut
272 4249 344 4326 ejus
364 4249 592 4324 possessiones
614 4249 756 4320 auterre,
785 4249 838 4312 vel
863 4251 991 4312 ablatas
1047 4256 1145 4317 quam
1168 4239 1361 4300 carissimus
1385 4238 1421 4298 in
1457 4237 1588 4299 Christo
1617 4237 1707 4297 filius
1731 4237 1845 4298 noster

195 4345 350 4415 retinere,
367 4346 527 4417 ininuere,
551 4361 610 4406 seu
624 4346 826 4423 quibuslibet
839 4347 994 4409 vexatio·
1047 4338 1222 4408 HenricuS,
1250 4352 1313 4396 rex
1324 4335 1506 4411 anglorum
1519 4335 1671 4403 illustris,
1696 4334 1843 4396 habetin

194 4440 291 4502 nibus
313 4441 465 4517 fatigare,
491 4443 549 4504 sed
572 4443 683 4503 omnia
705 4443 835 4518 integra
855 4459 993 4505 conser-
1046 4435 1195 4510 passibus
1228 4433 1319 4503 illis,
1355 4433 1537 4494 Pissialiam
1576 4433 1609 4496 et
1640 4431 1841 4494 vasconiam

194 4540 314 4599 ventur
334 4555 449 4600 eorum
462 4554 521 4615 pro
536 4556 676 4616 quorum
697 4540 938 4615 gubernatione
952 4557 992 4603 ac
1047 4532 1185 4604 scilicet,
1203 4547 1366 4608 occupare
1379 4532 1511 4608 satagit,
1525 4531 1557 4594 et
1567 4547 1626 4592 suo
1641 4531 1694 4597 vel
1708 4531 1845 4594 alterius

195 4635 438 4696 sustentatione
461 4639 726 4708 concessumst,
751 4637 993 4699 usibusomni-
1047 4630 1194 4691 dominio
1221 4629 1401 4706 subjugare
1427 4651 1435 4690 ε
1461 4628 1547 4707 quod
1579 4628 1613 4688 in
1647 4629 1845 4689 immensum

195 4730 302 4793 modis
336 4731 519 4808 proditura,
546 4734 638 4794 salva
670 4731 991 4812 sedisapostolicae
1047 4727 1205 4789 acclesiae
1249 4730 1407 4788 Romanas
1439 4726 1599 4803 injuriam
1631 4725 1843 4788 redundaret·

195 4829 403 4890 auctoritat.
1048 4827 1151 4896 Quam
1175 4823 1263 4886 enim
1290 4827 1449 4901 majorem
1474 4824 1542 4900 pati
1563 4838 1734 4900 possemus
1753 4824 1846 4901 inJu-

238 4925 273 4985 Si
299 4941 363 5001 qua
392 4926 495 5002 igitur
520 4927 556 4988 in
589 4927 736 4990 rntnnnn
763 4929 991 4991 ecclesiastica
1047 4921 1143 4993 riam,
1160 4922 1304 4998 quamsi
1324 4922 1498 4997 pecuniam
1528 4936 1625 4997 qnam
1642 4937 1701 4998 pro
1723 4923 1847 4984 exstir-

195 5022 409 5084 saacularisve
426 5038 569 5100 persona
586 5023 808 5088 hancnostrae
823 5025 990 5087 constitu·
1047 5020 1156 5096 panda
1189 5019 1347 5080 haeretica
1385 5019 1549 5094 pravitate
1576 5020 1687 5080 Terrae
1717 5021 1846 5082 Sanctae

194 5119 296 5181 tionis
313 5120 468 5195 paginam
485 5121 605 5192 sciens,
632 5124 748 5183 contra
769 5139 842 5184 eam
867 5124 991 5184 temere
1048 5117 1285 5188 subtraximus,
1302 5116 1450 5178 converti
1465 5115 1565 5193 (quod
1581 5115 1702 5195 absitl)
1725 5117 1758 5176 in
1780 5131 1844 5178 ex·

194 5217 310 5278 venire
338 5217 534 5290 tentaverit,
560 5219 706 5279 secundo
736 5221 877 5282 tertiove
897 5235 991 5280 com-
1047 5214 1272 5275 heeredatione
1292 5213 1399 5289 ipsius
1423 5215 1511 5288 regis
1534 5213 1755 5288 crucesignati
1779 5229 1845 5289 pu-

194 5313 332 5386 menita,
349 5313 415 5374 nisi
430 5316 559 5376 reatum
574 5330 669 5375 suum
681 5327 827 5392 congrua
843 5316 991 5379 satisfac·
1047 5311 1130 5388 pilli,
1147 5311 1258 5373 tutelae
1272 5309 1430 5372 Ecclesiae
1451 5313 1608 5372 Romanae
1623 5311 1743 5382 relicti,
1760 5311 1793 5371 et
1811 5309 1847 5370 in

194 5411 285 5472 tione
305 5411 499 5484 correxerit,
521 5411 692 5488 potestatis
712 5412 915 5492 honorisque
939 5413 991 5474 sui
1047 5425 1087 5469 ea
1104 5411 1179 5485 post
1193 5407 1844 5478 Deumtotamsuamhabentisdduciam‚

195 5507 357 5582 dignitate
371 5509 494 5581 careat,
511 5523 668 5586 reamque
683 5525 719 5570 se
734 5509 846 5571 divino
864 5509 991 5588 Judicio
1046 5503 1302 5585 videremur(3).
1319 5507 1437 5567 Nonne
1449 5506 1593 5567 clamare
1609 5505 1720 5582 posset
1732 5505 1848 5567 contra

232 5618 275 5692 (l)
287 5621 374 5690 Lepos
390 5621 482 5677 tertio.
539 5620 579 5692 (i)
595 5623 761 5680 Bertrenno.
1083 5621 1124 5692 (3)
1144 5621 1246 5679 Matius
1260 5619 1431 5676 videremus.
