4300 6392
224 309 284 370 ael
1811 305 1872 366 esa
1902 290 1908 330 ¹

787 397 793 410 ¹
850 305 1079 366 EPISTOLAE.
1103 306 1181 388 ills.
1207 306 1259 366 IV.

223 463 389 540 derogari,
406 462 605 526 auctoritate
618 463 733 526 nostra
747 464 947 537 committas,
962 463 1020 542 qui
1075 463 1205 526 dilectis
1221 463 1299 524 liliis
1315 463 1429 526 Sancti
1449 463 1592 526 Victoris
1615 463 1816 526 parisiensis
1836 466 1869 525 et

222 561 361 633 vocatis,
376 577 458 638 quos
477 560 623 624 viderint
634 561 833 630 evocandos,
846 562 1021 639 inquirant
1076 561 1335 632 Hermeriarum,
1371 561 1700 624 Praemonstratensis
1728 561 1866 632 ordinis,

223 674 325 738 super
349 655 405 721 his
434 658 598 732 omnibus,
627 658 851 736 appellatione
879 659 1017 731 remote,
1075 659 1275 722 parisiensis
1293 658 1460 731 dioecesis,
1480 657 1666 744 abbatibus,
1686 659 1719 721 et
1737 660 1870 722 cancel-

223 755 418 832 diligentius
442 757 628 827 veritatem,
655 757 689 819 et
716 771 790 834 qum
816 757 1017 829 invenerint,
1075 755 1160 816 lario
1171 755 1365 828 Par-leiensi,
1380 756 1521 820 salutem
1535 758 1570 820 et
1582 756 1797 835 apostolicam
1811 755 1870 818 be·

224 853 368 916 fideliter
384 852 480 914 nobis
504 853 699 924 rescribant,
717 855 753 916 ut
766 869 812 914 ex
826 869 942 919 eorum
965 867 1021 914 re-
1076 852 1310 914 nedictionem.

224 950 349 1014 latione
380 949 586 1012 sufficienter
613 950 768 1012 instructi
801 951 1019 1028 procedamus
1114 949 1229 1025 Nuper
1243 949 1337 1013 vobis
1350 949 1484 1014 dedisse
1498 951 1709 1014 meminimus
1723 951 1870 1014 inman-

223 1044 357 1117 exinde,
376 1046 474 1122 prout
497 1045 678 1108 secundum
703 1049 811 1108 ¹ileum
835 1045 1019 1108 viderimus
1075 1044 1161 1107 datis
1175 1047 1298 1111 utcuru
1311 1061 1423 1120 causa,
1438 1061 1511 1124 quae
1538 1048 1626 1112 inter
1647 1048 1871 1112 venerabilem

224 1141 480 1218 procedendum.
493 1143 611 1204 Datum
623 1142 774 1214 viterbii,
789 1145 848 1204 Vll
866 1143 943 1204 idus
955 1142 1019 1204 de·
1074 1141 1210 1204 tratrem
1224 1144 1374 1206 uostmm
1397 1145 1594 1209 irecensem
1609 1145 1812 1223 episcopum,
1829 1161 1873 1210 ex

225 1238 378 1312 cambris,
395 1238 605 1318 pontificatus
624 1240 730 1304 nostrl
743 1255 832 1302 enno
847 1242 976 1318 quarte
1074 1241 1252 1318 parteuma,
1267 1239 1644 1304 etmlectamincnristo
1657 1242 1872 1315 tiliammobi·

565 1406 674 1498 LXII
1075 1337 1138 1398 lem
1153 1338 1325 1400 mulierem
1336 1338 1870 1404 moomltissamaeineohaldum
1904 1418 1908 1426 .

375 1536 425 1596 Ad
444 1533 633 1607 capitulum
653 1536 867 1598 mammaea.

523 1649 539 1703 7
554 1645 619 1704 dee
638 1645 716 1704 lile.

253 1741 633 1808 [sustantionensi.
650 1743 706 1794 lle.
718 1743 754 1794 ce
765 1744 839 1794 vore
850 1741 986 1804 aurien]

219 1843 291 1900 cum
304 1841 474 1898 cenetensis
487 1839 608 1898 mdeste
623 1847 739 1912 pastore
752 1846 880 1908 vacaret,
894 1839 1019 1913 injungit

254 1929 297 1986 ele
320 1926 436 1987 utialra
457 1927 533 1988 duos
556 1927 721 1988 meusestd
736 1928 906 1988 electionem
916 1941 1016 2002 perso·

255 2031 301 2076 na
310 2017 422 2076 idonee
434 2016 600 2090 procedam.

260 2125 439 2197 Honorius,
456 2126 532 2195 etc,
544 2125 677 2188 dilectis
692 2125 772 2187 liliis
786 2125 933 2202 capitulo
947 2128 1016 2187 Pa-

224 2221 353 2294 risien„
369 2222 522 2296 salutem,
534 2223 597 2284 etc.

259 2321 425 2382 Honorem
440 2319 732 2391 ecclesiaevestrae,
752 2335 851 2396 paam
874 2321 1018 2382 aliarum

221 2416 440 2480 ecclesiarum
466 2417 636 2492 specuium
664 2419 857 2492 reputamus
886 2418 1018 2480 sincero

223 2513 369 2576 zelantes
380 2513 512 2585 affectu,
529 2529 570 2576 ne
580 2513 667 2591 quod
681 2513 804 2576 absitei
816 2514 1018 2592 praeficiatur

224 2610 384 2688 indignus
395 2609 615 2680 libentissime
627 2619 853 2688 praecavemus
866 2627 942 2673 cum
953 2627 1019 2674 me·

221 2708 287 2769 llus
314 2709 358 2770 sil
385 2707 587 2784 intempore
612 2723 799 2780 occurrere,
826 2722 925 2786 quam
943 2712 1019 2786 post

221 2806 347 2868 exitum
360 2805 545 2868 remedium
559 2805 759 2868 mendicare.
777 2805 918 2883 ideoque
940 2807 1018 2866 uni·
1048 2801 1049 2806 ’

220 2901 412 2964 versitatem
436 2902 582 2964 vestram
608 2902 791 2978 rogandam
805 2901 961 2964 duximus
984 2904 1018 2966 et

220 2998 418 3062 monendam
429 3014 490 3075 pel·
503 2999 692 3076 apostolica
707 3000 830 3076 scripta
850 3001 1016 3062 mandan-

220 3097 281 3167 tes,
299 3098 463 3172 quaeum
486 3095 573 3157 inira
594 3096 677 3158 duos
701 3110 831 3158 menses
847 3098 921 3172 post
941 3113 1017 3158 sus-

222 3193 409 3268 ceptionem
424 3193 648 3269 prassentium
658 3193 756 3270 juxta
770 3194 918 3254 tenerem
931 3195 1018 3256 alia·

221 3305 294 3353 rum
310 3289 496 3352 litterarum
521 3291 722 3361 nostrarum,
739 3306 799 3366 per
820 3291 1016 3352 electionem

220 3387 414 3448 canonicam
441 3387 475 3447 et
489 3386 685 3450 concordem
700 3387 903 3464 provideatis
921 3387 1016 3449 vohis

220 3483 255 3569 et
276 3483 427 3546 ecelesia
439 3482 480 3544 de
491 3495 633 3560 persone
647 3484 767 3546 idonea
782 3485 818 3544 in
837 3485 1013 3560 pastorem.

219 3580 376 3656 ahoquin
403 3595 446 3642 ae
469 3593 529 3657 per
542 3580 700 3657 imprnbae
715 3579 908 3644 ambitionis
923 3583 1016 3645 astu-

220 3677 301 3739 tiam
329 3677 451 3753 aliquis
474 3677 568 3740 vobis
582 3678 756 3754 inperetur
769 3679 937 3755 indignus,
953 3695 1015 3741 nos

221 3787 264 3834 ex
283 3774 362 3835 tunc
390 3774 612 3850 provisionem
633 3775 739 3851 ipsius
753 3776 904 3838 ecclesiae
918 3775 1014 3838 nobis

220 3869 375 3932 duximus
389 3871 638 3944 reservandam,
652 3872 868 3935 decernentes
880 3873 1013 3935 irritum

221 3969 255 4030 ei
268 3968 379 4039 inane,
392 3968 421 4028 si
435 3967 515 4044 quid
529 3969 646 4030 centra
660 3969 851 4032 mandatum
864 3971 1014 4032 nostrum

220 4065 341 4126 exinde
368 4065 471 4127 suerit
491 4065 699 4129 attentatum.
727 4067 888 4128 Volumus
913 4067 1014 4129 etiam

219 4161 253 4223 et
267 4161 474 4230 mandamus,
490 4163 527 4224 nt
545 4175 592 4224 et
605 4163 685 4224 tunc
704 4162 835 4239 aliquos
858 4178 902 4225 ex
918 4163 1013 4224 vobis

219 4257 416 4322 aduosmam
423 4257 634 4334 presentiam
644 4259 908 4330 immundanum
917 4273 1013 4336 ptem

219 4353 314 4418 vobis
341 4353 584 4432 providerimus
613 4354 784 4418 humiliter
816 4357 1020 4432 suscepturi..

220 4453 339 4514 mlum
364 4451 516 4523 viterbii,
545 4451 685 4527 septimo
711 4451 787 4514 idus
815 4451 1011 4524 decembris,

220 4546 431 4625 pontificatus
445 4547 550 4610 nostri
562 4561 651 4610 anno
665 4549 794 4626 cuano.

551 4701 682 4795 LXIII

218 4841 271 4901 Ad
292 4841 484 4902 dotcrinam
506 4840 540 4902 S.
574 4839 721 4902 victore
744 4841 960 4904 Porlsiertets
979 4841 1013 4900 ei

259 4936 1014 5000 scertameermerarsumeteuneenanum

259 5035 510 5096 Parmam.

513 5127 536 5186 θ
549 5126 612 5186 dee.
633 5129 712 5188 lilio.

374 5231 484 5296 [leniet
497 5233 625 5296 Lipeitm,
638 5233 657 5292 l,
667 5231 725 5292 lto,
739 5248 765 5286 a.
776 5231 860 5299 loti]

219 5329 1013 5405 illamentatutlieriacilomemieintegrereeaanente,

254 5419 290 5478 ad
303 5418 534 5491 componendum
549 5419 622 5480 inter
636 5427 732 5492 partes
746 5420 791 5478 vel
806 5419 843 5478 ed
854 5420 1013 5478 cavendum

256 5508 328 5566 alias
342 5507 521 5569 indemnitati
534 5507 663 5566 ecclesie
678 5506 843 5581 procedant.

263 5616 1012 5694 Honoriusepiscopus,servnsservorumllei,

1050 1417 1054 1432 '⁵
1074 1435 1188 1496 natum
1200 1437 1287 1512 ejus,
1302 1435 1457 1498 comitem
1473 1436 1673 1512 Campaniae,
1690 1453 1734 1500 ex
1749 1437 1868 1510 ultera,

1074 1547 1175 1608 super
1197 1531 1361 1594 lorteritie
1385 1533 1523 1596 Mariani
1538 1533 1690 1608 vertitur,
1713 1534 1806 1598 vobis
1827 1536 1872 1598 sit

1074 1627 1116 1690 ab
1149 1629 1340 1706 apostolice
1369 1630 1454 1694 Sede
1481 1631 1670 1704 commissa,
1697 1631 1784 1695 iuter
1811 1645 1870 1695 eos

1074 1725 1305 1798 amicabiliter,
1322 1727 1352 1788 si
1367 1726 1440 1788 deri
1455 1729 1576 1802 posset,
1597 1742 1796 1806 componere
1813 1731 1872 1793 aut

1074 1837 1174 1900 super
1192 1823 1255 1886 hoc
1269 1823 1445 1900 providere
1469 1823 1680 1887 indemnitati
1694 1827 1869 1888 Trecensis

1074 1919 1223 1983 ecclesie
1260 1921 1459 1984 curaretis...
1492 1923 1573 1984 (ium
1607 1922 1711 1998 igitur
1742 1925 1868 1986 -nostrn

1073 2017 1268 2080 intentionis
1284 2032 1351 2080 non
1366 2017 1522 2095 luitquod
1533 2017 1696 2082 forteritia
1713 2018 1790 2102 (sic)
1806 2020 1868 2082 de-

1073 2113 1150 2176 beat
1161 2115 1288 2177 destrui
1302 2116 1495 2185 memorata,
1508 2129 1567 2192 per
1577 2117 1766 2192 apostolice
1775 2117 1869 2180 vobis

1074 2212 1197 2288 scripte
1219 2212 1414 2274 mandamus
1428 2212 1602 2289 quatenus,
1620 2211 1736 2274 eadem
1758 2213 1866 2278 sorte-

1073 2308 1151 2372 ritia
1172 2309 1302 2385 integre
1323 2311 1526 2382 remanente,
1549 2309 1589 2372 ad
1607 2311 1869 2388 componendum

1074 2405 1163 2468 inter
1177 2407 1298 2483 partes,
1312 2405 1366 2468 vel
1379 2406 1422 2468 ad
1436 2407 1620 2470 cavendum
1632 2407 1718 2470 alias
1732 2407 1866 2472 indem-

1073 2503 1170 2565 nitati
1185 2503 1333 2580 ejusdem
1348 2503 1510 2573 ecclesiae,
1533 2504 1757 2580 appelletIcne
1771 2508 1866 2582 post-

1073 2599 1196 2676 posita,
1234 2599 1456 2676 procedatis...
1487 2601 1578 2672 Quod
1606 2601 1636 2662 si
1658 2615 1725 2664 nnn
1751 2616 1866 2666 omnes

1073 2696 1125 2758 lais
1155 2697 1374 2774 exsequendis
1399 2697 1574 2773 potueritis
1598 2697 1772 2770 interesse,
1795 2698 1863 2762 duc

1071 2795 1217 2856 vestrum
1234 2810 1273 2854 ea
1288 2793 1506 2856 nihilominus
1518 2797 1754 2871 exsequantur.

1111 2892 1229 2952 ilatum
1244 2889 1394 2962 viterbii,
1416 2893 1460 2952 vi
1476 2891 1550 2952 idus
1565 2891 1761 2965 (tenerrimis,
1777 2909 1864 2971 pon-

1071 2987 1216 3050 tificatus
1230 2988 1334 3050 nostri
1347 3003 1435 3050 anno
1451 2991 1579 3066 quarto.

1406 3157 1529 3247 illiv

1110 3290 1163 3350 Ad
1175 3291 1384 3363 apocopmn,
1407 3291 1576 3350 caconem
1597 3291 1631 3352 et
1645 3292 1824 3354 cantorem

1333 3385 1604 3449 sztmsioooren.

1341 3498 1364 3556 9·
1373 3495 1503 3556 decemb.
1517 3500 1596 3560 llio.

1100 3591 1221 3666 saepest,
1233 3602 1278 3654 ilb.
1289 3604 1332 3662 IV,
1341 3604 1416 3668 epist.
1427 3603 1482 3656 olo.
1494 3606 1550 3655 iliss.
1564 3607 1600 3657 Le
1609 3605 1682 3657 Porta
1693 3607 1729 3658 du
1741 3605 1833 3672 Theti]

1071 3701 1105 3759 Ut
1128 3698 1244 3756 audiam
1258 3713 1387 3771 caueam,
1403 3715 1466 3774 quae
1486 3704 1560 3760 inter
1571 3703 1736 3778 episcopum
1752 3703 1862 3765 Cabilo-

1103 3801 1223 3845 nensem
1241 3794 1272 3845 et
1292 3787 1465 3862 burgundie
1485 3790 1629 3849 ducissam
1651 3792 1822 3861 vertebatur,
1836 3800 1866 3851 et

1104 3876 1212 3934 interea
1222 3876 1403 3947 ⁴senteutiam
1418 3879 1734 3950 excommunicationis,
1746 3881 1777 3937 in
1789 3894 1862 3953 prte-

1104 3963 1191 4024 tntam
1206 3963 1349 4024 ducissam
1362 3964 1417 4024 hec
1435 3967 1586 4026 occasione
1600 3968 1697 4039 latam,
1713 3969 1767 4026 sub
1779 3970 1864 4028 cerlis

1103 4051 1314 4110 conditionibus
1324 4054 1461 4112 relaxent.

1108 4159 1285 4230 Honorius,
1304 4161 1380 4233 ets,
1405 4160 1589 4224 venerabili
1608 4161 1741 4224 trabi...
1768 4164 1861 4241 epis-

1068 4271 1150 4332 copo
1165 4257 1198 4321 et
1220 4255 1351 4320 dilectis
1367 4256 1482 4318 illlis...
1497 4258 1623 4322 decano
1638 4261 1707 4322 et...
1734 4262 1862 4323 cantori

1068 4351 1342 4426 autissioderen,
1355 4354 1509 4428 salutem,
1529 4357 1594 4418 etc.

1107 4449 1304 4512 constitutis
1319 4450 1355 4514 in
1383 4453 1561 4529 praesentia
1590 4454 1705 4516 nostra
1734 4453 1791 4518 dii.
1816 4455 1861 4518 iil.

1069 4547 1185 4608 Gilone
1212 4562 1325 4608 vener.
1352 4547 1466 4611 fratris
1497 4550 1640 4612 nostri...
1669 4551 1860 4613 cabilonen.

1068 4643 1226 4721 episcopi,
1241 4660 1282 4706 ac
1301 4645 1459 4721 magistro
1476 4647 1654 4724 Stephano,
1676 4647 1805 4710 dilectae
1828 4650 1862 4710 in

1068 4740 1198 4802 Christo
1227 4740 1307 4803 tiliae
1329 4741 1457 4804 ilaidis
1486 4743 1627 4806 ducissae
1649 4745 1860 4822 Burgundloe,

1068 4838 1348 4915 procuratoribus,
1375 4839 1601 4901 venerabilem
1627 4840 1766 4904 fratrem
1789 4859 1865 4905 nos·

1068 4935 1191 4996 trum...
1215 4937 1370 4998 Portuen.
1386 4937 1577 5013 eplsccpum
1597 4937 1747 5002 dedimus
1761 4941 1862 5003 audi-

1068 5033 1183 5103 torem,
1200 5047 1312 5094 coram
1328 5047 1392 5108 qno
1418 5032 1497 5094 dicti
1516 5035 1665 5113 episcopi
1692 5037 1865 5113 preposuit

1069 5129 1273 5205 procurator,
1289 5129 1377 5206 quod
1400 5133 1581 5194 memorata
1604 5132 1738 5194 dacIssa
1757 5149 1862 5210 quas-

1068 5226 1143 5288 dam
1158 5227 1292 5288 catenes
1302 5225 1444 5300 terreas,
1473 5239 1555 5304 qaas
1580 5228 1668 5290 idem
1689 5231 1863 5308 episcopus

1068 5322 1251 5386 incivitate
1276 5322 1467 5385 cabilonen.
1485 5324 1649 5388 babuerat
1676 5342 1737 5402 per
1761 5328 1864 5390 multa

1068 5423 1229 5497 tempora,
1245 5419 1279 5480 in
1302 5419 1414 5496 quiete
1435 5419 1513 5483 lecit
1539 5421 1704 5484 vinienter
1731 5423 1862 5496 excidi,

1068 5516 1153 5578 alias
1164 5517 1435 5593 eidemepiscupn
1447 5518 1612 5595 injuriosa
1623 5520 1769 5581 existens
1784 5521 1863 5598 plu-

1069 5614 1194 5676 rimam
1204 5614 1237 5675 et
1250 5615 1408 5690 moleste;
1434 5629 1534 5692 super
1552 5631 1627 5691 quo,
1643 5616 1719 5692 qula
1738 5621 1864 5684 monite
