4248 6410
311 291 371 352 579

311 450 463 528 adipisci,
481 450 541 511 sub
557 449 646 512 beati
665 449 755 512 Petri
780 451 813 511 et
839 449 953 510 nostra
975 448 1108 526 pretec-

311 550 402 610 tione
413 547 627 625 suscipimus;
642 545 833 623 specialiter
846 545 957 606 autem
975 559 1109 622 posses-

312 648 424 708 siones
439 646 480 707 de
497 644 729 722 Gugeswiller,
746 659 785 704 ac
800 643 869 706 alia
880 641 968 704 bena
982 644 1105 714 vestra,

312 745 399 806 sicut
412 759 453 804 ea
469 743 580 805 emnia
590 743 679 820 juste
705 742 738 802 et
755 739 893 817 pacifice
917 738 1105 816 possidetis,

312 840 418 913 vebis,
435 842 468 902 et
482 855 542 916 per
556 855 615 900 vos
634 837 741 899 eidem
759 836 972 909 monasterie,
987 836 1106 896 aucte-

311 939 411 1002 ritate
424 935 615 1014 Apestelica
629 933 876 1005 confirmamus,
886 936 919 995 et
934 931 1107 1010 praesentis

312 1035 426 1114 scripti
442 1033 629 1112 patrocinio
643 1031 897 1093 communimus.
913 1030 1007 1091 Nulli
1027 1044 1107 1104 erge

313 1133 446 1195 omnino
462 1131 634 1194 hominum
649 1129 749 1190 liceat
761 1129 848 1189 hauc
863 1127 1018 1205 paginam
1029 1141 1108 1187 nes-

311 1224 1105 1308 traepretectienisetcontlrmatieuisintringere,

311 1329 365 1390 vel
382 1328 414 1390 ei
440 1315 526 1388 ausu
552 1324 732 1387 temerario
755 1322 938 1384 contraire.
970 1321 1005 1382 Si
1034 1319 1107 1398 quis

311 1427 423 1488 autem
449 1425 513 1486 hec
540 1423 704 1485 attentare
733 1419 993 1498 praesumpserit,
1015 1417 1107 1479 indi-

312 1523 504 1600 gnationem
533 1519 768 1596 omnipotentis
791 1517 849 1578 Dei
871 1518 904 1578 et
936 1515 1108 1576 beaterum

314 1621 406 1682 Petri
421 1621 454 1682 et
466 1618 564 1680 Pauli
578 1616 804 1694 apestolorum
821 1616 893 1692 ejus
918 1630 955 1674 se
979 1612 1110 1674 noverit

313 1719 537 1779 incursurum.

350 1817 472 1878 ilatum
511 1812 678 1884 Laterani,
712 1810 865 1872 kalendis
910 1806 1106 1877 decembris,

311 1914 527 1992 pontificatus
542 1911 649 1972 nestri
660 1923 748 1970 aune
762 1907 888 1985 quinte.

354 2034 397 2092 Iu
423 2030 581 2091 eumdem
606 2029 747 2087 modum
768 2023 911 2084 ecelesia
933 2021 972 2082 de
994 2021 1110 2082 otten-

312 2127 418 2190 redcn
447 2141 520 2188 cum
550 2120 760 2201 pertinentiis
796 2119 867 2180 suis
895 2117 1110 2180 confirmatur

312 2223 422 2286 eidem
436 2221 624 2292 conventui,
641 2220 711 2280 dat.
730 2217 770 2278 ut
789 2230 910 2291 supra.

648 2405 775 2493 CXIII

354 2545 611 2618 Asapsscepem
621 2539 812 2602 Meteusem
832 2537 866 2599 et
884 2535 1072 2612 capitulum

547 2641 701 2711 ejusdem
718 2638 877 2698 ecclesiae.

583 2749 744 2810 tdecemn.
766 2747 845 2806 labo.

318 2863 439 2928 [honest.
453 2859 500 2910 lib.
513 2859 544 2916 V,
555 2858 629 2922 epist.
644 2857 698 2913 lm,
707 2855 761 2905 193.
772 2855 829 2904 tiss.
842 2852 961 2903 le’erts
970 2851 1005 2902 du
1016 2849 1111 2914 Theti]

320 2971 461 3026 statutum
477 2965 513 3024 ab
533 2965 601 3037 ipsis
626 2961 743 3036 previde
771 2959 886 3028 iactum,
908 2972 965 3032 que
987 2955 1114 3014 redditus

355 3053 572 3129 prebendarum
598 3052 627 3108 in
647 3052 773 3124 ipserum
799 3047 921 3106 ecclesia
949 3047 1113 3103 vacantium

355 3144 391 3202 ed
410 3142 582 3202 decennium
610 3137 725 3198 lubricae
743 3137 873 3194 ecclesie
891 3133 1112 3209 deputabantur,

355 3233 523 3292 auctoritate
535 3227 697 3303 Apostolica
713 3225 872 3284 ceolrmet.

362 3348 541 3420 Honorius,
553 3346 628 3417 etc,
645 3340 829 3406 venerabili
842 3340 937 3401 tratri
958 3339 1115 3416 episeopo

323 3445 475 3516 Metensi,
486 3441 670 3520 imperialis
687 3438 773 3501 aulae
793 3435 1006 3508 cancellarie,
1022 3433 1117 3498 etdi-

323 3544 420 3606 lectis
435 3541 513 3602 tiliis
528 3537 674 3616 capitulo
692 3535 843 3598 Metonsi.

365 3641 487 3702 Nostro
508 3637 570 3698 luit
588 3633 789 3713 apostolatui
820 3631 1052 3709 supplicatum,
1083 3630 1119 3691 ut

325 3754 400 3801 eum
409 3735 688 3799 ecclesiaevestrae
702 3730 957 3806 labricagraves
967 3729 1118 3804 sumptus

325 3833 537 3911 exposcatae
549 3828 625 3890 ideo
638 3825 831 3893 statueritis,
848 3827 884 3885 ut
899 3822 1025 3884 tructus
1038 3835 1120 3900 prae·

325 3931 509 3995 bandarum
519 3927 754 3988 secuturarum
767 3922 890 3986 ibidem
904 3921 970 3998 ipsi
984 3918 1119 3980 labricae

325 4045 430 4109 usque
451 4026 492 4090 ad
515 4023 712 4088 decennium
729 4021 942 4099 deputantur,
962 4017 1120 4079 statutum

326 4125 516 4211 hujusmodi
546 4120 735 4200 Apostoliee
768 4119 984 4195 dignaremur
1010 4113 1121 4174 muni-

326 4229 416 4290 mine
429 4223 599 4292 reberare,
608 4217 793 4297 praesertim
805 4232 880 4278 cum
895 4216 943 4276 tet
954 4215 1022 4274 sint
1033 4213 1069 4272 in
1081 4225 1122 4271 ea

328 4321 492 4392 canonici,
501 4318 587 4396 quod
597 4316 739 4379 ecclesia
752 4315 825 4390 ipsa
837 4311 1043 4391 propterhec
1055 4322 1122 4369 nen

328 4420 449 4500 peterit
463 4415 573 4478 debito
583 4413 720 4475 servitio
730 4409 932 4472 defraudari.
942 4407 1123 4483 Nesigitur

327 4517 482 4598 precibus
512 4511 633 4573 vestris
670 4508 854 4583 benignum
894 4504 1123 4582 impertientes

329 4627 515 4682 assensum,
541 4608 700 4669 statutum
728 4604 847 4681 ipsum,
888 4601 974 4663 sieut
998 4601 1051 4678 pie
1084 4615 1124 4660 ae

328 4708 466 4789 previde
478 4705 600 4766 iactum
609 4701 670 4772 est,
679 4701 713 4761 et
726 4700 762 4760 iu
771 4696 977 4760 litterisinde
992 4694 1126 4756 coniec-

330 4807 373 4870 tis
394 4803 524 4884 plenius
540 4797 739 4868 continetur,
757 4795 955 4857 auctoritate
980 4792 1124 4870 Aposto-

330 4905 397 4967 lica
410 4899 657 4968 confirmamus,
668 4895 701 4956 et
709 4893 884 4972 praesentis
892 4891 1008 4968 scripti
1019 4889 1127 4967 patre·

332 5001 420 5065 cinie
444 4995 699 5064 communimus,
718 4991 812 5053 salvo
831 4990 994 5052 tamenin
1014 4987 1127 5048 omni-

331 5099 393 5161 hus
416 5093 615 5174 Apostolicaa
639 5089 734 5151 sedis
756 5087 924 5152 mandate.
950 5085 1043 5148 Nulli
1058 5083 1127 5160 igi-

332 5200 398 5269 tur,
424 5197 501 5264 ete,
528 5189 652 5252 uestrae
679 5185 906 5250 concessionis
933 5183 1127 5258 intringere.

221 5287 228 5298 ’
336 5293 460 5374 siquis
474 5291 598 5355 autem,
616 5287 679 5347 etc.
697 5285 814 5347 natum
830 5281 997 5352 Laterani,
1012 5278 1129 5357 quarto
1152 5327 1153 5336 ,

334 5406 444 5456 nonas
457 5383 653 5455 decembris,
668 5398 756 5444 anne
771 5381 896 5459 quinto.

378 5531 499 5597 sedem
515 5529 569 5590 die
582 5525 623 5588 ad
639 5524 772 5587 eosdem
792 5522 828 5585 ut
852 5519 1003 5598 sequitur
1025 5516 1132 5592 serip-

337 5635 406 5699 tum
418 5629 469 5692 est
483 5648 490 5687 :

932 289 1108 366 HQNORII
1129 289 1174 350 111
1196 290 1344 352 OPERA.

1896 293 1957 356 ⁶80

1203 449 1421 527 supplicastis
1436 450 1543 522 nobis,
1558 452 1594 512 ut
1608 467 1682 512 curu
1703 451 1853 513 ecclesiae
1880 467 1957 514 ves·

1161 547 1223 608 trae
1237 546 1363 609 fabrica
1385 562 1504 624 mares
1519 551 1668 626 sumptus
1681 549 1957 626 exposcatemni-

1161 643 1222 705 hus
1238 645 1360 706 Christi
1375 645 1539 718 fidelibus,
1553 643 1703 722 quiteria
1727 648 1845 724 quarta
1866 646 1955 708 iutra

1161 743 1297 804 octavas
1323 743 1535 804 Pentecostes
1566 743 1607 803 ad
1641 741 1816 805 eeclesiam
1848 743 1956 819 ipsam

1162 839 1365 900 accesserint
1377 855 1456 900 suas
1466 840 1696 918 eleemosynas
1710 839 1877 917 largituri.
1890 839 1957 902 ali-

1162 952 1261 1014 quam
1277 935 1518 1013 indulgentiam
1535 938 1718 1000 concedere
1727 937 1954 1014 dignaremur.

1163 1035 1231 1096 Nes
1246 1034 1350 1109 igitur
1363 1035 1404 1096 de
1417 1033 1476 1096 Dei
1490 1034 1722 1097 misericordia
1737 1036 1770 1098 et
1783 1034 1955 1096 beatorum

1163 1131 1254 1192 Petri
1267 1133 1301 1193 et
1313 1132 1409 1193 Pauli
1422 1133 1648 1208 apestolorum
1661 1135 1733 1209 ejus
1758 1133 1959 1194 auctoritate

1163 1228 1290 1301 conlisi,
1307 1230 1460 1290 omuibus
1474 1245 1554 1291 vere
1569 1229 1802 1307 poenitentibus
1820 1231 1854 1292 et
1873 1244 1960 1291 cen-

1163 1325 1271 1398 iessis‚
1284 1327 1340 1404 qui
1352 1327 1544 1404 praescripto
1553 1328 1655 1390 dicad
1665 1327 1840 1390 ecclesiam
1850 1327 1959 1405 ipsam

1163 1439 1237 1487 eum
1252 1423 1425 1486 devotione
1444 1425 1657 1498 accesserint,
1679 1425 1720 1486 ad
1735 1425 1962 1486 construetio-

1164 1537 1238 1582 nem
1254 1521 1358 1599 ipsius
1370 1521 1505 1583 fabricae
1520 1537 1655 1584 suarum
1667 1523 1955 1598 eleemosynarum

1163 1619 1311 1680 subsidia
1327 1619 1492 1691 collaturi,
1508 1619 1629 1696 viginti
1645 1620 1717 1680 dies
1731 1619 1773 1681 de
1794 1619 1957 1696 injunctis

1164 1716 1226 1777 sibi
1263 1717 1467 1794 poenitentiis
1500 1717 1709 1790 relaxamus,
1739 1716 1961 1794 presentibus

1164 1815 1284 1876 litteris
1297 1829 1505 1892 nequaquam
1520 1816 1607 1878 ultra
1620 1815 1817 1876 decennium
1836 1813 1963 1876 ualitu-

1164 1912 1224 1973 ris.
1239 1913 1357 1973 Datum
1375 1911 1542 1984 Laterani,
1555 1912 1674 1991 quarte
1696 1927 1803 1974 nenas
1827 1911 1963 1972 decem-

1164 2009 1244 2082 bris,
1262 2025 1349 2072 anne
1365 2010 1491 2086 quinto.

1503 2161 1624 2248 CXIV

1167 2299 1217 2359 Ad
1227 2299 1386 2372 priorem
1400 2296 1518 2358 Sancti
1537 2296 1691 2366 Victum,
1712 2309 1754 2356 ec
1778 2293 1962 2366 Rcdutsum

1204 2401 1417 2470 capellanum
1428 2395 1549 2472 demus
1569 2393 1703 2454 muttire
1726 2393 1842 2466 tempu
1856 2392 1966 2454 Pert-

1205 2496 1341 2556 stertas.

1431 2570 1448 2629 :l
1466 2567 1598 2626 decemb.
1616 2567 1695 2626 1220.

1198 2677 1317 2742 [begeat.
1326 2676 1370 2727 lib.
1380 2675 1412 2734 V,
1422 2673 1498 2740 epist.
1508 2673 1563 2726 nus.
1575 2675 1632 2726 llss.
1646 2675 1683 2725 La
1692 2674 1770 2724 Perta
1784 2671 1820 2722 du
1830 2669 1924 2736 risit]

1167 2785 1449 2845 administrationem
1465 2782 1597 2841 dieresis
1619 2781 1802 2840 belvacensis
1817 2794 1867 2854 per
1878 2779 1963 2837 electi

1380 2872 1539 2930 absentiam
1552 2871 1623 2944 ipsis
1631 2870 1751 2928 confert

1207 2983 1384 3054 Honorius,
1401 2981 1477 3052 etc..
1493 2979 1623 3042 dilectis
1637 2979 1715 3039 tiliis
1731 2977 1835 3054 prleri
1851 2975 1965 3038 Sancti

1167 3080 1323 3151 Victoris,
1335 3082 1368 3142 et
1387 3078 1482 3140 tratri
1495 3077 1648 3148 Radulie,
1661 3075 1833 3152 capellano
1848 3073 1965 3135 demus

1169 3176 1297 3240 militiae
1313 3176 1426 3253 templi
1441 3174 1603 3236 Parisien.

1209 3278 1291 3336 Cum
1315 3273 1455 3335 dilectus
1483 3271 1609 3332 filius...
1637 3269 1812 3332 Beiraceu.
1840 3267 1966 3329 electus

1171 3373 1378 3450 proiecturus
1414 3370 1448 3431 in
1484 3368 1668 3431 subsidium
1698 3371 1809 3428 Terrae
1837 3365 1966 3426 sanctas

1171 3473 1207 3532 B.
1223 3469 1494 3532 archidiaconum
1510 3469 1543 3528 et
1555 3467 1595 3526 Η.
1607 3468 1776 3527 cantorem
1789 3461 1965 3525 Belvaeen.

1173 3567 1417 3645 procuratores,
1447 3565 1606 3641 quantum
1638 3561 1679 3624 ad
1709 3559 1907 3638 spiritualia,
1935 3559 1969 3620 et

1173 3663 1364 3726 conterendi
1379 3661 1607 3724 ecclesiastica
1618 3659 1778 3720 beneficia
1791 3656 1965 3727 ordinarit,

1174 3763 1221 3825 ita
1234 3761 1319 3839 qued
1333 3761 1362 3821 si
1378 3759 1518 3820 alterum
1536 3773 1650 3819 eorum
1663 3755 1796 3819 interim
1818 3753 1903 3816 meri
1914 3753 1968 3814 vel

1175 3861 1215 3922 ad
1240 3857 1462 3935 episcopalem
1482 3855 1676 3932 dignitatem
1698 3853 1823 3914 assumi
1838 3851 1970 3914 centin-

1174 3958 1277 4034 geret,
1292 3953 1434 4017 Jaeobus
1450 3953 1663 4014 suessionen.
1678 3948 1909 4012 thesaurarius
1933 3948 1970 4008 in

1176 4054 1283 4115 lecum
1310 4049 1502 4112 succederet
1527 4047 1717 4118 morientis,
1745 4047 1779 4108 et
1804 4046 1832 4106 si
1856 4043 1970 4106 forsan

1175 4151 1296 4212 iterum
1306 4149 1447 4210 duorum
1456 4147 1669 4224 superstitum
1685 4145 1770 4206 alter
1784 4141 1969 4212 decederet,

1176 4249 1228 4310 vel
1245 4243 1750 4325 promovereturaddignitatem
1765 4239 1970 4327 praedictam,

1177 4344 1355 4408 (teufridus
1380 4343 1420 4404 de
1442 4342 1606 4412 Bretcnei,
1623 4338 1803 4402 canonieus
1819 4337 1974 4399 suessio-

1178 4443 1291 4508 nensis
1302 4440 1557 4502 substitueretur
1565 4438 1640 4500 lece
1650 4434 1971 4509 deiuuoti;centigit,

1178 4541 1264 4602 sicut
1291 4539 1431 4600 Domine
1455 4535 1590 4614 placuit,
1620 4533 1705 4612 qued
1741 4530 1974 4610 prenominati

1179 4637 1434 4702 archidiacenus
1449 4635 1481 4696 et
1505 4632 1685 4696 canonieus
1712 4629 1875 4692 demedio
1898 4630 1976 4690 sunt

1180 4735 1313 4806 sublati,
1331 4734 1364 4797 et
1386 4730 1616 4794 thesaurarius
1642 4730 1677 4792 in
1703 4727 1916 4790 suessionen.
1942 4728 1976 4787 et

1181 4833 1296 4896 canter
1306 4831 1340 4892 in
1350 4830 1532 4905 Lingonen.
1543 4827 1715 4904 episcopos
1729 4828 1806 4888 sunt
1816 4823 1975 4902 premeti3

1182 4929 1268 4992 unde
1287 4943 1348 4990 nes
1365 4928 1489 4990 eisdem
1503 4925 1668 5004 episeopis
1687 4923 1811 4986 nestris
1826 4920 1978 4984 dedimus

1182 5027 1303 5090 litteris
1314 5025 1350 5086 in
1360 5023 1536 5094 mandatis,
1548 5018 1980 5099 utpreeuratieuemhuJus-

1182 5125 1272 5188 medi
1284 5121 1632 5200 gererentdiligenter.
1641 5117 1853 5180 Postmodum
1867 5117 1991 5176 autem

1183 5223 1272 5284 inter
1287 5220 1376 5298 ipses
1393 5232 1494 5295 super
1508 5217 1571 5278 hec
1587 5217 1660 5278 erte
1675 5213 1853 5282 discordia,
1865 5214 1900 5274 et
1911 5213 1980 5274 tam

1184 5335 1311 5390 eorum,
1324 5331 1422 5395 quam
1435 5313 1645 5377 Belracensis
1661 5311 1797 5389 capituli
1817 5324 1982 5388 precura-

1184 5416 1312 5480 terihus
1327 5415 1363 5476 in
1383 5414 1496 5475 nostra
1509 5410 1689 5488 praesentia
1710 5408 1910 5479 constitutis,
1928 5407 1984 5468 di-

1184 5515 1306 5578 lectum
1334 5511 1439 5573 illium
1465 5510 1615 5571 nostrum
1641 5511 1691 5580 P.,
1709 5505 1822 5568 sancti
1848 5503 1983 5580 Georgii

1187 5611 1363 5674 diaconum
1382 5606 1598 5677 cardinalem,
1612 5606 1662 5666 eis
1677 5603 1902 5670 concessimus
1916 5617 1984 5662 au-
