4280 6404
276 215 336 274 279
898 217 1075 280 HONORII
1097 220 1143 280 ili
1163 210 1313 282 OPERA.
1855 217 1940 278 ‘280

277 373 428 447 mondus,
459 375 533 438 sine
564 376 720 440 mandato
752 375 847 438 sedis
873 377 1071 454 Apostolicae
1127 379 1230 449 retur,
1246 378 1277 440 te
1291 377 1434 454 petente,
1458 377 1570 439 omnia
1585 379 1664 455 jnra
1678 375 1880 453 episcopalia
1891 378 1927 436 in

278 473 428 548 speciali.
455 471 564 534 Abbas
594 474 696 550 igitur
716 471 757 534 ad
779 488 894 534 curam
913 473 1074 550 spiritua·
1127 475 1252 536 eisdem
1264 474 1396 536 tandem
1409 475 1498 536 inter
1510 475 1554 546 te,
1571 473 1927 537 etPanduliumcano-

278 568 372 640 lium,
386 570 517 642 melius,
534 573 567 632 et
581 569 749 632 salubrius
762 570 870 643 solito,
888 587 924 632 se
938 570 1074 634 ierven-
1128 573 1240 633 nicum
1256 571 1483 652 sabinensem,
1502 573 1566 650 qui·
1583 588 1602 633 a
1617 571 1785 648 praedictis
1806 572 1925 632 archi-

278 667 331 727 ter
345 668 510 738 exerceat,
528 668 561 729 et
574 684 634 743 pro
644 667 760 744 quavis
775 683 876 729 causa
891 668 1073 730 claustrum
1128 669 1333 746 presbytero,
1357 670 1391 730 et
1408 670 1579 730 canonicis
1600 669 1641 730 ad
1663 669 1927 746 componendum

280 777 346 823 non
360 764 468 832 exeat,
488 780 551 824 nec
573 763 766 836 monachus,
788 765 860 826 sine
884 764 1071 834 manifesta,
1129 781 1228 843 super
1242 766 1424 841 praemissis
1446 766 1642 828 mandatum
1658 766 1805 843 speciale
1826 781 1925 826 rece-

280 860 314 920 et
337 863 475 935 urgente
500 875 612 932 causa,
643 876 704 922 nec
728 862 818 932 tunc,
845 861 917 922 sine
945 861 1074 922 abbatis
1129 862 1232 939 perat.
1262 864 1354 925 sicut
1376 862 1478 924 nobis·
1499 863 1649 924 constitit
1671 878 1731 939 per
1754 862 1926 938 publicum

280 954 428 1030 licentia,
444 957 496 1018 vel
510 957 642 1034 prioris.
657 958 755 1018 Prior
767 957 878 1020 autem
894 960 992 1036 prout
1002 961 1075 1034 ejus
1129 959 1398 1031 instrumentum,
1423 959 1502 1020 talis
1525 959 1720 1036 compositio
1736 959 1831 1020 nobis
1852 975 1932 1021 me-

282 1051 427 1114 oiiicium
453 1053 568 1130 exigit,
589 1054 821 1132 spiritualibus
842 1055 1004 1117 duntaxat
1017 1055 1075 1115 in·
1130 1056 1297 1117 diantibus
1320 1055 1510 1128 intervenit,
1527 1055 1615 1133 quod
1637 1055 1794 1117 videlicet
1815 1056 1930 1117 archi-

280 1149 404 1210 tendat.
439 1153 544 1212 Porro
577 1151 775 1212 mulieribus
804 1151 892 1214 inira
917 1151 1076 1213 ambitum
1130 1152 1318 1230 presbyter,
1346 1155 1379 1216 et
1401 1153 1576 1224 canonici,
1605 1153 1661 1230 qui
1689 1169 1749 1230 pro
1779 1154 1936 1230 tempore

281 1248 475 1311 monasterii
492 1248 627 1309 omnino
653 1249 872 1310 interdicatur
894 1249 1074 1325 ingressus.
1131 1250 1254 1312 inerint
1264 1251 1298 1310 in
1313 1251 1387 1326 ipso
1399 1249 1568 1328 episcopio
1582 1249 1776 1311 instituendi
1793 1249 1829 1310 in
1840 1249 1924 1326 ipsis

281 1344 365 1420 Equi
390 1359 483 1416 vero,
502 1345 536 1408 et
554 1346 665 1406 omnia
688 1347 817 1422 peculia
839 1347 1076 1407 monachorum
1132 1347 1294 1418 ecclesiis,
1308 1347 1556 1424 praesentabunt
1570 1341 1725 1424 episcopo
1737 1346 1924 1414 sabinensi.

281 1441 539 1519 praesentialiter
572 1443 796 1518 resignentur,
833 1443 868 1502 in
902 1443 1076 1504 utilitatem
1132 1447 1164 1504 et
1185 1444 1360 1521 episcopus
1376 1445 1565 1505 successive
1579 1443 1737 1505 investiet
1751 1446 1864 1516 eos,et
1878 1444 1932 1504 in·

283 1538 477 1599 monasterii
502 1539 734 1600 convertenda.
764 1539 804 1600 nt
824 1539 1021 1616 quicumque
1037 1539 1078 1600 de
1132 1541 1224 1602 stitui
1239 1540 1339 1602 faciet
1355 1540 1383 1600 si
1400 1540 1532 1617 quidem
1549 1540 1585 1600 in
1600 1541 1792 1616 episcopatu
1815 1537 1944 1612 inerit„

282 1633 402 1696 caetero
428 1634 582 1697 inventus
609 1635 710 1699 luerit
735 1636 858 1698 habere
888 1636 1075 1712 proprium,
1132 1637 1185 1698 vel
1195 1637 1230 1698 in
1242 1636 1326 1698 urbe
1339 1637 1531 1716 recipiendo
1549 1636 1591 1698 ab
1606 1637 1655 1698 eis
1669 1636 1935 1711 obedientiaeju-

282 1747 388 1806 poenae
404 1729 573 1808 subjaceat
586 1733 746 1808 regulari,
771 1733 804 1795 et
825 1733 925 1794 semel
941 1733 981 1794 in
991 1747 1078 1794 anno
1133 1738 1330 1806 ramentum,
1345 1751 1404 1812 per
1426 1733 1489 1796 hoc
1503 1734 1704 1796 tenebuntur
1720 1749 1760 1795 ea
1778 1749 1933 1804 servare,

282 1827 318 1887 in
337 1828 585 1904 proprietarios,
607 1830 765 1891 solemnis
780 1829 1079 1892 excommunicatio
1134 1847 1208 1909 quae
1228 1831 1439 1893 continentur
1451 1831 1486 1891 in
1507 1829 1745 1906 compositione
1760 1829 1935 1906 praesenti..

283 1922 481 2000 proseratur.
506 1925 558 1987 hd¹
584 1925 657 1988 haec
679 1927 782 1988 abbas
806 1928 864 1989 aut
883 1926 1080 1997 monachus,
1136 1929 1266 1990 sivero
1291 1928 1466 2005 episcopus
1491 1927 1592 1989 luerit
1612 1928 1648 1988 in
1665 1926 1857 2004 Campania,
1874 1927 1928 1987 vel

283 2021 448 2093 camiseis,
464 2022 518 2083 vel
542 2023 792 2084 linteaminibus
806 2023 915 2095 lineis,
935 2023 988 2084 vel
1003 2022 1080 2084 aliis
1134 2027 1170 2086 in
1183 2026 1295 2102 aliqua
1309 2026 1544 2087 civitatecirca
1559 2023 1686 2096 urbem,
1697 2039 1757 2084 seu
1771 2024 1807 2083 in
1819 2037 1931 2084 remc-

282 2117 429 2180 veetibus
443 2133 508 2178 non
520 2119 864 2196 permissisareguia,
877 2135 943 2180 non
956 2119 1080 2190 utetur,
1135 2122 1275 2184 tioribus
1299 2121 1394 2195 locis,
1424 2119 1702 2198 archipresbyter,
1725 2121 1758 2182 et
1776 2119 1936 2182 canonici

284 2228 347 2275 nec
367 2214 522 2276 vescatur
543 2215 711 2288 carnibus,
727 2216 847 2277 sivein
865 2215 1086 2286 monasterio,
1135 2219 1457 2282 administrationem
1478 2220 1514 2279 in
1536 2217 1777 2295 spiritualibus,
1794 2220 1827 2279 et
1847 2218 1936 2279 tem·

284 2310 357 2372 sivc
375 2311 481 2382 extra,
504 2311 569 2374 nisi
589 2311 750 2374 duntaxat
775 2312 969 2386 incessibus,
987 2313 1081 2389 quia
1136 2315 1304 2394 poralibus
1337 2315 1543 2377 committent
1570 2315 1619 2387 ei,
1645 2329 1742 2391 quem
1776 2313 1945 2375 duxerint·

284 2407 483 2482 regulasunt
491 2409 651 2470 concessi.
663 2409 842 2482 Habeatur,
851 2409 1080 2480 nihilominus,
1137 2413 1416 2491 presentandum,
1444 2428 1585 2490 eumque
1602 2412 1668 2488 ipsi
1684 2409 1933 2488 praesentabunt

285 2519 366 2566 cura
381 2505 522 2566 sollicita
538 2505 740 2578 deinilrmis,
754 2505 1085 2568 cumsitsaluticon·
1137 2511 1307 2588 episcopo,
1333 2525 1433 2587 quam
1456 2510 1522 2572 cito
1549 2509 1585 2570 in
1606 2506 1798 2586 episcopatu
1820 2507 1947 2578 luerit,

284 2601 437 2674 tranum,
458 2601 491 2664 et
511 2601 708 2664 toleratione
731 2603 958 2679 condignum,
976 2603 1012 2664 ut
1024 2604 1082 2664 in·
1137 2609 1190 2668 vel
1205 2607 1240 2668 in
1255 2607 1347 2678 urbe,
1364 2607 1421 2684 qui
1443 2604 1651 2668 confirmabit
1666 2606 1699 2667 et
1712 2603 1870 2682 concedet
1884 2601 1938 2682 (1)·

286 2698 455 2761 firmitatis
470 2699 633 2776 praetextu
644 2699 830 2776 regulares,
845 2700 886 2760 ad
901 2700 1083 2761 seculares
1138 2705 1299 2776 eumdem,
1315 2705 1349 2766 et
1363 2702 1404 2764 ab
1417 2719 1457 2764 eo
1468 2707 1566 2780 juxta
1586 2701 1726 2763 formam
1741 2700 1941 2778 praedictam

286 2796 402 2858 domos
430 2795 613 2870 divertant3
641 2796 819 2858 ridiculum
847 2798 898 2858 est
919 2797 1021 2868 enim,
1047 2795 1084 2857 ut
1115 2801 1276 2878 'recipiet
1296 2800 1533 2879 juramentum.
1554 2800 1788 2871 Quumautem
1807 2796 1942 2874 aliquis·

285 2891 463 2954 infirmitas
482 2891 679 2954 claustrales
694 2892 735 2954 ad
749 2893 910 2954 saeculum
927 2891 1082 2964 advocet,
1139 2915 1253 2960 aarum
1272 2897 1371 2959 fuerit
1396 2897 1629 2972 corrigendus,
1652 2894 1933 2973 archipresbyter,

286 3004 361 3064 quae
371 2988 545 3052 consuevit
558 2987 716 3049 inducere
729 2989 907 3050 seculares
922 2989 964 3050 ad
978 2989 1085 3050 claus-
1139 2997 1172 3058 et
1191 2996 1372 3072 capitulum
1386 2995 1555 3070 corrigent
1567 3010 1626 3071 per
1640 2994 1785 3069 seipsos,
1795 2992 1848 3054 vel
1864 2991 1933 3052 sal-

286 3083 1082 3163 trum.Quocirca‚perApostolicavobisscripta,
1139 3094 1204 3154 tem
1234 3091 1276 3154 ab
1311 3093 1468 3170 episcopo
1502 3090 1666 3168 requisiti,
1703 3089 1843 3167 quodsi
1868 3103 1936 3150 non

286 3181 321 3241 in
338 3181 460 3244 virtute
472 3183 596 3244 sanctae
617 3181 813 3244 obedientiae
828 3182 978 3244 districte
991 3197 1084 3258 prae-
1140 3189 1279 3252 fecerint
1299 3188 1385 3250 infra
1401 3203 1559 3261 mansam,
1581 3189 1715 3249 extunc
1730 3202 1790 3263 per
1804 3186 1940 3262 episco-

287 3277 440 3354 θὶΡῙθΠᾶῡ
465 3278 681 3350 mandamus,
706 3279 881 3356 (illatenus.
899 3293 972 3355 qllae
993 3293 1084 3355 prae·
1141 3301 1217 3362 pum
1230 3285 1425 3361 corrigetur,
1443 3286 1476 3347 et
1489 3285 1529 3346 ad
1547 3301 1621 3346 eum
1636 3281 1815 3361 pertinebit
1834 3279 1938 3343 desti-

287 3375 388 3436 missa
402 3376 489 3447 sunt,
508 3375 952 3438 inviolabiliterobservetis.
966 3375 1084 3436 Datum
1140 3383 1246 3450 tutio,
1278 3382 1552 3460 quandocumque
1591 3380 1715 3459 aliquis
1739 3378 1936 3442 clericorum

289 3473 454 3544 Reate,V1
463 3472 530 3533 kal·
540 3472 684 3548 augusti,
695 3472 841 3550 pontific·
853 3487 942 3533 anno
954 3472 1083 3548 quarto.
1141 3478 1286 3541 fueritin
1301 3495 1403 3540 causa
1418 3477 1642 3541 destitutionis
1660 3478 1826 3538 inventus.
1852 3478 1939 3537 Pro-

1142 3577 1249 3638 mittet
1272 3577 1372 3638 etiam
1405 3577 1643 3654 praesentatus,
1676 3575 1761 3653 quod
1792 3572 1940 3636 servabit

657 3639 719 3727 ΠΙ
1142 3674 1324 3735 sententias
1335 3672 1700 3744 excommunicationis,
1719 3672 1751 3733 et
1764 3669 1936 3732 interdicti

349 3764 400 3825 Ad
414 3764 561 3826 Petram
573 3765 770 3839 episcopam
788 3765 1022 3826 sabinensem.
1142 3769 1351 3848 abepiscopo
1369 3770 1595 3848 promulgatas
1610 3770 1747 3846 propter
1765 3768 1942 3829 contuma-

585 3875 694 3949 iljulil
710 3876 789 3934 liis.
1144 3867 1229 3928 ciam
1258 3869 1330 3944 eJus
1361 3867 1449 3928 circa
1478 3866 1738 3936 correctionem,
1771 3864 1868 3941 prout
1893 3863 1935 3924 ad

443 3981 738 4046 [agedunenses.
752 3988 771 4032 t.
787 3981 808 4044 1,
822 3995 848 4046 p.
864 3982 932 4044 ioh]
1144 3964 1345 4042 episcopum,
1358 3963 1538 4025 secundum
1554 3962 1639 4040 quod
1650 3961 1859 4040 praemissum
1872 3961 1934 4031 est,

289 4078 439 4154 Significat
450 4079 695 4138 confirmationem
711 4081 927 4153 compositionis
940 4077 1088 4153 quainter
1144 4061 1296 4138 Ρθΐῒίῐίθῖ,
1313 4059 1366 4124 vel
1390 4061 1480 4122 Circa
1503 4059 1581 4132 alias
1604 4075 1676 4136 (11¹ae
1689 4057 1754 4136 il)si
1780 4057 1935 4134 episcopo

323 4183 389 4226 eum
399 4176 428 4226 at
441 4169 717 4243 archipresbyterum
739 4177 768 4226 et
779 4170 934 4226 canonicos
948 4167 1087 4241 episcopii
1145 4174 1188 4218 ex
1215 4157 1278 4219 hac
1302 4156 1540 4234 compositione
1568 4155 1739 4217 debentur.
1771 4156 1940 4216 Praeterea

325 4255 491 4314 sabinensis
513 4271 599 4329 super
624 4257 796 4314 ecclesiisin
814 4257 916 4314 castris
934 4255 969 4312 de
995 4254 1087 4322 Turri,
1145 4253 1428 4331 archipresbyter,
1457 4255 1489 4314 et
1517 4253 1670 4314 canonici
1697 4267 1757 4329 pro
1788 4251 1952 4311 ecclesiis.

326 4343 362 4401 (¹⁰
377 4345 406 4402 S·
424 4343 492 4401 P⁰¹⁰
504 4345 578 4401 etde
591 4346 667 4402 R⁰0⁸
682 4343 755 4401 ssssslfl
771 4351 825 4401 ⁶⁸1·
1145 4351 1356 4428 supradictis,
1378 4351 1410 4412 et
1429 4350 1505 4412 aliis
1530 4349 1672 4425 singulis
1696 4346 1794 4408 annis
1818 4346 1943 4407 dabunt

331 4451 509 4523 Honorius,
524 4452 599 4522 etc,
617 4453 716 4512 Petro
731 4450 885 4527 episcopo
899 4449 1086 4511 sabinensi.
1147 4449 1303 4526 episcopo
1328 4449 1593 4525 procurationem
1615 4446 1648 4506 in
1674 4443 1825 4522 prandio,
1851 4445 1884 4505 et
1907 4443 1945 4503 in

331 4551 377 4608 Ea
394 4563 466 4625 quae
477 4547 616 4624 judicio,
634 4547 687 4608 vel
706 4547 883 4607 concordia
901 4547 1089 4607 terminan-
1146 4563 1252 4618 coena,
1269 4546 1316 4607 ita
1338 4544 1424 4623 quod
1442 4545 1507 4622 ipsi
1532 4561 1599 4605 non
1622 4545 1696 4620 plus
1715 4541 1879 4618 recipient
1901 4539 1943 4600 ab

295 4646 361 4718 tur,
379 4644 552 4720 scripturae
568 4643 723 4706 convenit
750 4642 986 4714 commendari,
1006 4657 1047 4702 ne
1070 4657 1090 4703 a
1146 4643 1308 4715 ecclesiis,
1324 4659 1423 4720 quam
1444 4641 1687 4718 expandentia
1709 4637 1944 4719 procuratione

293 4741 453 4803 memoria
465 4740 631 4811 excidant,
643 4740 675 4801 et
690 4739 724 4800 in
737 4739 882 4801 residuae
895 4739 1090 4817 quaestionis
1146 4739 1211 4818 ipsi
1227 4739 1385 4817 episcopo
1400 4737 1633 4800 exhibendam.

292 4837 485 4914 scrupulum
511 4837 715 4899 relabantur.
744 4837 832 4898 Sane
851 4852 925 4897 cum
946 4835 1036 4900 inter
1058 4837 1090 4898 te
1188 4838 1328 4899 sivero
1351 4837 1486 4912 propter
1507 4834 1774 4912 procurationem
1803 4831 1945 4894 Romani

292 4952 335 4998 ex
347 4935 440 5013 parte
453 4951 519 4996 una
534 4935 567 4997 et
577 4932 912 5012 archipresbyterum,
933 4935 967 4996 et
989 4949 1092 4996 cano·
1148 4933 1331 5004 pontificis,
1347 4932 1401 4994 vel
1426 4934 1499 5007 eius
1521 4931 1635 5007 legati,
1658 4945 1824 5008 expensas
1850 4927 1953 4988 iace·-

292 5034 386 5096 nicos
408 5031 568 5110 episcopii
584 5031 776 5093 sabinensis
792 5047 835 5093 ex
853 5033 971 5104 altera,
992 5046 1092 5109 super
1148 5033 1223 5093 rent
1243 5028 1308 5108 ipsi
1332 5027 1495 5102 canonici,
1516 5027 1660 5091 satisfiat
1683 5026 1809 5089 eisdem
1829 5025 1870 5087 ab
1889 5041 1951 5086 eo-

293 5129 445 5194 ecclesiis
464 5130 500 5192 in
524 5129 643 5192 castris
664 5128 705 5190 de
719 5129 829 5202 Turri,
846 5131 880 5191 et
900 5131 932 5190 S.
953 5127 1093 5200 P010,et
1150 5128 1262 5190 ciesiis
1285 5125 1496 5205 supradictis.
1524 5125 1645 5187 Clerici
1665 5125 1776 5187 autem
1798 5123 1954 5200 ipsarum·

293 5230 334 5290 de
350 5231 452 5296 Rosa,
470 5227 503 5288 et
518 5227 552 5288 in
572 5225 763 5290 tenimentis
783 5243 897 5288 eorum
910 5226 1039 5304 positis,
1053 5239 1093 5284 ac
1150 5225 1377 5296 ecclesiarum,
1403 5222 1629 5284 dedicationes
1657 5222 1886 5291 ecclesiarum,
1914 5221 1948 5280 et

294 5327 395 5388 etiam
409 5324 604 5404 quibusdam
619 5323 708 5393 aliis,
723 5340 805 5402 quas
824 5325 925 5385 iidem
939 5321 1094 5384 canonici
1150 5321 1417 5384 consecrationes
1432 5321 1601 5392 altarium,
1624 5319 1770 5391 ordines,
1788 5317 1945 5388 chrisma,

295 5424 457 5486 tenantin
473 5422 608 5484 dioecesi
624 5422 812 5495 sabinensi,
830 5421 969 5499 quaestio
985 5419 1095 5482 verte-
1151 5420 1260 5482 oleum
1307 5420 1457 5480 sanctum
1503 5417 1669 5495 recipiant
1708 5416 1751 5477 ab
1791 5413 1953 5492 episcopo

334 5529 374 5600 (l)
394 5527 497 5586 Melius
512 5525 649 5584 irtaestiet.
