4250 6404
146 340 204 398 lau
762 325 989 442 birsicus.
1014 293 1090 398 nin.
1116 339 1170 398 111.
1734 339 1791 397 rso

144 496 302 576 quantum
326 495 375 560 eis
395 491 496 560 tuerit
514 497 555 557 de
578 497 700 572 prioris
724 495 939 558 concessione
995 485 1794 574 seuquibuslibetvexalloulbuslatiga're,sedum·

145 595 354 674 permissum,
368 594 424 656 sed
436 610 497 655 nec
509 594 672 665 conversi,
685 611 784 671 quum
799 609 856 656 eos
868 611 942 654 mu·
995 595 1051 658 nia
1062 598 1190 672 integre
1201 597 1442 658 conserventur
1449 610 1575 666 eorum,
1584 608 1791 671 proquorum

145 691 210 752 tari
238 690 425 765 fflssiissssl'it,
442 688 566 766 aliquid
595 701 707 750 ⁸0⁰t¹m
732 689 840 750 ierant
869 689 941 750 Sine
995 687 1235 770 gubernatione
1248 693 1281 757 et
1291 691 1530 756 sustentatione
1538 700 1702 754 'concessa
1716 695 1794 756 sunt

146 786 416 865 priorislioentia
432 785 580 862 speciali.
599 785 941 846 Sanelaborulnves·
996 792 1111 853 usibus
1136 790 1335 852 omnimodis
1360 789 1544 868 profutura,
1573 790 1666 851 salva
1696 789 1792 851 Sedis

145 889 272 947 trorum
296 899 378 960 quos
401 883 489 945 inira
514 885 621 944 metas
643 883 774 944 vestras
797 881 941 959 propriis
996 886 1415 966 Apostolicaeauctoritata.
1435 887 1550 963 siqua
1566 884 1748 962 igiturinr
1771 917 1791 930 -

146 981 311 1051 manibus,
337 981 396 1042 aut
420 977 605 1056 sumptibus
632 977 741 1040 colitis
769 977 809 1040 de
842 979 941 1041 terris
995 988 1106 1048 turum
1137 980 1364 1046 ecclesiastica
1400 983 1614 1045 saecularisve
1649 997 1793 1060 persona

147 1079 269 1141 habitis
286 1079 363 1140 ante
381 1075 565 1139 concillum
578 1077 745 1152 generale,
761 1091 888 1138 necnon
902 1076 942 1136 de
997 1084 1083 1144 hanc
1108 1083 1231 1142 nostrae
1245 1079 1493 1142 constitutionis
1508 1080 1667 1156 paginam
1684 1080 1793 1140 sciens

147 1175 323 1239 novalibus
344 1173 456 1236 nullus
476 1187 495 1234 a
513 1173 607 1236 vobis
624 1173 771 1235 decimas
786 1173 940 1250 exigere,
997 1182 1112 1242 contra
1138 1192 1212 1240 eam
1237 1177 1362 1238 temere
1387 1178 1503 1238 venire
1528 1177 1717 1249 tentaverit,
1739 1193 1795 1237 se-

147 1275 206 1336 aut
222 1275 420 1350 extorquere
431 1273 621 1349 presumat.
638 1274 704 1334 Pro
717 1271 944 1332 consecratio-
997 1275 1104 1339 cundo
1140 1274 1280 1337 tertiove
1319 1273 1535 1344 commonita,
1569 1273 1633 1334 rrisi
1666 1273 1794 1336 reatum

148 1371 336 1432 nibusvero
348 1367 504 1432 altarium
521 1369 572 1431 vei
587 1368 816 1440 ecclesiarum,
833 1369 867 1430 et
882 1372 942 1429 o'r-
998 1375 1092 1434 s'uum
1108 1387 1256 1449 congrua
1275 1371 1502 1435 satisfactione
1524 1371 1719 1443 correxerit,
1734 1387 1796 1449 po·

148 1467 373 1530 (linctionibus
412 1465 631 1538 clericorum,
666 1465 739 1526 sive
776 1479 836 1542 pro
869 1465 944 1527 oleo
997 1471 1125 1533 testatis
1160 1470 1362 1548 honorisque
1394 1469 1447 1530 sui
1477 1469 1638 1544 dignitate
1668 1469 1793 1540 careat,

149 1565 336 1637 saucto‚vel
348 1563 943 1642 quolibetecclesiastlcosacramanto
997 1583 1154 1646 reamque
1169 1584 1205 1629 sa
1221 1567 1334 1629 divino
1344 1566 1474 1646 judicio
1492 1567 1637 1627 existere
1656 1564 1697 1626 de
1718 1579 1797 1642 par-

150 1663 260 1724 nullus
274 1677 295 1723 a
310 1660 625 1724 vobissubobtentu
639 1659 783 1738 alicujus
801 1673 945 1722 consue·
999 1668 1127 1743 patrata
1156 1663 1551 1742 in1qustatmognosoet,
1575 1662 1608 1724 et
1635 1677 1655 1724 a
1680 1677 1798 1723 sacra.
1822 1657 1826 1668 ·
1912 1677 1917 1698 ·

148 1761 285 1832 tudinis,
319 1760 371 1820 vel
407 1759 474 1820 alic
501 1757 597 1819 inodo
621 1757 802 1834 quidquam
822 1757 945 1818 audent
999 1763 1129 1825 tissime
1156 1776 1295 1837 corpore
1316 1761 1349 1822 et
1369 1761 1532 1835 sanguine
1561 1759 1632 1830 Dei,
1661 1774 1699 1820 ac
1725 1759 1795 1820 Do-

149 1855 432 1934 extorquemus
452 1853 524 1916 haec
548 1855 659 1915 omnia
683 1855 788 1930 gratis
803 1853 897 1915 vobis
923 1870 943 1915 a
999 1859 1081 1920 mini
1092 1859 1320 1935 Redemptoris
1336 1857 1441 1918 nostri
1453 1858 1532 1919 Jesu
1546 1854 1670 1916 Christi
1685 1855 1796 1916 aliena

148 1955 348 2016 dioecesanis
360 1952 525 2032 episcopis
538 1950 781 2029 impendantur,
794 1950 944 2028 alioquin
1000 1957 1067 2028 liat,
1097 1955 1196 2034 atque
1226 1955 1262 2016 in
1299 1955 1424 2015 aeterm
1455 1952 1609 2014 examine
1637 1949 1796 2014 districtae

147 2051 247 2114 liceat
261 2051 354 2112 vobis
369 2064 608 2128 quemcumque
629 2048 832 2112 catholicum
850 2048 945 2109 adire
1000 2052 1170 2130 subjaceat
1204 2051 1341 2125 ultioni;
1375 2050 1503 2112 cunctis
1539 2051 1651 2110 autem
1689 2049 1797 2110 eidem

149 2149 342 2220 antistitem,
375 2147 516 2223 gratiam
552 2147 650 2224 atque
680 2145 944 2208 communionem
1000 2150 1125 2211 domini
1155 2152 1232 2225 jura
1267 2145 1476 2208 servantibus
1502 2146 1539 2208 tit
1569 2161 1636 2222 pax
1666 2145 1797 2232 Domini

148 2245 348 2322 AlOSiOlicae
363 2244 457 2306 Sedis
473 2243 658 2314 habentem,
676 2243 731 2320 qui
745 2242 858 2304 nostra
873 2240 944 2304 ire·
1000 2247 1106 2308 nostri
1123 2249 1203 2310 lesu
1218 2244 1351 2318 Christi,
1367 2247 1529 2323 quatenus
1540 2245 1572 2305 et
1587 2243 1641 2303 hic
1656 2242 1797 2304 fructum

149 2347 205 2405 tus
227 2342 425 2406 auctoritate
450 2340 544 2403 vohis
568 2341 653 2418 quod
669 2339 858 2417 postulatur
876 2339 944 2400 im·
1000 2344 1095 2406 honae
1111 2341 1253 2406 actionis
1264 2341 1460 2422 percipiant,
1468 2341 1501 2404 et
1511 2340 1597 2418 apud
1611 2340 1796 2402 districtum

149 2440 282 2517 pendat.
297 2429 402 2499 Porro
416 2437 446 2498 si
464 2437 623 2514 episcopi,
640 2436 692 2499 vel
707 2415 945 2498 alli'ecclesia-
996 2441 1143 2518 judicem
1169 2440 1307 2519 praemia
1331 2442 1464 2503 aeternae
1490 2439 1582 2516 pacis
1607 2436 1792 2500 inveniant.

150 2553 224 2598 rum
239 2537 384 2598 rectores
398 2533 752 2605 inecclesiasvestras,
768 2533 821 2596 vel
836 2547 947 2609 perso·
1000 2541 1115 2600 Amen.
1553 2613 1555 2618 Ι

149 2651 212 2696 nas
227 2633 308 2694 inibi
323 2632 519 2694 constitutas
532 2630 945 2692 excommunicationisvel
1040 2638 1159 2696 Datum
1183 2633 1337 2695 Laterani
1363 2649 1423 2710 per
1455 2647 1589 2692 manum
1624 2631 1794 2708 Raynerii,

151 2729 532 2793 interdictisententiam
557 2727 851 2804 promulgaverint,
875 2727 946 2787 sive
1002 2732 1124 2794 sanctae
1140 2733 1298 2793 Romanae
1326 2729 1483 2792 Ecclesiae
1505 2726 1793 2800 vicecancellarii,

149 2829 252 2892 etiam
273 2828 308 2889 in
323 2825 548 2888 mercenarios
570 2827 698 2888 vestros
718 2839 778 2902 pru
792 2840 845 2892 eo,
860 2823 947 2900 quod
1001 2829 1156 2891 kalendis
1178 2828 1301 2900 martii,
1316 2825 1497 2888 indictione
1516 2825 1667 2902 septima,
1680 2825 1798 2886 Incar-

150 2927 238 2988 sicut
256 2925 379 2987 dictum
398 2925 460 2995 est,
484 2921 630 2984 decimas
649 2937 715 2983 ⁰⁰1¹
737 2919 945 2998 perimitis,
1001 2927 1146 2989 nationis
1161 2924 1342 2988 Dominicae
1361 2940 1449 2986 anno
1471 2919 1648 2984 millesimo
1673 2921 1800 2983 ducen-

150 3037 212 3086 seu
235 3023 347 3100 aliqua
377 3019 552 3084 (1008θὶ0Πο
572 3018 719 3090 illorum,
746 3033 820 3095 quae
843 3033 864 3078 a
887 3017 948 3079 be·
1001 3025 1119 3086 tesimo
1140 3021 1268 3085 decimo
1292 3035 1392 3093 nono,
1406 3017 1617 3098 pontificatus
1636 3035 1716 3082 vero
1734 3018 1797 3080 do-

151 3119 315 3198 nlgnitate
329 3118 423 3182 vobls
434 3116 623 3194 apostoliea
639 3117 716 3178 sunt
732 3113 871 3188 indulta,
888 3129 948 3178 seu
1001 3121 1084 3183 mini
1098 3120 1238 3184 lionorii
1250 3135 1344 3198 papae
1357 3117 1446 3180 tertii
1460 3133 1548 3178 anno
1563 3117 1674 3178 tertio.

150 3217 380 3280 benefactores
417 3215 545 3276 vestros
577 3229 636 3291 pro
660 3227 719 3285 ec,
746 3212 832 3290 quod
853 3209 947 3274 vobis

151 3316 264 3394 aliqua
288 3313 450 3376 beneficia
473 3312 527 3373 vel
554 3309 710 3388 obsequia
728 3325 771 3371 ex
785 3309 947 3372 charitate
1292 3267 1506 3356 CXXXVII

152 3411 379 3491 prostiterint,
395 3409 448 3472 vel
464 3409 505 3470 ad
522 3407 740 3470 laborandum
759 3407 948 3484 adjuverint
1022 3397 1074 3458 Ad
1094 3393 1352 3471 Martiarum
1369 3393 1526 3454 leimam
1548 3391 1772 3466 imperuim

151 3511 187 3571 tn
203 3509 270 3571 lllis
283 3508 399 3570 diebus
409 3508 446 3568 in
460 3505 579 3585 quibus
591 3521 650 3568 vos
660 3503 831 3574 laboratis,
846 3503 947 3566 etalii
1135 3490 1502 3565 ComlsslliithPOlitalll'
1517 3491 1668 3550 viduam·

151 3605 329 3678 feriantur,
343 3605 420 3676 etc,
437 3602 646 3664 decerminus
658 3600 833 3662 irritanda.
1300 3604 1408 3660 {mars
1422 3597 1501 3660 itit.

193 3707 280 3765 Sane
295 3717 369 3764 cum
384 3699 476 3763 locus
488 3701 598 3762 vester
617 3699 715 3774 longe
730 3698 774 3761 sil
785 3697 826 3759 ab
839 3697 949 3759 homi·-
1150 3699 1242 3767 [ποίει.
1257 3699 1342 3751 Codex
1354 3698 1471 3763 diplom„
1486 3697 1530 3757 111,
1546 3713 1563 3757 ι,
1574 3697 1641 3762 aaa]

152 3817 233 3862 num
274 3797 479 3860 habitatione
506 3797 671 3867 remotus,
702 3795 798 3857 vobis
825 3795 948 3872 pagina
1002 3801 1098 3874 ipsam
1113 3798 1149 3857 ad
1166 3813 1266 3872 preces
1285 3796 1407 3856 Andreoe
1432 3796 1511 3870 regis
1531 3795 1687 3870 hungarie
1709 3803 1801 3870 prote

153 3897 309 3976 praesenti
320 3893 542 3966 concedimus,
552 3878 669 3956 utcum
680 3892 836 3970 generale
848 3893 947 3954 terrae
1277 3885 1402 3962 gandam
1413 3885 1540 3958 suscipit.

153 3993 255 4056 tuerit
280 3991 504 4062 interdictum,
519 3990 619 4052 liceat
634 3987 728 4054 vobis
743 3991 843 4051 unius
858 4005 950 4050 cam·
1044 3987 1132 4049 Idem
1163 3985 1331 4047 Honorius
1364 3981 1621 4060 Margaritham,
1643 3984 1799 4047 'relictam

153 4107 250 4169 panae
271 4091 458 4168 pulsatione
474 4087 594 4150 iratres
614 4087 743 4149 vestros
755 4087 948 4164 competen·
1004 4084 1215 4161 imperatoris
1231 4080 1516 4158 Constantinopoli
1529 4079 1663 4142 viduam
1674 4080 1715 4141 ad
1728 4097 1801 4157 pre-

153 4187 241 4252 tibus
260 4187 354 4250 horis
372 4185 412 4248 de
426 4183 595 4248 laboribus
610 4185 652 4246 ad
672 4183 847 4246 ecclesiam
868 4199 950 4245 con·
1005 4195 1060 4243 ces
1087 4180 1229 4242 Andreae
1258 4179 1347 4253 regis
1375 4177 1556 4251 Hungariae
1584 4176 1644 4238 sub
1670 4177 1802 4254 protec-

152 4301 286 4348 vocare.
311 4287 381 4347 Hoc
399 4285 521 4354 autam,
536 4283 569 4344 et
589 4283 624 4345 in
640 4281 718 4344 aliis
733 4281 815 4344 lools
828 4281 949 4342 vestris
1003 4279 1094 4340 tione
1128 4276 1223 4338 Sedis
1260 4269 1458 4354 apostolicae
1492 4273 1642 4350 suscipit.
1681 4275 1800 4336 Datum

152 4382 366 4446 concedimus
390 4379 581 4451 observari,
605 4393 680 4456 quae
700 4395 719 4440 a
746 4377 946 4448 civitatibus,
1005 4373 1161 4436 Laterani
1181 4373 1248 4434 hal.
1266 4371 1388 4444 martii,
1412 4387 1502 4432 anno
1520 4369 1630 4433 tertio.
1647 4369 1798 4454 (Honos,

154 4481 273 4544 castris
294 4492 334 4541 ac
354 4477 439 4540 vicis
463 4477 547 4540 adeo
562 4476 773 4552 separantur,
795 4474 831 4538 ut
851 4473 949 4536 ineis
1004 4472 1061 4533 lib.
1077 4473 1133 4542 ill,
1151 4471 1172 4533 l.
1189 4485 1292 4532 nxvu.
1310 4469 1452 4541 Katona,
1468 4471 1493 4531 t.
1509 4467 1566 4548 V.)

153 4592 256 4641 sonus
280 4581 450 4654 campane
474 4573 596 4636 vestrae
616 4572 753 4634 minime
776 4571 947 4646 audiatur3

153 4677 195 4738 ad
210 4671 764 4747 haecomnibusregulamvestram
780 4671 948 4733 servanti·
1182 4749 1187 4760 Ι
1286 4620 1523 4708 ‘CXXXVIII
1590 4679 1592 4686 ’
1627 4747 1631 4756 Ι

153 4773 227 4844 bus,
246 4771 394 4833 laborem
418 4768 492 4830 loco
514 4767 778 4844 poenitentiaea
796 4771 951 4846 peccato-
1024 4749 1077 4808 Ad
1088 4747 1363 4820 milevim&
1377 4744 1411 4806 ei
1426 4747 1600 4818 ellim&
1620 4759 1656 4804 tn
1674 4757 1781 4852 ΝΜΟ

155 4883 229 4932 rum
258 4883 395 4930 suorum
418 4865 616 4928 remissione
630 4865 837 4942 injungimus
852 4879 948 4942 quem
1208 4843 1369 4904 Frallsstae
1381 4839 1594 4903 constitutos.

154 4971 190 5030 in
206 4969 279 5044 ipsa
294 4963 505 5028 observantia
529 4961 709 5041 patiuntur.
723 4961 825 5024 Vobis
839 4963 949 5023 autern
1293 4954 1314 5012 «l
1329 4960 1412 5012 mart.
1426 4953 1503 5010 iila.

155 5060 510 5141 tirmiterinjungimus
526 5060 562 5121 ut
573 5056 648 5121 sltis
660 5059 806 5125 contenti
819 5059 951 5121 statutis
1021 5059 1144 5126 [flectet.
1156 5059 1201 5111 ns.
1215 5057 1259 5118 m,
1273 5060 1348 5124 epus.
1360 5057 1416 5110 arc.
1427 5056 1486 5109 nu.
1499 5059 1536 5110 na
1547 5057 1625 5110 noas
1641 5057 1676 5110 uu
1690 5059 1784 5125 aneia]

151 5161 280 5240 regulae
291 5161 422 5231 vestm,
434 5157 540 5223 atnoe
550 5155 725 5236 privilegio
737 5157 876 5228 tantum,
889 5170 950 5218 nos
1005 5151 1123 5218 blandai
1141 5166 1172 5216 nt
1191 5159 1343 5236 assignent
1365 5157 1439 5215 bona
1464 5153 1579 5214 mobilia
1598 5163 1627 5214 et
1643 5157 1800 5216 immobilia

154 5259 246 5322 enim
266 5259 334 5321 alia
354 5254 543 5334 privilegia,
559 5253 869 5329 siveindulgeutias
889 5252 945 5314 de-
1038 5260 1105 5321 qua
1135 5244 1264 5305 obtinent
1289 5246 1369 5304 celle
1395 5245 1667 5304 Grandluoutenses
1700 5253 1799 5304 conus

154 5357 324 5421 cernimus
345 5363 411 5415 uon
437 5353 561 5414 tenore.
576 5346 790 5412 Decernimus
803 5363 898 5426 ergo,
915 5349 951 5412 ut
1040 5331 1220 5410 ‘immitit‘
1234 5337 1372 5394 instituta.

97 5474 104 5486 ·
154 5453 242 5518 nulli
256 5445 392 5515 oninino
407 5449 578 5512 hominum
593 5447 693 5510 liceat
708 5447 878 5524 praetatam
891 5447 952 5508 do-
1044 5444 1224 5516 dodonus,
1258 5444 1334 5515 etc,
1358 5442 1605 5505 venerabilibus
1642 5439 1800 5502 iratribus

155 5567 246 5616 mum
258 5553 383 5612 temere
394 5545 601 5625 perturbare,
616 5545 673 5606 aut
687 5548 759 5622 ejus
771 5543 952 5622 possessio·
1006 5540 1268 5619 archiepiscopis
1305 5543 1339 5603 et
1368 5540 1533 5619 episcopis
1566 5548 1626 5616 per
1661 5549 1800 5615 rectum

156 5665 217 5714 nes
242 5647 386 5718 auferre,
405 5645 457 5706 vel
473 5641 601 5706 ablatas
616 5643 772 5715 retinere,
787 5640 948 5714 minuere,
1006 5640 1157 5705 Francis
1179 5637 1377 5701 constitutis.
