4280 6404
318 330 390 403 333
949 333 1123 394 nononn
1146 333 1189 394 111
1212 336 1360 397 33333.
1914 339 1975 398 333

331 488 450 563 drinis,
469 491 609 554 salutem
631 491 663 553 et
682 491 899 569 apostolicam
920 489 1125 555 benedictio-
1180 493 1293 555 nostro
1319 494 1463 570 Hugonl,
1494 489 1662 556 llostiensi
1690 495 1865 572 episcope,
1896 497 1976 558 tunc

328 603 417 648 nem.
1173 592 1377 668 Ι3333131133
1393 591 1488 652 Sedis
1502 592 1622 667 legato,
1640 593 1716 653 dum
1732 607 1791 669 per
1803 607 1863 653 333
1879 593 1975 653 redi-

369 686 561 747 Devotionis
576 687 694 748 vestrae
707 686 835 748 litteras
851 688 989 764 paterna
1007 686 1125 762 benig·
1180 691 1248 748 tum
1264 687 1398 755 iaceret.
1416 688 1502 765 quod
1518 689 1686 765 superbis
1704 689 1827 750 uostris
1842 689 1976 752 staretis

328 783 432 844 nitate
454 784 649 860 recepimus,
672 785 705 845 et
730 800 844 844 earum
863 786 1012 846 tenorem
1029 799 1125 861 pros-
1178 784 1407 860 beneplacitis,
1425 787 1458 848 et
1481 786 1646 847 mandatis
1665 788 1890 862 jnramentum
1914 801 1977 846 ex-

327 881 480 957 ponimus
493 880 681 956 diligenter,
699 880 890 943 fidelitatem
906 884 1049 943 vestram
1070 881 1123 942 di·
1179 883 1349 954 biberetis
1368 885 1401 944 et
1422 883 1513 944 mille
1532 883 1693 944 librarum
1716 883 1876 944 Lucensis
1898 899 1974 944 mo-

326 978 401 1054 gnis
428 977 463 1038 in
489 978 629 1039 Domino
659 977 812 1039 laudibus
843 980 1121 1050 commendantes,
1179 980 1265 1041 natae
1280 979 1521 1056 fideiussoriam
1536 979 1723 1042 cantionem
1739 979 1925 1051 solveretis,
1943 981 1977 1042 31

326 1075 411 1154 quod
426 1091 486 1136 vos
500 1076 657 1152 tanquam
677 1076 797 1146 devoti,
819 1077 852 1137 et
873 1075 986 1138 fideles
1010 1076 1124 1138 Eoole-
1177 1079 1225 1147 tn,
1238 1075 1286 1137 1111
1301 1077 1461 1153 33133133,
1476 1077 1608 1138 nomine
1618 1077 1803 1152 Fulginatis
1813 1078 1973 1150 civitatis,

325 1173 384 1234 siae
394 1175 552 1234 Romanae
566 1171 627 1233 filii
643 1173 867 1236 committatis.
886 1176 992 1250 Super
1006 1189 1045 1234 eo
1058 1173 1124 1249 igi·
1179 1175 1313 1250 propter
1326 1175 1388 1234 boc
1404 1174 1517 1235 nostro
1532 1174 1564 1235 te
1579 1173 1768 1250 conspectui
1780 1176 1977 1250 praesentas·

324 1271 378 1332 tur
395 1269 481 1348 qnod
499 1270 621 1331 nostrae
640 1270 821 1332 voluntatis
849 1271 935 1332 seire
959 1269 1122 1347 benepla-

325 1367 426 1428 citum
444 1368 586 1444 petistis,
603 1368 713 1428 utrum
727 1369 882 1430 videlicet
899 1383 960 1428 nos
982 1367 1123 1430 velimus

324 1479 399 1525 cum
419 1464 494 1525 aliis
516 1465 633 1526 amieis
648 1465 769 1526 vestris
789 1466 829 1526 de
844 1463 1044 1526 Lornbardia
1065 1481 1124 1526 ca·

324 1561 457 1623 31331333
482 1562 516 1622 13
541 1562 672 1623 Christo
701 1562 770 1624 tilio
797 1563 910 1624 nostro
933 1561 1120 1634 Frederico,

323 1658 446 1720 illustri
459 1659 531 1734 regi
545 1659 679 1730 Siciliae,
692 1660 727 1720 in
740 1661 964 1720 Romanorum
977 1660 1124 1735 impera-

323 1754 428 1816 torem
450 1755 567 1824 electo,
585 1753 754 1816 fidelitatis
770 1754 997 1831 juramentum
1017 1770 1123 1830 praes·

324 1851 408 1924 tare,
445 1853 475 1912 si
508 1851 550 1912 ab
586 1867 625 1912 eo
658 1849 788 1912 fueritis
823 1849 992 1928 requisiti,
1027 1851 1122 1912 vobis

286 1999 292 2016 ,
323 1949 478 2010 duximus
491 1948 710 2026 praesentibus
725 1947 959 2010 intimandnm.
980 1949 1071 2019 Quod
1093 1949 1123 2010 si

323 2047 383 2108 alii
407 2047 497 2106 cives
522 2045 728 2106 Lombardiaa
751 2046 839 2106 dicto
861 2045 932 2120 regi
953 2044 1122 2106 fidelitatis

324 2143 540 2220 praestiterint
551 2143 753 2219 juramenta,
769 2142 973 2203 sustinemus
984 2141 1025 2204 ad
1036 2157 1123 2217 praa-

324 2255 401 2300 sens
420 2255 478 2316 pro
496 2254 577 2316 pace
596 2241 719 2300 vestra.
735 2239 770 2300 nt
784 2238 812 2297 si
825 2237 873 2298 ab
893 2253 932 2298 eo
954 2238 1026 2314 ipso
1044 2253 1122 2312 rege

324 2335 456 2398 13331113
476 2335 640 2412 333313111,
658 2335 778 2413 juretis
803 2335 921 2407 eidem,
940 2333 1042 2396 salvis
1066 2335 1121 2394 ta-

325 2449 400 2496 men
423 2433 459 2492 13
488 2432 640 2493 omnibus
667 2431 895 2503 fidelitate,'ac
911 2433 987 2508 jnre
1009 2445 1123 2491 sacro-

326 2531 449 2592 sanctae
462 2532 620 2591 Romanae
637 2529 793 2590 Ecclesiae
809 2528 924 2589 matris
935 2527 1068 2589 nostras.

366 2628 484 2689 Datum
506 2627 684 2698 Reoanate,
710 2627 756 2687 XI
783 2625 944 2687 kalendas
972 2629 1121 2701 septem-

326 2723 407 2798 bris,
425 2740 512 2787 anno
528 2725 657 2804 quarto.

347 3011 625 3085 annotatorem,
646 3012 862 3072 consiliemus
885 3009 919 3070 31
938 3013 1102 3084 populum

619 3108 829 3183 Flucticolae.

582 3221 617 3278 io
645 3221 759 3294 augusti
786 3217 864 3278 1119.

392 3327 496 3392 [bullar.
516 3329 634 3384 Roman..
646 3325 705 3376 adit.
724 3328 811 3386 Tuon,
820 3327 862 3384 lll,
872 3341 897 3390 p.
910 3325 966 3384 361,
974 3340 999 3374 3.
1010 3325 1062 3390 dd]

327 3424 877 3498 133311311333333313331313133331
893 3438 909 3481 a
926 3423 1124 3496 Fulginatibus

363 3521 461 3571 contre
482 3513 640 3571 libertatem
665 3512 890 3569 ecclesiasticam
915 3512 1066 3580 aditorum,
1090 3525 1124 3568 ao

365 3601 502 3659 relaxatio
524 3601 730 3658 sententiarum
754 3608 851 3658 eontra
871 3599 1037 3657 eorumdem
1060 3592 1121 3657 iau-

365 3699 451 3747 tores.

369 3798 733 3876 Honorinsepiscopus,
744 3807 860 3860 servus
872 3796 1122 3870 servorumltei,

329 3895 459 3958 dilectis
485 3897 575 3969 tiliis,
593 3897 759 3974 potestati,
777 3895 989 3968 consiliariis,
1010 3897 1043 3958 et
1062 3910 1124 3972 po·-

329 3993 408 4073 pulo
423 3993 663 4072 Fulginatibns,
690 3994 830 4055 salutem
854 3994 887 4055 31
908 3991 1124 4069 apostolicam

330 4092 605 4155 benedictionem.

300 4267 306 4277 Ι
371 4191 520 4252 Romana
546 4188 693 4250 Ecclesia
713 4205 786 4266 quae
812 4188 902 4249 illius
927 4187 1124 4263 exemplos

331 4303 395 4365 qno
417 4287 645 4362 magisterium
670 4284 796 4347 obtinet
816 4287 849 4347 et
872 4284 1060 4362 primatum,
1090 4283 1125 4346 in

331 4384 401 4447 suis
425 4382 582 4444 membris
606 4382 795 4453 offenditur,
818 4383 850 4443 et
869 4380 1037 4443 contemni
1052 4396 1125 4441 eam

332 4479 471 4555 contigit
497 4482 530 4540 et
553 4478 676 4555 sperni,
693 4477 839 4538 dolorem
863 4492 1025 4538 excausa
1046 4493 1127 4537 con-

332 4578 476 4654 ceperat,
494 4592 567 4638 eum
587 4590 646 4636 vos
673 4573 854 4635 membrum
875 4577 946 4650 eJ'us
972 4573 1127 4634 videlicet

330 4675 599 4751 Fulginatensem
614 4672 791 4733 ecclesiam
805 4670 1000 4747 ignominia,
1009 4672 1042 4732 et
1052 4685 1128 4730 con·

332 4773 463 4834 lusione
476 4769 652 4848 replentes
669 4769 792 4831 statuta
807 4767 957 4845 quaedam
970 4769 1005 4828 in
1021 4767 1126 4845 ipsius

333 4869 581 4932 subversionem
592 4867 736 4930 feceritis
747 4865 909 4928 libertatis
927 4887 934 4926 ι
948 4866 981 4929 31
995 4867 1127 4944 quidem

333 4983 408 5029 cum
434 4981 507 5028 esse
536 4965 650 5026 sciatis
684 4963 834 5025 eamdem
858 4963 1127 5040 Fulginatensem

333 5064 509 5128 ecclesiam
525 5063 663 5123 matrem
678 5062 834 5133 vestram,
849 5077 868 5122 a
882 5065 976 5139 cujus
998 5060 1126 5135 magis-

333 5162 419 5225 terio
434 5162 563 5222 animas
585 5175 652 5220 non
676 5159 821 5220 eximitis
843 5157 1037 5234 corporibus
1050 5157 1127 5232 dig-

334 5262 458 5332 niores,
482 5257 666 5320 cavendum
687 5257 781 5317 vobis
810 5258 918 5318 fuerat
944 5270 985 5315 ne
1009 5253 1125 5331 ipsam,

334 5373 408 5436 quae
419 5355 576 5416 sacrivos
587 5353 796 5430 regeneravit
810 5352 895 5414 unda
908 5347 1126 5427 baptismatis,

335 5459 369 5516 et
384 5457 478 5532 cujus
500 5451 580 5514 estis
595 5450 716 5512 eruditi
736 5449 897 5520 doctrina,
915 5448 1047 5510 statutis
1063 5447 1127 5507 lio-

335 5554 462 5615 minum
474 5548 669 5612 subderetis.
688 5550 791 5609 Porro
802 5563 876 5606 cum
898 5545 1054 5607 sicuttuit
1070 5561 1130 5606 33-

336 5649 387 5710 113
414 5650 554 5726 desuper
585 5646 782 5723 inspiratum
819 5641 1001 5706 venerabili
1035 5641 1129 5702 tratri

1178 1286 1242 1342 ses,
1253 1287 1313 1330 nos
1329 1270 1390 1332 snb
1401 1270 1666 1332 dissimulatione
1676 1271 1843 1333 sustinere
1852 1271 1975 1332 uolen-

1178 1366 1366 1440 tes,divinis
1378 1366 1550 1428 obviantia
1564 1367 1726 1430 institutis
1737 1368 1773 1428 in
1784 1367 1977 1429 subversio-

1178 1481 1253 1526 nem
1274 1463 1437 1525 libertatis
1463 1464 1701 1524 ecclesiasticae
1723 1465 1895 1537 attentata,
1916 1481 1976 1541 per

1178 1578 1250 1638 333
1266 1562 1451 1623 maternum
1469 1561 1706 1637 persequimini
1728 1563 1856 1623 uterum
1877 1562 1974 1622 exis-

1176 1661 1283 1722 tentes
1294 1657 1536 1719 maledictionis
1547 1658 1650 1718 1111131
1664 1657 1800 1730 doloris,
1811 1659 1902 1735 leges
1913 1658 1975 1719 ini-

1177 1771 1259 1833 quas
1283 1757 1316 1817 31
1338 1756 1460 1817 3131313
1479 1754 1597 1816 11113113
1617 1757 1817 1832 praesumpta
1837 1771 1974 1833 parvos

1178 1853 1294 1914 contra
1321 1852 1589 1930 jurisdictionem
1625 1853 1659 1913 31
1687 1851 1847 1914 honorem
1879 1853 1974 1914 Sedis

1178 1948 1385 2026 apostolice,
1414 1963 1453 2010 ac
1477 1947 1740 2009 ecclesiasticam
1774 1948 1971 2020 libertatem,

1178 2044 1301 2108 eumad
1310 2060 1363 2107 333
1373 2044 1618 2107 33313313311333
1628 2045 1844 2108 extenderitis
1855 2061 1974 2106 manus

1178 2144 1316 2214 vestras,
1333 2141 1508 2218 dequibus
1533 2142 1634 2202 nullis
1653 2142 1750 2203 laicis
1774 2142 1972 2220 disponendi

1177 2238 1342 2315 reperitur
1365 2239 1525 2300 attributa
1542 2237 1694 2311 13331133,
1709 2241 1840 2316 3331133
1852 2240 1971 2301 irrita-

1177 2352 1250 2396 mus
1274 2351 1313 2396 ea
1338 2335 1408 2397 1333
1432 2351 1538 2409 33333,
1560 2338 1593 2397 31
1611 2336 1724 2398 inania
1744 2337 1970 2399 decernentes.

1177 2433 1339 2505 Quocirca
1354 2432 1567 2510 praesentium
1584 2433 1676 2494 vobis
1696 2435 1893 2497 auctoritate
1913 2435 1974 2496 sub

1178 2531 1325 2610 eiusdem
1338 2530 1647 2607 debitoJuramenti,
1659 2531 1693 2592 et
1707 2530 1864 2608 praedicta
1873 2547 1973 2608 poena

1178 2629 1325 2691 districte
1348 2627 1568 2704 praecipiendo
1587 2627 1792 2697 mandamns,
1809 2632 1971 2704 quatenus

1178 2727 1266 2787 diota
1287 2727 1421 2796 statuta,
1434 2738 1572 2801 qnorum
1586 2725 1788 2801 transcripta
1803 2725 1896 2786 vobis
1911 2724 1973 2786 sub

1177 2823 1268 2884 bulla
1281 2823 1396 2884 nostra
1408 2821 1662 2883 transmittimus
1684 2821 1877 2893 introclusa,
1898 2821 1974 2882 ubi-

1178 2935 1317 2998 cumque
1344 2919 1467 2996 scripta
1490 2918 1623 2988 luerint,
1641 2917 1820 2991 abradatis,
1839 2919 1972 2980 313133-

1178 3017 1298 3079 truatis
1312 3015 1457 3087 omnino,
1474 3029 1515 3076 aa
1526 3015 1617 3076 nullo
1627 3016 1776 3090 tempore
1791 3014 1975 3076 observan-

1178 3116 1239 3187 tes,
1254 3118 1287 3177 et
1299 3113 1422 3174 similia
1437 3113 1478 3174 de
1492 3113 1614 3174 caetero
1634 3127 1701 3172 333
1725 3110 1857 3183 1331331,
1875 3111 1908 3173 31
1932 3111 1973 3172 ad

1179 3213 1242 3274 boc
1268 3213 1375 3288 ipsum
1392 3209 1579 3288 potestates,
1598 3210 1631 3270 et
1656 3207 1810 3269 consules
1828 3209 1973 3281 vestros,

1179 3310 1234 3388 qui
1249 3326 1308 3387 pro
1321 3311 1469 3386 tempore
1484 3306 1617 3373 inerint.
1630 3306 1814 3383 juramenti
1839 3305 1975 3367 vinculo

1178 3407 1401 3484 astringentes
1422 3405 1455 3466 id
1482 3405 1570 3481 poni,
1598 3405 1633 3465 31
1659 3403 1823 3464 contineri
1844 3417 1976 3480 semper

1179 3505 1214 3566 in
1229 3503 1349 3566 3331313
1364 3500 1655 3564 constitutionibus
1677 3498 1818 3571 13313113,
1844 3499 1872 3560 31
1894 3499 1974 3576 qnid

1179 3602 1279 3664 etiarn
1291 3600 1413 3678 praeter
1427 3599 1499 3660 baee
1513 3597 1624 3669 luerit,
1646 3596 1732 3674 quod
1753 3595 1894 3661 forsitan
1914 3612 1975 3658 oc-

1179 3698 1341 3769 cultastis,
1359 3696 1550 3758 redundans
1566 3695 1600 3756 iu
1613 3693 1779 3755 libertatis
1797 3693 1976 3754 ecclesias-

1178 3793 1253 3855 ticae
1264 3791 1509 3859 detrimentum,
1527 3787 1975 3862 iaciatissimiliteraboleri3

1179 3890 1265 3968 qnod
1281 3888 1432 3958 3133333,
1449 3887 1534 3965 quod
1549 3901 1616 3947 non
1636 3885 1813 3956 credimus,
1830 3885 1977 3960 ageretis

1180 3985 1409 4066 praesumendo
1433 3984 1556 4044 similia
1582 3981 1703 4055 133333,
1729 3983 1788 4046 aut
1815 3982 1977 4059 predicta

1179 4098 1360 4154 resumere,
1375 4081 1428 4142 vel
1445 4095 1590 4152 servare,
1608 4095 1722 4141 omnes
1730 4079 1872 4151 actores
1889 4094 1974 4141 con-

1180 4183 1364 4252 siliatores,
1392 4179 1426 4241 31
1454 4177 1683 4240 observatores
1709 4192 1824 4238 eorum
1853 4177 1977 4253 praeter

1180 4277 1319 4358 perjurii
1334 4278 1476 4348 reatum,
1492 4276 1525 4338 et
1539 4289 1645 4352 poenae
1667 4273 1851 4350 periculum
1873 4288 1976 4350 supe-

1180 4378 1251 4438 rius
1272 4375 1452 4446 annotatae,
1478 4372 1677 4436 sententiam
1703 4368 1977 4432 excommunica-

1181 4474 1282 4536 tionis
1305 4471 1489 4541 incurrant,
1506 4471 1538 4531 et
1553 4483 1659 4539 cassa,
1676 4468 1708 4529 et
1731 4467 1827 4528 irrita
1852 4467 1977 4528 statuta

1181 4585 1254 4648 quae
1270 4569 1420 4640 fecerint,
1436 4567 1489 4630 331
1509 4565 1762 4642 resumpserint,
1778 4562 1975 4624 habeantur.

1182 4668 1266 4739 Quia
1290 4681 1369 4728 vero
1393 4663 1615 4726 dissolvendae
1641 4662 1718 4723 sunt
1744 4660 1977 4736 colligationes

1182 4763 1373 4841 impietatis,
1388 4763 1421 4823 et
1446 4758 1596 4822 fasciculi
1611 4757 1829 4834 deprimendi,
1851 4772 1894 4818 ne
1916 4756 1978 4818 snb

1181 4859 1346 4922 velamine
1361 4855 1690 4936 praestitiJuramenti
1705 4871 1725 4916 a
1744 4854 1836 4916 vobis
1851 4854 1891 4915 de
1907 4869 1979 4916 ser-

1182 4956 1299 5020 vandis
1313 4956 1445 5018 statutis
1458 4954 1593 5032 iniquis,
1615 4953 1702 5029 quod
1726 4951 1836 5028 potius
1859 4954 1976 5028 perju-

1182 5055 1269 5116 rium
1292 5054 1341 5116 est
1357 5052 1542 5122 dicendum,
1569 5049 1703 5126 possitis
1729 5047 1978 5110 excusationem

1183 5165 1353 5213 assumere
1375 5149 1410 5209 iu
1436 5147 1596 5226 peceatis;
1612 5162 1674 5208 nos
1694 5144 1775 5206 illud
1789 5159 1929 5220 vergens
1941 5145 1977 5204 in

1183 5250 1369 5312 vestrarum
1383 5246 1569 5308 animarum
1585 5241 1806 5320 dispendium,
1821 5239 1981 5302 relaxan-

1184 5349 1232 5408 tes
1246 5361 1304 5407 vos
1317 5344 1358 5405 ad
1372 5337 1977 5420 3133133331333333113331333133311,

1184 5460 1203 5506 a
1219 5458 1282 5521 quo
1295 5442 1486 5504 nuntiamus
1499 5439 1629 5516 penitus
1643 5437 1824 5506 absolutos,
1839 5433 1980 5496 dicimus

1185 5557 1251 5602 uon
1265 5539 1382 5602 teneri.
1405 5538 1562 5599 Volumus
1577 5535 1688 5606 etiam,
1706 5531 1904 5594 auctoritate
1921 5547 1981 5592 33-

1185 5639 1234 5700 bis
1257 5636 1469 5714 praesentium
1503 5633 1562 5693 snb
1591 5631 1700 5692 debito
1720 5630 1859 5706 praestiti
1880 5632 1980 5705 jnra-
