4248 6410
1874 333 1933 392 dea

298 335 357 396 663
913 333 1087 395 HONORII
1109 334 1154 394 111
1175 335 1321 396 OPERA.

299 491 418 564 dimus,
433 491 534 554 luerit
552 492 757 564 attentatum,
775 491 921 552 eamdem
937 491 1088 553 volumus
1142 491 1226 552 riam
1249 490 1369 551 babeat
1390 491 1593 566 malignandi
1614 491 1666 552 vel
1690 489 1934 567 quomodolibet

300 590 498 650 sententiam
524 604 589 650 non
619 590 743 650 tenere.
769 590 887 648 Datum
922 589 1087 659 Laterani,
1142 589 1233 664 ipsos
1260 587 1374 648 contra
1403 587 1568 662 justitiam
1604 585 1812 657 molestandi,
1840 585 1934 646 vobis

248 669 250 680 ’
300 686 359 745 XV
371 685 438 746 kal.
455 684 626 757 februarii,
643 684 853 762 pontificatus
874 685 979 746 nostri
1001 699 1089 746 anno
1144 698 1203 760 per
1229 683 1418 760 apostolica
1443 683 1567 760 scripta
1593 683 1788 743 mandamus
1812 683 1845 743 et
1865 682 1934 742 dis-

301 780 425 856 quinto.
1143 781 1240 842 tricte
1257 780 1476 857 praecipimus,
1493 780 1655 856 quatenus
1671 778 1822 840 omnibus
1836 795 1935 854 paro-

1144 877 1273 938 chianis
1290 876 1411 938 vestris
1430 875 1626 936 auctoritate
1647 874 1836 950 apostolica
1858 891 1935 950 pro-

1144 971 1259 1032 hibere
1274 972 1408 1042 curetis,
1422 987 1464 1032 ne
1479 987 1497 1032 a
1514 972 1706 1032 memoratis
1721 970 1880 1032 fratribus
1895 970 1935 1031 de

1145 1067 1329 1140 novalibus,
1346 1069 1397 1129 vel
1418 1069 1494 1128 aliis
1515 1069 1614 1129 terris
1630 1069 1703 1144 post
1717 1067 1840 1128 dictum
1855 1069 1936 1128 Con-

593 1166 628 1222 18
639 1165 699 1236 jan.
715 1167 794 1224 1111.
1145 1165 1258 1226 cilium
1284 1165 1468 1241 acquisitis,
1499 1179 1581 1240 quas
1608 1164 1752 1240 propriis
1782 1163 1933 1224 manibus

483 1269 617 1334 [semilis
630 1271 648 1320 1.
659 1285 691 1328 o..
702 1271 793 1335 pnes,
804 1269 908 1334 13111]
1145 1262 1197 1324 vel
1211 1261 1395 1337 sumptibus
1408 1261 1576 1331 excolunt,
1592 1276 1650 1320 seu
1668 1260 1708 1320 de
1725 1259 1935 1321 nutrimentis

299 1377 383 1436 veru
404 1375 440 1433 an
462 1376 568 1433 ordina
587 1377 753 1434 ruentum
775 1377 924 1434 novennes
947 1375 991 1431 ver
1009 1376 1091 1432 verra
1144 1358 1339 1418 animalium
1352 1357 1699 1427 suorumnullatenus
1712 1355 1936 1418 decimasexi·

336 1473 400 1536 post
413 1465 568 1522 concilium
589 1465 743 1536 acquisitis,
760 1478 832 1535 quas
851 1463 952 1520 iratres
970 1465 1090 1535 propriis
1144 1469 1223 1530 gere
1245 1455 1298 1516 vel
1326 1455 1524 1530 extorquere
1550 1455 1762 1530 praesumant.
1791 1455 1877 1514 Nam
1905 1455 1934 1514 si

335 1559 384 1610 aut
407 1553 539 1610 manibus
564 1559 613 1610 aut
637 1553 796 1626 sumptibus
824 1553 935 1620 colunt,
965 1551 1091 1608 decimus
1145 1551 1186 1612 de
1201 1549 1374 1611 novalibus
1392 1549 1693 1612 tantumvellemus
1713 1548 1866 1624 intelligi,
1880 1549 1937 1610 uhi

335 1639 422 1712 exigi.
1145 1648 1298 1724 ponimus
1317 1647 1357 1706 de
1379 1645 1559 1718 laboribus,
1576 1647 1617 1708 de
1640 1645 1815 1706 novalibus
1834 1660 1937 1723 pone-

339 1747 507 1808 Honorius
518 1747 702 1824 episcopus,
715 1763 830 1808 servus
839 1762 1009 1808 servorum
1019 1747 1089 1818 bei,
1144 1759 1266 1805 remus.
1289 1743 1372 1815 Quia
1395 1757 1474 1804 vero
1498 1759 1564 1804 non
1586 1743 1636 1804 est
1659 1743 1862 1804 conveniens
1882 1742 1937 1804 vel

299 1840 547 1920 venerabilibus
587 1843 746 1904 iratribus
777 1840 1000 1920 [patriarchis]
1030 1841 1088 1919 (1),
1145 1840 1331 1910 honestum,
1351 1841 1520 1903 utcontra
1540 1839 1661 1902 statuta
1686 1839 1781 1900 Sedis
1802 1840 1937 1916 Aposto-

300 1937 559 2015 archiepiscopis
578 1942 612 2001 et
630 1939 806 2016 episcopis,
823 1939 856 1999 et
870 1938 998 1999 dilectis
1014 1938 1091 1998 liliis
1146 1937 1219 1998 licae
1235 1937 1399 2008 veniatur,
1414 1952 1487 2013 quae
1505 1935 1654 1998 obtinere
1674 1935 1795 1998 debent
1814 1935 1934 1997 immo-

300 2033 484 2106 abbatibus
494 2035 672 2110 prioribus,
685 2035 942 2106 archidiaconis,
958 2034 1091 2095 decanis
1146 2034 1245 2094 bilem
1269 2033 1469 2105 firmitatem,
1492 2033 1686 2094 mandamus
1711 2032 1805 2095 vobis
1833 2033 1939 2094 tirmi-

299 2131 333 2190 et
354 2130 429 2192 aliis
453 2130 668 2192 ecclesiarum
691 2131 850 2207 praelatis,
872 2131 912 2190 ad
930 2146 1012 2206 quos
1035 2130 1093 2191 lit·
1145 2132 1261 2206 terque
1297 2130 1519 2207 praecipimus,
1548 2132 1594 2202 ut,
1625 2131 1654 2190 si
1686 2129 1743 2206 qui
1772 2129 1936 2201 canonici,

299 2225 380 2286 terae
396 2227 468 2287 istae
490 2227 712 2302 pervenerint,
730 2227 870 2287 salutem
885 2226 918 2286 et
933 2227 1093 2303 apostoli·
1146 2226 1270 2298 clerici,
1291 2226 1444 2287 monachi
1458 2227 1511 2286 vel
1528 2227 1607 2286 laici
1624 2227 1738 2288 contra
1762 2225 1938 2302 privilegia

301 2335 374 2384 cam
388 2321 662 2384 benedictionem.
1147 2323 1241 2384 Sedis
1255 2323 1450 2398 Apostolicae
1475 2323 1649 2399 praedictos
1671 2323 1873 2383 decimarum
1894 2321 1935 2382 de

252 2437 254 2444 ’
341 2420 424 2491 Quia
448 2421 642 2497 plerumque
663 2421 814 2482 veritatis
839 2420 1013 2496 integritas
1033 2435 1093 2496 per
1147 2417 1332 2488 novalibus,
1359 2417 1412 2478 vel
1436 2419 1536 2479 terris
1560 2418 1738 2494 praedictis,
1764 2417 1938 2479 exactione

301 2517 462 2578 minorem
475 2517 728 2593 intelligentiam
742 2519 799 2579 aut
810 2518 970 2578 malitiam
984 2517 1093 2578 homi·
1146 2515 1369 2591 gravaverint,
1384 2515 1572 2586 canonicos,
1588 2515 1726 2576 clericos
1742 2515 1812 2574 sive
1827 2529 1939 2576 mona·

301 2630 379 2674 num
399 2613 609 2692 depravatur,
627 2631 694 2676 non
708 2615 841 2676 videtur
858 2615 1091 2688 incongruum,
1147 2611 1238 2682 cbos,
1266 2612 1527 2673 contradictione
1555 2612 1588 2672 et
1620 2611 1842 2688 appellatione
1866 2625 1939 2672 ces-

301 2711 330 2770 si
354 2727 405 2782 ea,
426 2727 498 2788 quae
524 2727 591 2772 non
614 2711 789 2773 manifesta
816 2712 904 2772 dicta
926 2711 1090 2781 videntur,
1147 2710 1253 2779 sante,
1270 2708 1357 2770 sicut
1375 2707 1943 2784 1111111111111,11011110111111-Ι

300 2807 342 2868 ad
356 2823 486 2869 omnem
498 2807 724 2883 ambiguitatis
738 2808 927 2884 scrupulum
941 2823 1093 2868 amoven·
1147 2805 1250 2866 missa
1265 2804 1306 2865 ab
1322 2805 1431 2866 cilicio
1446 2805 1668 2880 suspendatis,
1681 2804 1786 2866 laicos
1800 2819 1938 2866 excom-

300 2905 378 2965 dum
395 2905 580 2966 evidentius
594 2907 854 2981 exponemuset
868 2904 1092 2966 turbatoribus
1147 2900 1380 2961 muricationis
1404 2900 1565 2960 sententia
1595 2899 1794 2975 percellatis,
1817 2901 1850 2960 et
1870 2899 1938 2959 tam

300 3003 450 3063 veritatis
479 3001 586 3062 omnis
621 3001 792 3062 auferatur
820 3001 1092 3062 contradictionis
1147 2997 1499 3057 excommunicationis
1512 3012 1610 3072 quam
1625 2996 1852 3072 suspensionis
1866 3009 1942 3056 sen·

300 3099 442 3171 occasio,
460 3099 622 3176 quatenus
637 3115 687 3170 ea,
705 3115 778 3175 quae
793 3098 881 3158 dicta
896 3099 983 3168 sunt,
1001 3097 1092 3158 nulla
1147 3093 1285 3154 tentiam
1301 3093 1431 3154 faciatis
1454 3093 1612 3169 usquead
1634 3093 1768 3168 dignam
1785 3091 1941 3154 satisfac-

300 3196 435 3258 valeant
464 3193 716 3259 obumbratione
737 3195 874 3256 fuscari.
897 3195 1092 3271 Accepimus
1147 3190 1269 3251 tionem
1294 3189 1531 3250 inviolabiliter
1550 3189 1731 3260 observari,
1753 3190 1845 3250 salva
1867 3205 1943 3249 111-

299 3295 421 3364 autem,
438 3293 536 3369 quod,
553 3309 627 3354 cum
647 3292 776 3353 dilectis
796 3291 911 3352 liliis...
933 3292 1091 3365 magistro
1148 3287 1318 3348 deratione
1337 3286 1476 3348 Consilii
1497 3285 1739 3360 generalised
1761 3286 1832 3347 baec
1845 3285 1939 3347 vobis

300 3390 500 3452 etlratribus
514 3391 628 3450 domus
639 3389 820 3465 Hospitalis
835 3391 964 3450 Sanctae
978 3389 1092 3448 Mariae
1147 3385 1360 3460 praesentium
1393 3384 1590 3444 alletoritate
1618 3383 1817 3444 mandamus
1840 3384 1940 3459 atque

300 3485 1092 3562 Γ111111011111111Η111110111111111(1111111111
1147 3481 1369 3557 praecipimus,
1387 3481 1561 3556 quatenus,-
1577 3479 1605 3539 si
1624 3480 1698 3555 quis
1716 3480 1748 3540 in
1766 3480 1941 3556 praedictos

299 3583 558 3655 concedendum,
582 3585 618 3644 ut
639 3583 678 3643 de
704 3583 887 3654 laboribus,
911 3599 993 3659 quos
1015 3597 1094 3658 pro·
1147 3577 1267 3638 iratres
1289 3592 1406 3637 manus
1421 3577 1583 3638 violentas
1607 3576 1778 3653 injecerit,
1794 3591 1871 3636 eum
1888 3591 1941 3638 ac·

300 3681 382 3757 priis
406 3680 559 3741 manibus
578 3680 631 3741 vel
656 3680 840 3756 sumptibus
863 3679 1029 3750 excolunt,
1053 3677 1092 3738 de
1148 3675 1255 3736 censis
1275 3673 1422 3734 candelis
1445 3673 1512 3734 tam
1529 3672 1585 3732 diu
1606 3671 1945 3734 sicutexeommum·

648 913 744 1000 dcv

588 1047 641 1106 Ad
654 1048 800 1108 eosdem.
903 1065 905 1070 ·

300 3778 565 3855 possessionibus
578 3777 701 3840 habitis
713 3778 790 3838 ante
801 3776 983 3837 Concilium
996 3789 1093 3850 geue·
1147 3773 1256 3832 catum
1281 3768 1411 3847 publice
1434 3769 1594 3831 nuntietis
1616 3772 1648 3831 et
1666 3768 1796 3831 faciatis
1811 3769 1853 3829 ab
1868 3784 1948 3829 om·

299 3875 370 3937 rale
404 3875 530 3944 nemini
558 3875 703 3936 decimas
739 3875 869 3934 solvere
904 3873 1090 3944 teneantur,
1147 3868 1244 3927 uibus
1264 3867 1393 3928 cautius
1411 3867 1540 3936 evitari,
1557 3864 1661 3928 donec
1678 3881 1823 3941 congrue
1839 3865 1942 3927 satis-

175 4035 176 4040 ,
300 3970 432 4048 quidam
448 3971 489 4032 ab
504 3972 553 4034 eis
573 3971 790 4032 nibilominus
807 3971 881 4046 post
895 3967 1093 4030 celebratio·
1147 3963 1248 4025 iaciat
1274 3963 1439 4040 praedictis
1467 3962 1637 4034 iratribus,
1659 3965 1691 4024 et
1719 3979 1792 4023 cum
1820 3962 1940 4023 litteris

299 4086 375 4130 nem
386 4070 553 4145 generalis
565 4069 715 4139 Consilii,
726 4067 842 4128 contra
852 4065 1092 4141 indulgentiam
1147 4060 1326 4122 dioecesani
1346 4060 1492 4136 episcopi
1511 4059 1560 4120 rei
1575 4060 1748 4120 veritatem
1764 4059 1942 4120 continen-

299 4167 614 4242 sedisapostolicae,
628 4163 1002 4241 decimasdepraedictis
1015 4177 1095 4239 pos·
1147 4157 1234 4218 tibus
1249 4151 1438 4232 apostolico
1453 4171 1489 4216 se
1504 4157 1694 4231 conspectui
1712 4156 1938 4232 repraesentet

253 4333 256 4348 ¹
299 4264 503 4326 sessionibus
525 4263 661 4338 exigere
682 4277 721 4323 ac
743 4263 943 4337 extorquere
965 4275 1093 4336 praesu-
1148 4255 1265 4315 Datum
1279 4253 1445 4323 Laterani,
1463 4254 1521 4314 XV
1534 4252 1601 4313 kal.
1619 4252 1790 4323 februarii,
1808 4251 1943 4328 ponun-

299 4362 402 4432 munt‚
424 4376 464 4420 ac
483 4376 586 4436 prava
607 4363 640 4421 et
664 4359 799 4419 sinistra
822 4356 1093 4432 interpretatione
1148 4352 1242 4412 catus
1257 4349 1362 4411 nostri
1377 4365 1464 4410 anno
1481 4349 1605 4425 quinte.

298 4457 480 4534 apostolici
493 4456 659 4533 privilegii
673 4455 854 4531 capitulum
868 4453 1092 4529 pervertentes

300 4556 455 4618 asserunt
469 4555 510 4615 de
532 4553 708 4614 novalibus
724 4551 843 4612 debere
866 4549 1019 4625 intelligi,
1037 4548 1092 4610 ubi
1483 4507 1599 4594 GGW

299 4654 449 4714 noscitur
470 4651 510 4712 de
527 4649 697 4712 laboribus
715 4663 789 4708 esse
811 4648 980 4724 scriptum.
1005 4648 1094 4716 Quo·
1161 4641 1435 4716 semenstrem
1448 4640 1637 4714 Hospitalis
1650 4641 1787 4701 Sartctoe
1798 4641 1929 4700 Marica

299 4751 390 4810 niam
414 4746 750 4824 igitur-manifestum
772 4745 823 4806 est
846 4742 1010 4816 omnibus,
1037 4743 1093 4820 qui

298 4848 389 4908 reete
411 4846 555 4922 sapiunt,
578 4843 884 4920 interpretationem
904 4840 1093 4918 hujusmodi

298 4959 490 5022 perversam
513 4957 586 5002 esse
608 4943 640 5002 et
658 4941 843 5002 intellectui
858 4955 939 5000 sano
960 4941 1094 4999 contra-

299 5041 396 5112 riam,
411 5055 485 5102 cum
507 5037 686 5100 secundum
706 5037 886 5114 capitulum
906 5035 987 5095 illud
1004 5051 1023 5095 a
1038 5049 1094 5094 so-

298 5139 426 5201 lutione
441 5137 644 5198 decimarum
662 5137 727 5197 tam
747 5135 787 5196 de
807 5133 904 5195 terris
920 5133 997 5204 illis,
1011 5145 1093 5208 quas

299 5236 510 5298 deduxerunt
526 5234 579 5295 vel
595 5232 761 5295 deducunt
779 5231 820 5292 ad
843 5230 978 5300 cultum,
996 5244 1092 5306 qnam

297 5335 339 5396 de
354 5334 453 5396 terris
473 5333 572 5394 etiam
588 5331 697 5402 cultis,
718 5344 800 5406 quas
822 5326 965 5404 propriis
986 5326 1095 5386 mani·

219 5442 220 5446 ’
299 5432 361 5493 111
378 5431 429 5493 vel
451 5428 635 5506 sumptibus
657 5425 824 5495 excolunt,
845 5422 941 5484 liberi
964 5423 1094 5500 penitus

249 5529 254 5540 '
300 5530 366 5591 sint
382 5530 415 5590 et
428 5529 605 5596 immunes,
623 5539 665 5584 ne
680 5523 767 5584 ullus
783 5523 898 5582 contra
913 5535 969 5582 eos
985 5522 1093 5581 mate-

335 5631 375 5704 (l)
391 5631 529 5688 Duellius.

1396 4736 1691 4798 Tbcutonicorum.

1442 4848 1476 4905 18
1487 4847 1548 4920 jan.
1566 4847 1644 4905 1111.

1329 4952 1466 5017 [Strobilvs
1478 4952 1496 5001 l.
1507 4965 1539 5010 1.,
1550 4967 1576 5016 p.
1588 4952 1643 5012 29⁷,
1657 4969 1682 5002 n.
1694 4953 1762 5016 3111]

1148 5051 1282 5110 Ordinem
1297 5050 1504 5108 'theutonicum
1522 5049 1574 5106 sub
1591 5050 1761 5122 Apostolicae
1781 5048 1862 5107 Sedis
1877 5063 1941 5122 pro-

1183 5140 1306 5197 tectione
1316 5137 1396 5212 jubet
1409 5151 1484 5208 esse,
1500 5137 1688 5210 conseditque
1700 5144 1731 5194 ut
1745 5137 1870 5209 undique
1884 5137 1942 5195 cle·

1150 5295 1151 5298 ,
1183 5227 1258 5284 ricos
1280 5227 1417 5300 suscipiet
1438 5234 1467 5282 et
1490 5226 1587 5283 libera
1615 5227 1767 5298 sepulture
1795 5225 1945 5298 privilegio

1184 5315 1301 5373 truatur.
1416 5313 1418 5317 ’

1188 5423 1858 5500 Honoriusepiscopus,servusservorum
1870 5420 1944 5490 Dei,

1150 5521 1309 5597 magistro
1331 5525 1364 5583 et
1385 5520 1545 5582 tratribus
1569 5519 1750 5596 Hospitalis
1772 5521 1805 5581 S.
1830 5517 1947 5579 Mariae
