4250 6404
321 319 362 381 δῦ
679 335 701 358 ·’
941 317 1117 380 HONORH
1140 317 1184 378 lll
1206 317 1354 378 OPERA.
1929 317 1969 378 56

321 479 431 556 ipsum
445 476 509 542 sibi
520 475 710 554 benigniter
732 489 880 549 serrare,
897 475 985 538 sicut
1008 475 1115 554 ipsum
1209 477 1260 541 Ex
1281 477 1375 555 parte
1397 473 1596 540 dilectorum
1621 475 1765 538 liliorum
1786 475 1915 538 abbatis
1935 477 1969 537 et

321 589 365 636 ex
379 576 494 637 nostra
517 575 697 637 donatione
723 573 832 635 lucrat
850 574 1034 645 assecutus,
1059 574 1117 636 aut
1170 574 1354 636 conventus
1391 571 1505 634 Sancti
1540 573 1677 634 Martini
1714 573 1755 634 de
1794 571 1969 636 Pannonia

301 668 579 748 'resignationem
602 671 750 749 ejusdem
773 671 923 747 recipere
955 671 1114 747 dignare·
1170 669 1266 732 nobis
1282 671 1332 732 est
1344 669 1455 732 oblata
1470 671 1617 749 querela,
1637 669 1723 748 quod
1740 672 1878 748 populos
1894 670 1970 731 Bis-

321 785 406 830 mur.
427 771 496 830 Nos
518 768 620 845 igitur
635 768 841 830 attendentes
863 768 971 845 ipsius
987 768 1115 844 magis·
1171 784 1325 831 senorum
1351 768 1390 830 de
1415 768 1496 830 villa
1520 767 1685 844 Nogholm
1710 767 1969 846 vesprimiensis

320 867 365 928 tri
382 866 666 944 praeeminentiam
687 865 837 926 scientie
856 867 956 942 atque
975 881 1114 937 morum,
1171 865 1324 928 direcesis
1340 865 1485 927 decimas
1499 865 1570 926 vini
1588 866 1628 927 ad
1652 881 1709 925 eos
1725 865 1765 927 de
1781 867 1859 943 jure
1874 881 1971 942 spec-

321 963 480 1040 quentum
496 964 601 1040 ipsius
621 963 811 1024 sollicitudo
826 961 1041 1024 ambianensi
1061 977 1118 1024 ec-
1170 964 1280 1026 tentes
1291 965 1408 1025 contra
1419 963 1585 1040 justitiam
1606 963 1765 1034 detinent,
1782 963 1815 1025 et
1829 961 1968 1024 reddere

321 1061 432 1122 cleslae
445 1061 551 1138 potest
561 1060 705 1122 existere
718 1059 898 1132 fructuosa,
916 1059 1118 1136 resignatio-
1172 1061 1415 1122 contradicunt.
1425 1060 1567 1137 Ideoque
1581 1059 1775 1122 discretioni
1782 1059 1902 1122 rostrae
1911 1075 1970 1136 per

321 1173 398 1219 nem
410 1157 601 1234 praedictam
614 1157 778 1219 instanter
792 1157 936 1220 oblatam
951 1157 993 1218 ab
1007 1173 1048 1218 so
1062 1157 1117 1218 oui
1171 1158 1362 1236 spostoliea
1391 1157 1515 1235 scripta
1544 1158 1757 1230 mandamus,
1784 1159 1968 1236 quatenus,

320 1255 431 1332 potius
457 1257 585 1332 majora
613 1254 766 1317 conterre
800 1255 973 1326 vellemus,
1005 1255 1117 1332 utpote
1172 1255 1323 1333 partibus
1352 1257 1554 1328 convocatis,
1583 1255 1727 1317 audiatis
1756 1271 1904 1328 oausam,
1924 1257 1968 1326 et,

312 1352 376 1430 qui
396 1352 503 1428 magis
530 1352 679 1414 noscitur
706 1367 780 1413 esse
803 1352 935 1428 dignus,
966 1352 1117 1430 recipere
1172 1353 1395 1430 appellatione
1408 1355 1545 1424 remota,
1563 1353 1631 1414 line
1646 1352 1756 1414 debito
1768 1353 1968 1423 terminetis,

320 1449 533 1525 denegantes,
561 1449 638 1527 quia
665 1449 868 1528 prescriptae
899 1451 1018 1512 litterae
1058 1463 1118 1526 per
1172 1449 1332 1513 iacientes
1365 1450 1451 1528 quod
1478 1450 1694 1512 decreveritis
1716 1463 1970 1527 percensuram

319 1546 546 1624 obreptionem
562 1548 739 1626 quamdam
752 1546 894 1609 oblentae
919 1547 1062 1616 fuerant,
1075 1547 1117 1608 ad
1172 1547 1434 1609 ecclesiasticam
1463 1547 1603 1608 firmiter
1636 1545 1819 1608 observari.
1856 1546 1971 1608 Testes

320 1643 480 1721 quosdam
490 1645 621 1721 judices
637 1645 677 1706 de
693 1644 812 1722 qulbus
830 1644 871 1706 ad
887 1659 1037 1721 praesens
1050 1659 1117 1706 non
1173 1645 1283 1706 autem
1307 1645 1365 1722 qui
1387 1643 1511 1707 luerint
1533 1645 1707 1718 nominati,
1736 1645 1765 1704 si
1787 1659 1823 1705 se
1846 1643 1967 1719 gratia,

319 1743 510 1822 poteramus
539 1742 749 1818 aliquatenus
773 1757 847 1802 esse
868 1741 962 1812 oertl,
980 1741 1119 1818 qulbus-
1173 1740 1249 1804 odio
1263 1743 1318 1804 vel
1330 1743 1449 1803 timore
1462 1741 1700 1814 subtraxerint,
1715 1756 1856 1804 censura
1868 1741 1971 1801 simili

319 1838 396 1900 dam
420 1839 461 1900 ad
487 1839 649 1900 decanum
678 1838 952 1900 suessionensem
981 1841 1014 1901 et
1039 1853 1118 1899 suos
1173 1839 1398 1916 appellatione
1409 1840 1573 1911 cessante,
1585 1839 1711 1916 cogetis
1725 1840 1860 1901 veritati
1874 1838 1972 1900 testi-

318 1935 521 2014 conjudioes,
536 1935 656 2013 quibus
668 1951 748 1998 vero
763 1936 805 1997 ad
832 1936 917 1998 elios
944 1951 1001 1998 eas
1025 1951 1120 1997 asse-
1174 1938 1321 1999 monium
1337 1935 1523 2013 perhibere.
1540 1937 1633 2008 Quod
1648 1937 1677 1997 si
1698 1951 1765 1998 non
1787 1949 1902 1998 omnes
1916 1936 1971 1995 his

318 2035 469 2097 rentibus
494 2034 674 2109 delegatas,
710 2049 753 2094 ne
776 2033 861 2094 idem
893 2035 1052 2110 magister
1078 2033 1118 2094 de
1174 2033 1399 2110 exsequendis
1421 2033 1597 2110 potueritis
1613 2034 1786 2107 interesse,
1801 2033 1866 2094 duo
1887 2049 1967 2093 ves-

318 2130 503 2207 gratiasibi
516 2129 760 2207 lactareportet
774 2131 948 2206 angustias
963 2131 997 2192 et
1019 2131 1117 2193 labo·
1172 2133 1261 2193 trum
1285 2145 1325 2192 ea
1347 2131 1565 2192 nibilominus
1586 2131 1822 2208 exsequantur.
1849 2131 1968 2192 Datum

317 2243 383 2301 res,
396 2227 588 2289 discretioni
602 2229 721 2289 restrae
734 2228 840 2304 ipsum
854 2227 994 2290 decerta
1005 2229 1119 2288 scien·
1173 2227 1341 2299 Laterani,
1369 2229 1413 2288 lx
1437 2227 1504 2288 kal.
1532 2227 1729 2301 decembris,
1755 2227 1966 2306 pontificatus

317 2324 365 2386 tia
378 2323 534 2385 duximus
549 2325 832 2396 committendum,
852 2339 911 2402 per
927 2325 1117 2401 Apostollca
1173 2327 1279 2388 nostri
1291 2338 1380 2387 anno
1392 2325 1501 2388 tertio.

317 2421 412 2482 vobis
423 2421 545 2498 scripta
561 2421 786 2498 praecipiendo
801 2421 1010 2494 mandantes,
1028 2437 1116 2500 qua·

315 2521 414 2580 tenus
429 2519 465 2579 in
485 2519 619 2584 irritum
640 2521 796 2581 revocato
825 2521 854 2580 sl
881 2519 958 2597 quid
991 2519 1115 2592 lorsen,
1509 2503 1632 2590 XLIX

317 2616 403 2694 quod
420 2631 487 2677 non
500 2617 678 2688 credimus,
692 2631 752 2693 per
763 2615 893 2678 litteras
904 2618 1115 2689 memoratas,
1232 2639 1286 2698 Ad
1309 2637 1586 2700 mammem
1613 2639 1907 2711 archiepiscopum

318 2714 361 2776 ad
378 2713 532 2792 prelatos
556 2715 720 2776 decanum
749 2715 782 2776 et
810 2715 919 2776 socios
948 2729 1037 2786 suos,
1064 2715 1116 2777 rel
1285 2734 1319 2797 ep
1333 2733 1573 2796 &perannum
1588 2736 1627 2794 Α,
1642 2736 1676 2795 s,
1691 2735 1853 2809 matum,

315 2810 401 2872 alios
424 2811 557 2888 jndices
583 2827 808 2889 quoscumque
835 2812 991 2885 directas,
1017 2812 1118 2876 luerit
1435 2853 1605 2914 moveam
1631 2856 1700 2914 mg

319 2909 527 2979 attentatum
545 2907 719 2984 praesatum
742 2909 936 2998 mavgsstrum
960 2909 995 2970 in
1017 2910 1119 2972 deca·
1204 2963 1333 3028 [seuque
1352 2964 1410 3016 Roc.
1424 2963 1572 3014 desHistor.
1595 2899 1616 3014 t:
1627 2899 1735 3026 xmp.
1755 2960 1811 3014 673.
1828 2961 1927 3026 liegest.

318 3007 416 3066 natus
431 3004 581 3081 praedioti
596 3005 820 3082 possessione,
836 3007 871 3067 in
887 3022 987 3084 quam
1001 3007 1120 3068 aucto-
1335 3001 1342 3023 ’
1457 3042 1502 3094 lib.
1514 3043 1556 3100 111,
1571 2999 1611 3108 ‚fp-
1624 3039 1691 3106 las]
1932 2999 1940 3024 ¹

317 3102 417 3164 ritate
440 3102 554 3164 nostra
580 3101 735 3165 inductus
762 3101 864 3164 luisse
898 3103 1116 3180 dignoscitur,
1173 3141 1332 3203 Gnidonem
1358 3139 1394 3198 de
1418 3139 1594 3209 llontelorti,
1623 3139 1747 3197 simonis
1775 3137 1881 3209 mium,
1909 3138 1967 3211 qui,

317 3200 448 3262 ⁸¹¹h¹³t⁰
483 3199 661 3277 ⁰¹¹J¹¹⁸¹ih⁰t
693 3199 968 3262 ⁰⁰¹¹tr³di⁰fi⁰¹¹i⁸
1002 3201 1117 3263 Obsta‘
1208 3231 1292 3290 ducta
1318 3245 1406 3288 uxore
1432 3229 1594 3296 Petronilla,
1624 3228 1789 3302 bigorrensi
1812 3227 1968 3294 comitisse,

318 3297 404 3368 0⁰¹⁰2
421 3296 616 3369 d0s⁰¹¹dfltisr
633 3299 666 3360 θῐ
679 3297 812 3359 simiam
828 3297 978 3359 eumdem
996 3301 1116 3361 ³U0t0·
1209 3320 1356 3377 castcllum
1377 3317 1413 3375 de
1428 3317 1519 3375 Lurda
1537 3317 1719 3390 acquisierat,
1735 3315 1809 3373 bello
1823 3316 1968 3374 lacessen-

317 3395 417 3457 ritate
444 3395 559 3456 nostra
591 3395 730 3472 pacifica
765 3395 871 3472 ipsius
906 3397 1118 3474 possessione
1208 3408 1284 3466 tlbus
1294 3409 1425 3474 Nuuoue,
1443 3405 1501 3463 tilio
1514 3406 1632 3475 sanctii,
1647 3405 1760 3463 comitis
1772 3405 1968 3462 liussillouon·

316 3493 474 3570 gaudere.
501 3492 618 3554 Datum
643 3493 811 3564 Laterani,
834 3495 864 3554 X
890 3492 956 3558 tal.
979 3493 1117 3556 decem·
1207 3496 1264 3566 sis,
1288 3503 1317 3554 et
1339 3496 1416 3554 Wlll.
1441 3492 1600 3553 llaimuodo
1629 3493 1665 3552 de
1691 3495 1892 3551 llontecmcno
1914 3491 1968 3566 (o),

319 3589 401 3664 bris,
418 3589 628 3667 pontificatus
644 3589 749 3652 nostri
764 3591 975 3654 annotertio.
1208 3581 1326 3643 mendas
1350 3583 1503 3654 llonortus,
1524 3589 1556 3642 ut
1575 3581 1881 3640 excommunicationis
1903 3581 1972 3637 irre·

1207 3674 1314 3732 llantur
1331 3672 1455 3730 viuculo.

634 3749 801 3837 XLVIII
1213 3781 1380 3843 Honorius
1404 3780 1630 3857 episcopus...,
1659 3777 1845 3841 venerabili
1873 3776 1971 3838 tratri

390 3885 443 3945 Ad
469 3883 741 3960 strigoniensem
767 3883 801 3946 et
823 3885 1047 3948 salariensem
1173 3879 1426 3957 archiepiscopo
1451 3877 1672 3939 auxitanensi
1701 3874 1760 3955 (b),
1790 3877 1824 3937 et
1850 3874 1971 3936 dilecto

611 3981 827 4058 praepositos.
1174 3975 1242 4038 lilio
1257 3978 1294 4036 Β.
1312 3976 1401 4038 tituli
1423 3976 1620 4036 Sanctorum
1639 3973 1802 4036 Johannis
1822 3973 1854 4034 et
1874 3973 1971 4034 Pauli

580 4095 616 4154 23
629 4094 762 4153 wem,
778 4095 857 4153 mg,
1173 4073 1282 4151 presb.
1300 4073 1404 4143 card..
1420 4075 1458 4134 A.
1477 4073 1510 4133 S.
1527 4071 1647 4148 legato,
1660 4071 1813 4142 salutem,
1827 4072 1890 4131 etc.

460 4199 540 4266 [pm
551 4201 684 4266 surgens
695 4203 766 4262 hist„
779 4201 845 4266 pipp,
857 4200 898 4258 pp,
912 4199 977 4264 loc]
1214 4171 1434 4232 Praesentlum
1446 4169 1540 4231 vobis
1551 4169 1748 4231 auctoritate
1764 4167 1969 4238 mandamus,

320 4295 437 4354 Mandat
461 4303 491 4354 ut
515 4312 633 4358 causam
655 4298 765 4356 abbatis
783 4305 813 4355 el
838 4302 998 4356 conventus
1022 4297 1119 4354 Sancti
1174 4270 1337 4346 quatenus
1361 4269 1548 4339 N⁰n⁰¹¹⁰¹¹¹r
1580 4267 1682 4330 fllium
1710 4265 1841 4327 ⁰⁰fflit¹⁸
1866 4267 1972 4326 5³⁰⁰·

357 4385 470 4441 llartiui
486 4383 521 4440 de
542 4386 691 4442 Pannonia
709 4386 958 4457 conquerentium,
975 4384 1050 4457 quod
1066 4401 1116 4458 po·
1171 4367 1211 4429 tii
1243 4365 1303 4446 (1),
1337 4365 1370 4427 et
1401 4363 1631 4426 Wllillelmum
1664 4362 1895 4441 Raymundum
1929 4362 1970 4422 (10

356 4473 414 4544 pull
439 4473 622 4530 bissenorum
647 4471 682 4528 de
710 4473 773 4530 ville
804 4473 948 4545 lloglrolm
974 4475 1116 4546 vesprim.
1174 4464 1416 4536 Montecatano‚
1434 4479 1473 4525 ac
1486 4479 1601 4525 eorum
1616 4461 1804 4538 complices,
1822 4461 1879 4538 qui
1892 4475 1971 4521 cas·

354 4559 441 4617 dimo.
458 4560 586 4618 decimas
608 4561 666 4618 vlnl
686 4560 722 4618 ed
743 4575 794 4618 eos
817 4559 853 4618 de
876 4560 941 4634 iure
955 4567 1119 4633 spectantes
1173 4565 1260 4625 trum
1278 4563 1319 4624 de
1335 4562 1445 4624 Lurda
1460 4577 1520 4640 per
1532 4560 1694 4623 satellites
1710 4574 1788 4620 suos
1807 4557 1971 4619 munitum

354 4657 455 4707 0⁰n⁸t⁸
485 4649 624 4721 tummim
658 4649 797 4720 detinent,
831 4648 963 4718 audient,
992 4649 1120 4723 liliibuss
1173 4661 1338 4732 tenentes,
1365 4657 1517 4721 ecclesiae
1537 4659 1597 4720 Dei
1616 4673 1656 4718 ac
1675 4655 1809 4733 negotio
1828 4654 1920 4733 pacis
1940 4657 1974 4717 et

354 4738 533 4808 ⁰⁰¹¹V⁰⁰⁸fi³2
548 4745 578 4797 et
592 4737 649 4796 ⁰¹¹0
663 4736 759 4797 dem
773 4739 936 4796 ”mimm-
1174 4758 1252 4820 ildei
1273 4757 1436 4836 patenter,
1460 4756 1546 4817 siout
1564 4755 1766 4831 accepimus,
1785 4753 1972 4815 adversan-

362 4854 541 4926 Honorius,
561 4855 637 4927 eto,
654 4853 785 4918 dilectis
801 4853 879 4916 liliis
896 4855 1117 4932 strigoniensi
1172 4859 1239 4928 tur,
1262 4855 1328 4916 nisi
1356 4869 1377 4915 a
1399 4851 1494 4915 vobis
1515 4851 1708 4913 commoniti
1732 4849 1774 4912 ab
1797 4849 1973 4928 iniquitate

321 4951 535 5014 etJauriensi
551 4953 751 5030 praepositis,
770 4953 804 5016 et
806 4996 867 5014 .....
881 4953 1119 5015 archidiacono
1175 4951 1366 5032 hujusmodi
1398 4949 1617 5028 resipuerint,
1649 4949 1970 5019 excommunicatos,

320 5049 501 5122 lauriensi,
523 5050 712 5114 salutemet
727 5050 944 5129 apostolicam
961 5049 1120 5113 benedic·
1175 5051 1401 5128 appellatione
1423 5048 1562 5119 remota,
1585 5043 1717 5124 publice
1741 5045 1919 5117 nuncietls,
1940 5046 1974 5106 et

320 5145 456 5208 tionem.
1176 5147 1307 5210 iacietis
1326 5161 1387 5224 per
1406 5143 1669 5216 Narbonensem,
1685 5143 1972 5205 terraconensem

357 5295 400 5371 (c)
420 5297 569 5356 lloncede.
610 5297 648 5374 (tt
669 5299 775 5358 Geretae
790 5299 826 5357 de
839 5299 916 5359 l'Ort.
1176 5297 1263 5356 luisse
1276 5295 1388 5354 videtur
1402 5295 1476 5353 inler
1493 5295 1654 5380 Petronillre
1670 5305 1793 5376 sponsos
1812 5292 1973 5374 dissidium,

357 5372 399 5446 (l)
420 5371 514 5454 Nfluuo,
532 5369 605 5427 filius
620 5371 737 5454 sanctii,
753 5371 868 5456 comitis
886 5369 1119 5437 ausstllonensis,
1176 5368 1433 5494 qnorumJtriorem
1449 5367 1592 5423 llonorlus
1607 5370 1775 5422 auctoritate
1790 5376 1841 5419 sua
1862 5371 1975 5420 censuit

319 5441 1120 5588 &effingiila,vlgig¹t¹r¹r8rterlrffimclgmlitigts¹gneeffldmemmii!
1175 5453 1443 5578 ffflgntreonm
1477 5521 1562 5580 quem
1586 5507 1686 5564 reciet
1714 5505 1888 5588 Menenius,
1917 5507 1974 5588 tl

321 5589 417 5665 vente,
434 5556 905 5654 Guido,simonlsdebloutel³ortl
925 5583 1009 5652 tilius,
1030 5583 1119 5640 comi-
1176 5581 1292 5650 Arucci..
1310 5581 1364 5639 ool.
1385 5579 1448 5640 sal.
1467 5581 1508 5637 De
1547 5573 1972 5650 uerelogeudusValssetrus,

322 5659 423 5712 trsssm
438 5655 494 5716 sibl
509 5654 703 5730 copulaverat,
721 5669 797 5713 anno
813 5655 892 5714 ltlt.
909 5653 979 5712 lnde
992 5659 1121 5711 exortum
1176 5659 1197 5710 t.
1214 5655 1265 5722 lll,
1283 5667 1309 5725 p.
1326 5651 1379 5710 sel
1391 5657 1420 5708 et
1433 5663 1495 5721 seq.
1510 5649 1521 5721 l
1564 5645 1678 5721 uquet.)

1320 5453 1378 5506 um,
1396 5435 1567 5494 confirmato
1577 5433 1715 5494 (luidonis
1728 5435 1890 5505 nuptarum
1905 5447 1970 5507 pos·
2098 5495 2100 5500 ³
