4230 6388
153 306 213 370 87³
756 305 975 367 EPISTOLAE
998 307 1095 368 SINE
1115 307 1195 368 DIE.

1738 311 1798 372 874

193 463 274 525 Cum
306 478 365 549 ros
399 465 568 540 tamquam
598 463 759 540 speciales
789 465 948 526 Romanae
984 471 1116 527 'eorum
1134 465 1297 528 sustinere
1312 467 1519 544 inpatientia
1539 483 1605 530 non
1626 467 1795 540 debemus,

154 561 311 622 Ecclesiae
324 561 412 622 illios
431 563 562 630 vestrae,
576 562 751 638 religionis
770 561 894 623 intuitu
916 563 949 623 et
1003 563 1137 640 quibus,
1168 563 1325 642 quantum
1355 581 1467 626 coram
1503 567 1583 642 Deo„
1603 581 1795 642 possumus,

154 658 421 719 consideratione
445 658 596 736 obsequii
623 658 708 736 quod
727 662 795 720 Deo
816 659 950 720 serven·
1003 662 1189 737 praescripti
1198 661 1346 740 obsequii
1359 663 1391 724 et
1402 662 1798 724 suaedevotioniSiutuitu

153 755 205 816 ter
220 755 409 830 impenditis
433 757 468 816 in
491 756 718 816 ultramarinis
743 755 892 832 partibus
914 756 948 816 in
1004 758 1038 817 in
1054 773 1112 818 sua
1124 759 1277 820 tenemur
1285 759 1416 836 justitia
1430 759 1615 835 providere,
1631 759 1799 821 universi·

155 851 347 912 defensione
369 852 544 913 christiani
570 853 727 925 nominis,
759 853 947 930 diligamus,
1002 855 1063 916 tati
1076 856 1195 917 restrae
1216 871 1275 932 per
1300 857 1490 933 apostolica
1512 856 1636 932 scripta
1660 855 1801 917 ulanda-

154 949 276 1010 vestris
300 949 454 1025 precibus
476 949 628 1011 inclinati
652 951 849 1013 auctoritate
862 965 951 1027 prae·
1004 969 1077 1012 miss
1095 953 1193 1029 atque
1208 952 1437 1030 praecipimus,
1461 954 1618 1030 quatinus
1642 969 1661 1013 a
1686 952 1802 1028 capei-

155 1046 298 1107 sentium
313 1046 407 1108 vobIs
419 1046 642 1123 indulgemus,
659 1048 695 1109 ut
709 1047 835 1109 nemini
849 1047 950 1108 liceat
1004 1049 1091 1110 lanis
1100 1050 1328 1122 ecclesiarum,
1341 1066 1413 1126 quae
1425 1050 1521 1128 pleno
1533 1053 1611 1126 jure
1619 1053 1688 1128 jam
1701 1049 1797 1110 dictis

156 1143 228 1204 sine
241 1144 395 1206 mandato
409 1145 550 1206 Romani
563 1145 728 1221 pontilicis
750 1144 899 1222 speciali,
914 1144 950 1204 in
1004 1146 1162 1208 iratribus
1173 1149 1249 1207 sunt
1264 1161 1442 1220 concessa,
1457 1161 1519 1208 neo
1530 1146 1722 1210 fidelitatem
1735 1161 1797 1208 nec

155 1256 225 1313 vos,
242 1240 453 1317 presbyteros
476 1243 509 1303 et
533 1242 638 1303 laicos
653 1243 793 1314 vestros,
810 1257 950 1318 quorum
1005 1243 1226 1306 obedientiam
1242 1244 1397 1320 exigatis,
1415 1244 1491 1320 quia
1507 1245 1635 1306 tantum
1651 1245 1801 1306 Romano

155 1337 249 1402 vobis
261 1339 365 1416 aliqui
381 1340 496 1414 gratis,
511 1340 570 1401 alii
585 1355 665 1401 vero
678 1340 719 1401 ad
735 1339 860 1401 solidos
874 1355 949 1400 ser·
1005 1341 1154 1418 pontiflci
1176 1342 1254 1403 sunt
1275 1340 1432 1417 subjecti,
1453 1341 1495 1402 ab
1516 1341 1585 1401 illis
1603 1356 1684 1402 vero
1705 1342 1803 1416 jura-

155 1435 259 1507 viunt,
303 1437 658 1499 excommunicationis
692 1437 747 1500 vel
780 1437 951 1498 interdicti
1005 1439 1151 1502 mentum
1174 1438 1344 1500 fidelitatis
1366 1454 1432 1500 nou
1447 1439 1620 1524 quaeratis,
1640 1437 1702 1512 sed,
1719 1437 1803 1499 obe-

156 1535 353 1596 santentiam
367 1533 648 1610 promulgarem,
661 1535 832 1612 siquando
845 1534 949 1595 invos
1006 1535 1139 1598 dientiae
1163 1536 1236 1596 sitis
1256 1535 1476 1612 promissione
1491 1533 1647 1607 contenti,
1672 1535 1800 1607 scituri,

155 1632 209 1694 rel
219 1632 255 1691 in
265 1647 322 1692 eos
333 1631 374 1692 ab
385 1631 496 1708 aliquo
507 1631 871 1709 hujusmodisententia
883 1631 951 1693 lata
1006 1631 1104 1710 quod,
1135 1632 1164 1692 si
1197 1648 1254 1693 eos
1287 1635 1361 1709 post
1390 1632 1621 1694 inhibitionem
1655 1633 1803 1692 nostram

155 1723 266 1800 inerit,
281 1745 347 1789 non
362 1727 543 1790 obmittatis
561 1730 720 1806 ecolesIas
741 1730 951 1806 trequentare
1006 1728 1151 1791 indebite
1162 1729 1680 1805 gravaveritis,n0nsinerubore
1691 1731 1802 1790 vestro

155 1826 213 1886 aut
225 1825 360 1886 seruitio
376 1827 492 1886 domus
505 1829 623 1888 vestrae
635 1827 687 1887 vel
700 1826 823 1887 divinis
832 1825 951 1886 officiis
1006 1826 1088 1904 ipsis
1104 1827 1303 1899 curabimus,
1323 1827 1458 1888 auctore
1473 1825 1623 1897 Domino,
1647 1824 1803 1903 provide-

156 1923 330 1994 interesse,
347 1939 422 1984 cum
444 1922 635 2000 hujusmodi
660 1923 826 1985 sententia
844 1923 888 1984 sit
902 1923 952 1982 ir·
1007 1938 1054 1984 re.
1072 1923 1290 2000 Pririlegium
1303 1924 1391 1984 enim
1404 1924 1551 1984 meretur
1564 1923 1727 1992 amittere,
1744 1921 1802 1998 qui

156 2019 220 2081 rita
236 2019 367 2096 penitus
388 2022 421 2082 et
439 2021 560 2082 inanls.
578 2020 671 2082 Nulli
686 2037 765 2096 ergo
780 2020 952 2081 hominnm
1007 2021 1183 2084 commissa
1192 2020 1255 2081 sibi
1262 2020 1588 2097 abutiturpotestate.
1600 2021 1729 2092 Datum,
1738 2020 1800 2080 etc.

156 2117 257 2180 liceat
279 2117 366 2179 hano
391 2119 546 2196 paginam
575 2123 699 2179 nostras
727 2115 952 2180 concessionis

156 2213 341 2290 intringere
354 2215 407 2277 vel
429 2217 460 2276 ei
476 2232 559 2276 ausu
575 2215 753 2278 temerario
773 2215 950 2276 contraire.

158 2312 193 2372 Si
208 2313 282 2388 quis
298 2314 408 2374 autem
429 2313 493 2374 hoc
512 2313 674 2374 attentare
690 2311 950 2388 praesumpserit,

156 2408 420 2485 indignationem
447 2409 681 2486 omnipotentIs
706 2407 766 2468 Dei
785 2409 818 2470 et
843 2407 953 2469 beato-

156 2521 230 2566 rum
248 2507 338 2568 Petri
355 2508 387 2568 et
402 2506 498 2567 Pauli
513 2505 738 2585 apostolorum
754 2509 826 2584 ejus
841 2520 877 2566 se
898 2520 954 2566 no·

157 2601 245 2664 verit
261 2602 483 2663 incursurum.
505 2603 634 2673 Datum,
652 2601 713 2662 eto.

515 2886 592 2974 VII

194 3039 249 3098 Aa
264 3036 547 3110 arcttieptscopos,
570 3038 754 3108 episcopos
780 3033 916 3095 abbates

272 3135 306 3195 ct
321 3137 407 3195 altos
425 3136 648 3195 ecclesiarum
665 3133 841 3208 praelatos.

330 3273 467 3337 [Stratike
478 3271 551 3332 insu,
566 3285 592 3336 p.
605 3271 662 3332 aas,
677 3285 702 3321 n.
715 3270 783 3334 roa]

162 3389 303 3447 lionorius
319 3392 359 3448 lil
374 3397 451 3447 vetat
466 3391 596 3461 praelatos
612 3403 627 3446 a
642 3387 799 3460 capellanis
815 3387 953 3443 ecclesia·

196 3494 260 3536 rum
275 3477 367 3536 ordini
380 3477 557 3536 theutonico
577 3477 662 3549 pleno
677 3476 740 3548 jure
753 3489 954 3534 concessarum

198 3567 363 3624 fidelitatem
382 3573 430 3623 aut
446 3563 876 3638 obedientiamexigere31'ubet
892 3563 952 3620 iiio-

196 3670 259 3712 rum
274 3653 434 3712 ohedientia
450 3669 514 3711 esse
525 3660 684 3711 coutentes.

200 3781 369 3842 Honorius
381 3777 953 3857 episcopus,servusservorumDei,

161 3877 407 3941 venerabilibus
443 3876 602 3940 iratribus
634 3876 895 3953 archiepiscopis
924 3875 956 3936 et

162 3976 327 4052 episcopis
342 3977 375 4036 et
392 3975 522 4038 dilectis
535 3975 614 4036 uhts
628 3973 813 4044 abbatibus,
833 3973 957 4050 priori-

162 4072 235 4143 bus,
263 4071 518 4144 archidiaconis,
547 4070 683 4133 decanis
698 4073 731 4130 et
752 4069 828 4130 aliis
844 4069 955 4129 eccle-

164 4170 288 4230 siarum
304 4168 460 4244 praelatis,
478 4168 518 4228 ad
530 4183 611 4245 quos
624 4167 743 4227 litterae
758 4166 830 4226 istae
844 4180 957 4242 parve·

164 4268 284 4338 nerint,
307 4265 446 4326 salutem
467 4265 500 4326 et
515 4261 956 4341 apostolicambenedictio-

164 4379 251 4426 nem.

203 4461 322 4523 Dilecti
344 4460 442 4521 tilii...
463 4459 623 4535 magister
643 4459 677 4520 et
696 4457 817 4519 iratres
840 4455 957 4517 domus

163 4559 338 4637 hospitalis
369 4559 498 4619 Sanctae
527 4557 642 4618 Mariae
675 4555 956 4618 'theutonicorum

164 4653 460 4731 Hierosolymitani
483 4654 556 4729 post
571 4651 748 4713 concilium
763 4649 959 4726 multiplici-

165 4751 216 4810 ter
235 4748 375 4824 fatigati,
397 4749 435 4809 ut
453 4747 618 4818 asserunt,
645 4761 764 4821 graves
790 4743 958 4823 querImo-

165 4846 240 4908 nias
255 4845 417 4920 coguntur
428 4845 463 4905 in
477 4844 590 4905 nostro
599 4841 764 4905 auditorio
780 4841 955 4918 replicare.

165 4946 193 5004 h
212 4941 395 5018 capellanis
416 4940 547 5017 quidem
570 4939 705 5002 illorum
721 4937 912 5000 fidelitatem
927 4938 959 4998 et

167 5039 387 5099 obedientiam
411 5039 531 5113 praeter
557 5037 690 5098 solitum
720 5033 885 5113 quaeritIs,
913 5035 956 5104 et,

167 5135 245 5212 quia
260 5137 378 5196 restrae
392 5133 510 5194 nolunt
523 5133 699 5194 satiiacere
710 5131 884 5202 uoluntati,
902 5146 958 5191 eos

167 5248 227 5311 pro
249 5233 370 5294 vestrae
385 5230 567 5292 uoluntahs
592 5230 731 5292 arbitrio
759 5229 956 5298 molestetis,

167 5345 234 5392 non
260 5328 479 5400 attendentes,
511 5329 669 5405 qnantum
698 5327 742 5388 sit
763 5329 834 5403 jam
863 5325 960 5388 dictls

168 5427 327 5490 iratribus
364 5425 630 5488 consideratione
669 5423 837 5501 obsequii,
874 5423 958 5501 quod

169 5524 405 5588 christianitati
416 5522 608 5600 inpartibus
617 5521 852 5584 transmarinis
863 5520 963 5582 exhi-

169 5622 257 5695 bent,
280 5619 505 5685 deserendum.
536 5619 619 5692 Quia
654 5618 757 5695 igitur
782 5631 963 5695 gravamen

1356 2299 1457 2386 VIII

1028 2451 1080 2512 Ad
1092 2450 1302 2526 amputatam
1322 2449 1356 2512 ct
1370 2449 1502 2524 fratres
1513 2449 1701 2522 hospitatis
1717 2447 1780 2508 cto.

1178 2577 1313 2645 [Strehllre
1325 2577 1398 2638 ibid,
1416 2593 1442 2644 p.
1454 2578 1509 2638 aad,
1524 2593 1549 2629 n.
1563 2577 1631 2644 tou]

1009 2695 1150 2756 Honorius
1163 2697 1203 2754 lii
1223 2695 1354 2752 concedit
1377 2693 1471 2751 ordini
1494 2694 1683 2760 Tireutonioo,
1702 2699 1734 2751 ut
1754 2707 1803 2750 cc·

1043 2785 1194 2842 ciesiernm
1209 2798 1326 2841 suarum
1344 2781 1510 2851 redditibus,
1529 2783 1678 2856 assignato
1692 2787 1804 2840 tanturn

1043 2873 1167 2941 vicarlis,
1185 2870 1261 2928 undo
1287 2869 1406 2928 honeste
1429 2871 1529 2929 vivant
1548 2878 1576 2929 et
1601 2869 1696 2928 dehita
1715 2885 1803 2944 pracs-

1044 2967 1113 3032 tent,
1131 2961 1202 3019 alias
1217 2966 1341 3018 utantur.

1048 3087 1215 3149 Honorius
1226 3086 1412 3163 episcopus,
1422 3101 1538 3146 servus
1551 3101 1722 3147 servorum
1731 3067 1814 3158 Dei,

1009 3184 1139 3246 dileohs
1155 3185 1234 3244 tiliis
1257 3183 1415 3259 maglatro
1431 3183 1464 3244 et
1480 3181 1638 3244 iratribus
1652 3182 1805 3259 hospita-

1010 3283 1063 3354 hs,
1080 3283 1155 3354 etc,
1170 3281 1309 3342 salutem
1323 3280 1356 3341 et
1366 3278 1582 3356 apostolicam
1597 3278 1805 3340 benedIctio-

1011 3396 1097 3442 nem.

1049 3477 1153 3540 Justis
1164 3475 1344 3554 patentium
1355 3465 1529 3536 desideriis
1541 3473 1733 3550 dignumest
1742 3487 1802 3534 nos

1010 3574 1141 3636 facilem
1165 3572 1314 3650 praebere
1339 3588 1538 3634 consensum
1560 3575 1594 3634 et
1620 3571 1706 3643 vota,
1731 3586 1805 3648 quae

1011 3688 1031 3733 a
1054 3671 1193 3733 rationu
1213 3671 1345 3733 tramite
1369 3685 1435 3731 non
1460 3669 1661 3740 discordant,
1684 3667 1805 3730 effectu

1011 3770 1229 3848 prosequente
1240 3769 1415 3846 complere.
1431 3771 1623 3845 Eupropter,
1640 3767 1752 3828 dilecti
1769 3765 1805 3828 in

1012 3868 1151 3928 Domino
1166 3867 1238 3937 iiiii,
1265 3866 1385 3927 vestris
1403 3865 1503 3941 Justis
1527 3863 1806 3941 postulationibus

1011 3965 1105 4039 grato
1120 3965 1356 4023 concurrentes
1367 3977 1518 4032 assensu,
1540 3959 1729 4036 Apostolioa
1745 3975 1807 4020 vo-

1011 4060 1061 4120 his
1084 4043 1280 4120 auctoritate
1298 4056 1520 4128 concedimus,
1540 4059 1577 4118 ut
1591 4057 1625 4117 in
1640 4056 1803 4128 ecclesiis,

1012 4173 1084 4233 quae
1099 4155 1192 4218 vobis
1208 4155 1248 4215 ad
1263 4154 1538 4215 sustentationem
1554 4169 1680 4226 eorum,
1698 4152 1804 4229 quiin

1012 4253 1244 4316 transmarinis
1260 4251 1407 4328 partibus
1423 4267 1482 4330 pro
1498 4250 1807 4312 detensionechris·

1011 4350 1173 4413 tianitatis
1195 4349 1324 4410 animas
1347 4364 1426 4410 suas
1447 4364 1571 4425 ponere
1592 4365 1657 4409 non
1689 4347 1807 4409 lormi-

1011 4449 1101 4520 dant,
1131 4449 1208 4508 sunt
1239 4461 1417 4518 concessae,
1453 4445 1625 4522 assignato
1651 4445 1803 4516 vicariis,

1012 4546 1099 4606 unde
1113 4544 1252 4606 honeste
1266 4544 1382 4604 vivant
1405 4544 1438 4604 et
1461 4543 1496 4602 in
1521 4541 1752 4620 spiritualibus
1774 4541 1808 4604 et

1012 4641 1226 4720 synodalibus
1239 4642 1365 4718 possint
1380 4640 1544 4720 episcopis
1559 4642 1591 4701 et
1607 4655 1721 4700 eorum
1736 4639 1806 4700 oili·

1012 4739 1153 4802 cialibus
1174 4738 1386 4816 respondere,
1403 4738 1503 4798 liceat
1518 4735 1610 4799 vobis
1632 4739 1753 4799 caetera
1766 4737 1808 4823 ad

1013 4853 1092 4898 usus
1105 4839 1243 4908 vestros,
1257 4835 1379 4913 quibus
1389 4834 1545 4911 deputata
1558 4835 1645 4908 sunt,
1661 4835 1807 4897 retinere

1013 4936 1105 4996 salva
1126 4935 1351 4998 moderatione
1365 4931 1504 4992 concilii
1519 4933 1698 5009 generalis.
1715 4932 1808 4994 Nulli

1013 5048 1092 5108 ergo
1106 5031 1240 5093 omnino
1256 5030 1426 5091 hominum
1442 5028 1637 5090 ilceathanc
1652 5031 1808 5106 paginam

1014 5131 1135 5191 nostrae
1160 5127 1387 5190 concessionis
1410 5126 1594 5202 infringere
1608 5127 1661 5188 vel
1678 5127 1709 5186 ei
1725 5142 1809 5187 ausu

1013 5227 1192 5289 temerario
1207 5225 1385 5286 contraire.
1404 5225 1438 5284 Si
1454 5224 1528 5300 quis
1541 5226 1651 5285 autem
1662 5223 1737 5284 hoc
1751 5226 1808 5284 ai·

1014 5326 1144 5386 tentare
1170 5321 1428 5399 praesumpserit,
1456 5321 1721 5396 indignationom
1737 5335 1810 5381 om-

1016 5421 1195 5498 nipotentis
1215 5419 1274 5480 Dei
1303 5421 1337 5480 et
1359 5419 1530 5479 beatorum
1553 5417 1643 5478 Petri
1665 5419 1698 5478 et
1714 5418 1810 5482 Pauli

1017 5518 1241 5595 apostolorum
1265 5519 1338 5594 ejus
1363 5531 1399 5576 se
1433 5513 1564 5576 noverit
1582 5514 1808 5576 incursurum.

998 5675 1002 5684 .
1018 5617 1145 5688 Datum,
1160 5615 1222 5676 etc.
