4230 6388
340 345 398 404 847
955 341 1134 402 HONORII
1156 341 1200 401 III
1222 341 1371 402 OPERA.
1943 335 2025 396 848

340 519 414 565 esse
438 517 641 580 processum,
667 503 700 564 et
722 501 967 564 nominatorum
985 499 1138 562 multitu·
1189 499 1367 575 quominus
1402 499 1535 575 negotio
1562 501 1644 562 Jesu
1668 497 1792 560 Christi
1819 495 2021 560 auxilium

340 600 451 659 dinem
462 614 695 669 onerosam,ac
705 599 837 675 propter
847 597 921 667 hoc,
932 596 1136 657 ordinationi
1190 596 1374 665 conferant,
1390 597 1598 670 eximantur3
1615 598 1695 673 quin
1716 595 1904 658 conditioni
1937 609 2019 654 eo·

340 695 530 772 huJusmodi
541 696 747 765 resistentes,
757 691 1137 755 dilectusfiiins...deca-
1191 709 1264 754 rum
1284 693 1320 754 in
1343 693 1435 754 nullo
1459 695 1591 770 penitus
1615 694 1790 768 dirigatur,
1807 693 2022 770 quantum-

340 809 404 854 nus
424 794 458 852 et
470 791 629 866 magister
649 793 682 852 S.
706 791 854 853 Mauritii
877 789 1057 852 canonicus
1074 791 1137 850 Le-
1190 805 1330 868 cumque
1344 791 1384 852 de
1403 789 1498 851 honis
1513 791 1583 851 suis
1605 793 1762 864 erogatur
1774 791 1809 850 in
1823 789 2020 866 benepla-

341 888 540 950 movicensis
556 903 615 964 pro
628 888 700 964 ipso
711 887 868 965 capitulo,
881 887 914 948 et
922 884 1050 964 praefati
1060 889 1096 945 P.
1104 887 1136 946 et
1190 889 1256 948 cito
1269 888 1460 950 conditoris.
1478 888 1621 965 Ideoque
1636 887 1877 950 fraternitatem
1892 891 2018 949 tuam

339 987 376 1046 Β.
389 1001 448 1061 pro
464 1001 499 1046 se
514 999 553 1046 ac
569 1001 628 1062 pro
643 985 719 1046 aliis
730 984 910 1046 nominatis
925 984 1059 1060 propter
1073 981 1135 1044 hoc
1190 1000 1362 1047 monemus
1396 986 1521 1048 attente
1550 999 1610 1062 per
1640 985 1830 1062 apostolica
1859 984 2017 1060 scripta

338 1081 379 1141 ad
391 1084 538 1143 nostram
547 1082 759 1158 praesentiam
776 1082 1000 1150 accesserunt,
1014 1079 1135 1156 quibus
1190 1082 1398 1151 mandantes,
1410 1085 1573 1160 qttatenns
1588 1083 1623 1144 in
1637 1084 1729 1145 terra
1742 1083 1809 1144 tuae
1823 1081 2017 1158 legationi

256 1259 261 1266 Β
339 1178 495 1240 dilectum
522 1179 626 1239 filium
650 1179 801 1240 nostrum
819 1180 855 1238 P.
874 1178 986 1238 Sancti
1002 1175 1134 1251 Georgii
1190 1181 1377 1252 commissa,
1390 1181 1608 1242 ecclesiarum
1619 1181 1845 1256 exemptarum
1856 1179 2014 1256 praela-

337 1275 378 1336 ad
391 1276 501 1336 velum
512 1291 649 1336 aureum
664 1275 839 1336 diaconum
853 1273 1136 1345 cardinalemde-
1190 1279 1240 1339 tos
1264 1279 1332 1338 tam
1352 1277 1558 1348 cistercien,
1575 1291 1674 1354 quam
1695 1277 1902 1348 Cluniaeen„
1932 1291 2015 1338 seu

338 1371 446 1432 dimus
462 1373 664 1446 auditorem
682 1372 738 1432 sed
753 1371 904 1449 jamdicti
920 1375 958 1432 P.
974 1373 1006 1434 et
1022 1373 1059 1432 B.
1076 1383 1135 1432 co-
1190 1375 1483 1436 praemonstraten.
1504 1373 1670 1445 ordinum,
1688 1374 1725 1436 ut
1741 1374 1900 1452 praedicto
1923 1390 2012 1434 ne-

336 1483 410 1529 ram
427 1469 543 1530 eodem
557 1467 718 1530 cardinali
729 1483 788 1545 pro
802 1483 837 1529 se
852 1467 1026 1530 dumtaxat
1038 1481 1136 1542 agen·
1189 1472 1279 1546 gotio
1310 1471 1484 1533 conferant
1518 1472 1605 1532 sicut
1632 1470 1782 1532 ecclesias
1810 1471 1889 1532 aliae
1920 1487 2011 1532 non

337 1566 399 1636 tes,
410 1581 469 1642 pro
485 1565 562 1625 aliis
577 1565 756 1626 nominatis
771 1565 805 1625 in
817 1565 958 1626 ecclesia
976 1564 1135 1641 praedicta
1189 1570 1362 1644 exemptae,
1381 1583 1517 1629 moneas
1536 1567 1717 1630 efficaciter
1731 1569 1764 1629 et
1782 1567 1943 1639 iudaeae,
1967 1569 2010 1630 et

336 1661 508 1722 canonicis
522 1676 622 1738 agere
642 1661 831 1724 noluerunt.
849 1663 919 1723 Nos
943 1662 1046 1737 igitur
1069 1661 1132 1732 hie,
1190 1665 1219 1726 si
1244 1681 1326 1742 opus
1349 1665 1449 1728 fuerit
1470 1665 1666 1728 auctoritate
1688 1667 1814 1738 nostra,
1831 1667 2008 1728 cessante

337 1773 411 1833 quae
430 1773 542 1818 coram
560 1759 711 1820 auditore
725 1759 881 1834 praedicto
896 1757 1032 1820 fuerunt
1057 1759 1135 1819 hinc
1189 1761 1411 1839 appellatione
1444 1762 1633 1839 compellas.
1661 1764 1780 1826 Datum
1812 1763 2003 1834 Laterani,

337 1853 415 1915 inde
430 1855 609 1930 proposita,
627 1871 687 1931 per
702 1860 775 1933 ejus
787 1856 984 1917 relationem
1000 1855 1133 1933 plenius
1190 1861 1233 1921 iv
1248 1859 1323 1920 idus
1333 1861 1409 1936 juni
1424 1875 1512 1922 anno
1527 1860 1654 1936 quinto.

337 1950 527 2024 intellectis,
541 1953 618 2028 quia
632 1953 821 2014 invenimus
832 1953 864 2013 et
877 1953 1133 2029 appellationem

337 2047 520 2122 legitimam
532 2051 743 2124 praecessisse
755 2051 788 2110 et
805 2051 1050 2111 nominatorum
1066 2067 1132 2111 nu-

338 2159 466 2204 merum
478 2145 776 2222 excessisseipsius
786 2145 936 2206 ecclesiae
947 2145 1131 2218 facultates,

338 2239 379 2300 de
398 2239 538 2301 fratrum
566 2243 756 2303 nostrorum
782 2243 922 2304 consilio
951 2245 1135 2306 sententia-

338 2335 417 2397 liter
432 2336 636 2398 irritavimus
651 2338 736 2414 quod
752 2339 792 2400 de
814 2339 961 2414 praetatis
982 2343 1019 2400 P.
1043 2341 1076 2401 et
1094 2343 1131 2401 B.
1370 2401 1376 2414 ,
1493 2402 1499 2414 ,
1927 2403 1934 2415 ,

338 2447 399 2510 per
425 2432 529 2494 dictos
563 2435 869 2510 petragoricensem
885 2437 1075 2514 episcopum
1101 2439 1133 2500 et
1224 2399 1346 2466 [³⁰⁸⁰⁸²”
1359 2401 1405 2452 '¹¹³'
1416 2401 1447 2462 γ’
1460 2407 1532 2466 ΨΜ·
1546 2401 1601 2453 ³²²
1614 2402 1672 2453 Μ’·
1683 2403 1719 2453 ¹⁴⁸
1733 2403 1808 2453 ⁹⁰³⁰
1819 2403 1855 2454 ⁶¹¹
1869 2403 1973 2467 Μ’]

1454 2149 1507 2209 Ad
1535 2151 1702 2210 eamdem.

1495 2277 1603 2338 Eodem
1619 2277 1675 2338 die.

338 2532 411 2607 ejus
440 2530 566 2591 socium
591 2529 715 2593 factum
740 2532 813 2594 fuit.
835 2533 978 2610 ideoque
1006 2535 1134 2595 discre-
1228 2528 1401 2605 EiqllasstO
1417 2529 1590 2606 pravitatis
1605 2529 1771 2590 haeffliicae
1786 2531 1989 2602 sectatores,

337 2625 423 2686 ttoni
437 2627 557 2688 vestrae
580 2643 641 2704 per
655 2629 845 2704 apostolica
855 2631 978 2706 scripta
994 2631 1134 2693 manda·
1187 2626 1221 2684 in
1236 2641 1305 2686 suae
1321 2626 1549 2702 perversitatis
1564 2641 1678 2688 errore
1691 2628 1909 2703 pertinaciter
1922 2627 1993 2688 ob-

337 2738 424 2790 mus,
438 2728 600 2800 quatenus
616 2726 702 2803 quod
727 2741 746 2786 a
768 2725 863 2788 nobis
879 2729 928 2788 est
949 2729 1133 2790 sententia·
1187 2722 1312 2794 stinati,
1331 2722 1446 2783 contra
1460 2724 1562 2783 Deum
1577 2725 1610 2783 et
1625 2723 1804 2784 Ecclesiam
1821 2723 1990 2784 audacius

337 2819 415 2881 liter
425 2819 613 2894 diffinitum,
630 2822 1129 2897 facientesilrmiterobservari,
1186 2818 1402 2889 insolescunt,
1416 2820 1509 2880 tanto
1533 2820 1704 2882 catholicae
1723 2820 1799 2880 fidei
1818 2821 1989 2882 zelatores

337 2914 512 2976 ecclesiam
523 2916 628 2993 ipsam
640 2917 774 2994 fatigari
787 2920 902 2980 contra
913 2921 1059 2980 nostram
1073 2920 1133 2982 dif·
1185 2917 1220 2976 in
1236 2931 1296 2975 sua
1312 2915 1469 2978 fidelitate
1495 2917 1685 2978 constantes
1709 2917 1885 2993 insurgant
1906 2917 1986 2978 for-

337 3010 500 3072 iinitivam
529 3015 727 3075 sententiam
753 3030 819 3106 non
838 3016 968 3077 sinatis.
991 3017 1132 3079 Contra·
1186 3014 1252 3076 iius
1270 3015 1385 3074 contra
1400 3028 1477 3087 eos;
1495 3013 1629 3090 expedit
1643 3015 1679 3076 ut
1693 3013 1778 3074 bona
1802 3015 1988 3076 ecclesias-
2088 3058 2089 3077 ,

337 3108 481 3170 dictores
501 3123 642 3172 censura
664 3111 901 3184 ecclesiastica,
919 3112 1047 3193 sublato
1066 3129 1130 3190 ap·
1185 3112 1263 3184 tica,
1284 3126 1358 3187 quae
1382 3126 1455 3170 cum
1480 3110 1547 3173 sint
1574 3111 1719 3188 speciale
1743 3111 1985 3188 patrimonium

337 3205 529 3281 pellationis
542 3206 726 3280 obstaculo,
738 3210 988 3284 compescendo.
998 3212 1089 3282 Quod
1101 3212 1130 3272 si
1185 3211 1264 3270 Jesu
1291 3207 1426 3279 Christi,
1453 3223 1622 3285 nunquam
1651 3207 1766 3269 utilius
1792 3224 1890 3286 quam
1918 3224 1984 3285 pro

337 3318 403 3363 non
428 3318 554 3375 omnes,
576 3306 637 3367 etc.
661 3307 779 3367 Datum
798 3307 966 3378 Laterani,
993 3311 1037 3370 lV
1055 3309 1130 3370 idus
1185 3305 1377 3366 defensione
1391 3303 1581 3366 christianae
1593 3304 1669 3366 fidei
1684 3305 1926 3382 expenduntur,
1941 3306 1984 3366 in

333 3400 433 3475 junii,
450 3401 661 3474 pontificatus
675 3402 781 3464 nostri
795 3417 883 3464 anno
895 3404 1023 3479 quinte.
1186 3401 1346 3464 auxilium
1363 3401 1585 3474 assumantur,
1603 3418 1703 3479 quum
1722 3403 1850 3464 tantum
1872 3418 1983 3478 nego-

920 3485 924 3490 ’
1185 3499 1267 3562 tium
1283 3499 1341 3560 vix
1355 3499 1412 3561 aut
1431 3514 1599 3574 nunquam
1622 3499 1694 3560 sine
1712 3499 1843 3576 magnis
1865 3515 1984 3576 sump-
2088 3479 2090 3500 ¹

1184 3596 1273 3659 tibus
1289 3595 1330 3656 ad
1345 3596 1457 3657 votum
1480 3595 1591 3657 valeat
1612 3597 1811 3672 promoveri.
1836 3595 1982 3674 Ideoque

1109 3715 1114 3722 ·
1185 3693 1425 3774 fraternitatem
1451 3693 1541 3754 tuam
1566 3707 1738 3754 monemus
1767 3694 1890 3756 attente
1916 3706 1982 3770 per
2088 3675 2090 3694 '

1112 3815 1115 3822 ·
1184 3791 1374 3870 apostolica
1396 3791 1518 3866 scripta
1538 3790 1743 3862 mandantes,
1761 3791 1922 3869 quatenus
1940 3791 1980 3850 in

1184 3892 1274 3952 terra
1291 3888 1357 3948 tuae
1371 3885 1529 3963 legationi
1544 3888 1719 3950 commissa
1735 3889 1868 3949 studeas
1880 3886 1977 3949 ordi·
2088 3901 2091 3970 ξ

1185 4003 1278 4054 nare,
1293 3984 1330 4047 ut
1346 3985 1386 4046 de
1405 3984 1618 4061 proventibus
1633 3985 1879 4056 ecclesiasticis,
1893 3999 1981 4060 pen-

1185 4083 1267 4146 satis
1287 4081 1503 4143 ecclesiarum
1519 4081 1741 4153 facultatibus,
1755 4082 1823 4144 tam
1844 4081 1977 4157 urgenti

610 3731 858 3822 dcccxxvi

363 3883 415 3944 Ad
435 3885 631 3945 conradum
651 3884 883 3948 Portaensem
904 3887 1111 3962 episcopum,

489 3981 689 4054 apostoticae
705 3985 802 4044 Sectis
816 3983 979 4059 tegetum.

626 4121 661 4178 ld
672 4121 744 4196 junii
761 4122 839 4180 mai.

367 4245 489 4310 [liegest.,
499 4243 544 4294 lib.
556 4244 586 4304 V,
597 4244 671 4310 epist.
682 4245 737 4296 323.
754 4245 812 4296 its.
825 4246 862 4296 La
873 4245 948 4296 Ponte
958 4245 992 4296 du
1003 4247 1098 4310 Theti]

334 4357 451 4418 ltandat
465 4360 536 4416 utin
549 4365 622 4416 terre
633 4359 770 4432 legationi
782 4375 842 4418 sue
853 4362 1018 4431 commissa,
1029 4363 1128 4422 Eccle-

367 4448 477 4504 siarum
492 4453 688 4518 exemptarum
706 4448 838 4518 prelatos
852 4449 1057 4521 cuiuscumque
1073 4451 1130 4509 sint

369 4534 478 4592 ordinis
492 4533 526 4590 ad
540 4533 712 4591 conferenda
727 4536 844 4610 negotio
858 4534 923 4594 belii
933 4545 1031 4595 contra
1042 4537 1131 4596 here·

369 4625 442 4682 ticos
454 4621 579 4680 subsidia
592 4629 690 4694 cogat.

373 4757 557 4829 Honorius,
581 4755 657 4829 etc,
677 4757 863 4820 venerabili
889 4757 985 4822 fratri
1012 4763 1127 4824 nostro

333 4856 490 4918 Portuen.
506 4853 661 4930 episcopo
682 4855 880 4931 Apostolicse
896 4857 991 4918 Sedis
1005 4858 1124 4935 legato,

331 4952 484 5022 salutem,
501 4951 564 5011 etc.

373 5055 479 5124 Quum
501 5047 588 5110 bona
602 5046 759 5110 Ecclesia
779 5049 923 5127 speciale
943 5050 1128 5128 sintpatri-

331 5149 478 5212 monium
489 5149 570 5210 Jesu
585 5145 718 5216 Christi,
735 5147 794 5207 vix
807 5150 865 5209 aut
878 5163 1049 5225 nunquam
1060 5149 1128 5211 uti-

330 5248 396 5308 lius
429 5245 567 5323 possunt
599 5243 742 5318 expendi
775 5259 872 5321 quam
910 5261 969 5322 pro
1002 5247 1125 5308 tuenda

1185 4181 1382 4243 necessitate
1398 4179 1523 4254 negotii
1538 4194 1641 4266 usque
1656 4180 1696 4240 ad
1715 4180 1841 4242 certum
1861 4177 1979 4240 termi-

1184 4294 1274 4350 num,
1306 4293 1401 4354 quem
1438 4275 1564 4337 videris
1600 4277 1772 4354 expedire,
1803 4277 1974 4338 aunuatim

1184 4375 1373 4451 competens
1401 4371 1585 4433 subsidium
1614 4373 1815 4434 conferatur.
1839 4375 1881 4435 at
1899 4371 1976 4448 qui-

1184 4471 1256 4533 dem
1270 4471 1335 4531 viri
1350 4469 1569 4531 ecclesiastici
1586 4485 1651 4532 non
1674 4471 1745 4532 sine
1764 4470 1874 4532 multae
1893 4483 1974 4530 ara-

1183 4570 1269 4630 ritiae
1282 4567 1371 4638 nota,
1384 4566 1436 4627 vel
1450 4566 1620 4642 cujusdam
1632 4567 1751 4628 occulti
1766 4565 1890 4628 favoris
1904 4579 1972 4625 sus-

1183 4665 1313 4744 picione
1339 4663 1375 4724 in
1398 4663 1521 4724 talibus
1545 4679 1605 4724 sua
1629 4662 1874 4736 subtraherent,
1897 4675 1969 4723 cum

1182 4760 1335 4824 nonnulli
1348 4759 1549 4820 secularium
1563 4761 1690 4838 seipsos
1705 4758 1884 4821 obtulerint
1898 4773 1970 4820 cau·
2087 4813 2089 4850 ἦ

1182 4875 1252 4920 sam
1268 4856 1343 4918 fidel
1357 4873 1416 4917 suo
1430 4857 1592 4932 sanguine
1605 4858 1859 4934 prosequentes;
1874 4869 1967 4932 porro

1182 4954 1378 5017 confidimus
1391 4953 1426 5015 in
1441 4953 1669 5015 Dominolesu
1684 4953 1828 5024 Christe,
1846 4954 1901 5032 qui
1914 4968 1968 5012 su·
2088 5009 2089 5022 ,

1181 5049 1966 5130 perbosdejiciens,exaltathumilesinsalutem3

1181 5149 1267 5227 quod
1291 5149 1356 5210 cito
1375 5163 1445 5208 rem
1467 5147 1593 5208 faciens
1619 5147 1671 5207 sui
1698 5147 1816 5220 moris,
1838 5162 1968 5209 causam

1181 5245 1349 5324 propriam
1370 5243 1543 5322 iudicabit,
1571 5245 1608 5304 ut
1632 5244 1768 5321 repente
1796 5245 1968 5307 stultorum

331 5343 529 5405 Christianae
548 5339 626 5400 fidei
645 5339 797 5401 veritate.
813 5342 921 5412 Quare
936 5343 1127 5404 satisvide-
1180 5342 1384 5421 prosperitas
1415 5340 1532 5418 perdat
1557 5355 1630 5410 eos,
1661 5342 1695 5401 et
1721 5341 1865 5402 ecclesia
1897 5343 1969 5402 tan-

329 5444 385 5503 tur
398 5439 578 5502 absurdum
601 5437 637 5498 ut
657 5437 819 5509 ecciesiae,
836 5439 889 5500 vel
907 5440 1121 5513 monasteria,
1179 5441 1253 5502 dem
1270 5439 1304 5501 in
1320 5454 1454 5500 suarum
1470 5437 1633 5513 glorietur
1645 5437 1823 5499 tolerantia
1838 5438 1968 5515 passio-

330 5553 404 5615 quae
424 5552 484 5612 per
507 5533 682 5612 privilegia
703 5534 797 5594 Sedis
823 5537 1021 5612 apostoticae
1047 5539 1124 5600 sunt
1179 5555 1268 5610 urim,
1295 5534 1522 5598 exulantibus
1551 5533 1607 5610 qui
1635 5533 1798 5595 auxilium
1820 5534 1969 5597 contule·

329 5633 493 5708 exempta,
517 5630 693 5692 occasione
718 5629 908 5707 hujusmodi
946 5631 1121 5707 libertatis,
1178 5637 1266 5707 runt,
1277 5631 1552 5712 quoddereliquo
1564 5631 1709 5708 reposita
1720 5633 1773 5693 est
1784 5633 1834 5694 eis
1846 5645 1968 5695 corona
2087 5659 2088 5726 3
