<?xml version="1.0" encoding="UTF-8"?>
<!DOCTYPE html PUBLIC "-//W3C//DTD XHTML 1.0 Transitional//EN"
    "http://www.w3.org/TR/xhtml1/DTD/xhtml1-transitional.dtd">
<html xmlns="http://www.w3.org/1999/xhtml" xml:lang="en" lang="en">
 <head>
  <title>
</title>
<meta http-equiv="Content-Type" content="text/html;charset=utf-8" />
  <meta name='ocr-system' content='tesseract 3.04.00' />
  <meta name='ocr-capabilities' content='ocr_page ocr_carea ocr_par ocr_line ocrx_word'/>
</head>
<body>
  <div class='ocr_page' id='page_1' title='image "./mediiaevibiblio03bottgoog_0371.png"; bbox 0 0 4248 6410; ppageno 0'>
   <div class='ocr_carea' id='block_1_1' title="bbox 342 289 1986 421">
    <p class='ocr_par' dir='ltr' id='par_1_1' title="bbox 342 289 1986 421">
     <span class='ocr_line' id='line_1_1' title="bbox 342 289 1986 421; baseline 0.004 -67"><span class='ocrx_word' id='word_1_1' title='bbox 342 292 402 354; x_wconf 79' lang='lat'><strong>675</strong></span> <span class='ocrx_word' id='word_1_2' title='bbox 963 289 1138 358; x_wconf 85' lang='lat' dir='ltr'>HONORII</span> <span class='ocrx_word' id='word_1_3' title='bbox 1161 298 1205 358; x_wconf 86' lang='grc' dir='ltr'><strong>ΙΙΙ</strong></span> <span class='ocrx_word' id='word_1_4' title='bbox 1228 298 1376 421; x_wconf 67' lang='grc' dir='ltr'><strong>9ΡΕΗΑ.</strong></span> <span class='ocrx_word' id='word_1_5' title='bbox 1925 301 1986 360; x_wconf 70' lang='lat' dir='ltr'><strong>ote</strong></span> 
     </span>
    </p>
   </div>
   <div class='ocr_carea' id='block_1_2' title="bbox 344 449 1669 572">
    <p class='ocr_par' dir='ltr' id='par_1_2' title="bbox 344 449 1669 572">
     <span class='ocr_line' id='line_1_2' title="bbox 344 449 1669 572; baseline 0.023 -60"><span class='ocrx_word' id='word_1_6' title='bbox 344 449 1137 532; x_wconf 82' lang='lat' dir='ltr'><strong>omniapraedictaetsubseqoentiueiobserva·</strong></span> <span class='ocrx_word' id='word_1_7' title='bbox 1311 485 1316 498; x_wconf 88' lang='lat'>·</span> <span class='ocrx_word' id='word_1_8' title='bbox 1518 471 1669 572; x_wconf 67' lang='lat' dir='ltr'>CCXVI</span> 
     </span>
    </p>
   </div>
   <div class='ocr_carea' id='block_1_3' title="bbox 305 547 1984 711">
    <p class='ocr_par' dir='ltr' id='par_1_3' title="bbox 305 547 1984 711">
     <span class='ocr_line' id='line_1_3' title="bbox 343 547 1136 624; baseline 0.008 -16"><span class='ocrx_word' id='word_1_9' title='bbox 343 547 451 610; x_wconf 90' lang='lat' dir='ltr'><strong>bimus</strong></span> <span class='ocrx_word' id='word_1_10' title='bbox 467 549 594 613; x_wconf 87' lang='lat' dir='ltr'><strong>illibata</strong></span> <span class='ocrx_word' id='word_1_11' title='bbox 607 550 693 612; x_wconf 91' lang='lat' dir='ltr'><strong>bona</strong></span> <span class='ocrx_word' id='word_1_12' title='bbox 707 551 782 624; x_wconf 87' lang='lat' dir='ltr'><strong>tide,</strong></span> <span class='ocrx_word' id='word_1_13' title='bbox 797 554 830 613; x_wconf 92' lang='lat' dir='ltr'><strong>et</strong></span> <span class='ocrx_word' id='word_1_14' title='bbox 843 551 1136 615; x_wconf 79' lang='lat' dir='ltr'><strong>warantizabimus</strong></span> 
     </span>
     <span class='ocr_line' id='line_1_4' title="bbox 305 617 1984 711; baseline 0.003 -5"><span class='ocrx_word' id='word_1_15' title='bbox 305 671 308 678; x_wconf 91' lang='lat'><em>·</em></span> <span class='ocrx_word' id='word_1_16' title='bbox 343 648 377 707; x_wconf 91' lang='lat' dir='ltr'><strong>et</strong></span> <span class='ocrx_word' id='word_1_17' title='bbox 390 646 602 708; x_wconf 78' lang='lat' dir='ltr'><strong>defendemus</strong></span> <span class='ocrx_word' id='word_1_18' title='bbox 615 649 729 710; x_wconf 89' lang='lat' dir='ltr'><strong>contra</strong></span> <span class='ocrx_word' id='word_1_19' title='bbox 744 663 874 710; x_wconf 91' lang='lat' dir='ltr'><strong>omnem</strong></span> <span class='ocrx_word' id='word_1_20' title='bbox 891 648 1059 711; x_wconf 90' lang='lat' dir='ltr'><strong>hominem</strong></span> <span class='ocrx_word' id='word_1_21' title='bbox 1077 665 1137 711; x_wconf 89' lang='lat' dir='ltr'><strong>sen</strong></span> <span class='ocrx_word' id='word_1_22' title='bbox 1192 620 1243 678; x_wconf 80' lang='lat' dir='ltr'><strong>Ad</strong></span> <span class='ocrx_word' id='word_1_23' title='bbox 1269 619 1559 704; x_wconf 56' lang='lat' dir='ltr'><strong><em>mmmm!</em></strong></span> <span class='ocrx_word' id='word_1_24' title='bbox 1597 621 1791 691; x_wconf 65' lang='lat' dir='ltr'><strong>⁶p²⁸⁰⁰¹²⁰³2</strong></span> <span class='ocrx_word' id='word_1_25' title='bbox 1830 617 1984 692; x_wconf 55' lang='lat' dir='ltr'><strong>“wate&#39;’</strong></span> 
     </span>
    </p>
   </div>
   <div class='ocr_carea' id='block_1_4' title="bbox 343 713 2069 5688">
    <p class='ocr_par' dir='ltr' id='par_1_4' title="bbox 343 713 2069 5688">
     <span class='ocr_line' id='line_1_5' title="bbox 343 713 1937 824; baseline 0.001 -19"><span class='ocrx_word' id='word_1_26' title='bbox 343 742 501 806; x_wconf 87' lang='lat' dir='ltr'><strong>feminam</strong></span> <span class='ocrx_word' id='word_1_27' title='bbox 511 745 579 806; x_wconf 92' lang='lat' dir='ltr'><strong>toto</strong></span> <span class='ocrx_word' id='word_1_28' title='bbox 593 745 741 822; x_wconf 88' lang='lat' dir='ltr'><strong>tempore</strong></span> <span class='ocrx_word' id='word_1_29' title='bbox 751 747 828 808; x_wconf 80' lang='lat' dir='ltr'><strong>vitea</strong></span> <span class='ocrx_word' id='word_1_30' title='bbox 843 747 977 820; x_wconf 81' lang='lat' dir='ltr'><strong>nostrae,</strong></span> <span class='ocrx_word' id='word_1_31' title='bbox 989 747 1022 808; x_wconf 90' lang='lat' dir='ltr'><strong>et</strong></span> <span class='ocrx_word' id='word_1_32' title='bbox 1036 747 1071 808; x_wconf 91' lang='lat' dir='ltr'><strong>in</strong></span> <span class='ocrx_word' id='word_1_33' title='bbox 1082 763 1138 824; x_wconf 88' lang='lat' dir='ltr'><strong>pa·</strong></span> <span class='ocrx_word' id='word_1_34' title='bbox 1226 715 1367 786; x_wconf 48' lang='lat' dir='ltr'><strong>W&amp;</strong></span> <span class='ocrx_word' id='word_1_35' title='bbox 1380 713 1413 776; x_wconf 51' lang='lat' dir='ltr'><strong>et</strong></span> <span class='ocrx_word' id='word_1_36' title='bbox 1427 716 1512 776; x_wconf 61' lang='lat'>“²¹⁰⁸</span> <span class='ocrx_word' id='word_1_37' title='bbox 1525 716 1750 776; x_wconf 37' lang='lat' dir='ltr'><em>⁰⁰⁰&amp;an</em></span> <span class='ocrx_word' id='word_1_38' title='bbox 1757 715 1937 788; x_wconf 53' lang='lat' dir='ltr'><strong>mmm·</strong></span> 
     </span>
     <span class='ocr_line' id='line_1_6' title="bbox 343 826 1719 920; baseline -0.001 -19"><span class='ocrx_word' id='word_1_39' title='bbox 343 840 439 903; x_wconf 89' lang='lat' dir='ltr'><strong>ciiica</strong></span> <span class='ocrx_word' id='word_1_40' title='bbox 462 843 674 919; x_wconf 83' lang='lat' dir='ltr'><strong>possessione</strong></span> <span class='ocrx_word' id='word_1_41' title='bbox 697 843 931 920; x_wconf 85' lang='lat' dir='ltr'><strong>praedictorum</strong></span> <span class='ocrx_word' id='word_1_42' title='bbox 954 859 1028 905; x_wconf 89' lang='lat' dir='ltr'><strong>eam</strong></span> <span class='ocrx_word' id='word_1_43' title='bbox 1051 860 1135 906; x_wconf 76' lang='lat' dir='ltr'><strong>con·</strong></span> <span class='ocrx_word' id='word_1_44' title='bbox 1451 826 1719 900; x_wconf 52' lang='grc' dir='ltr'><strong>1911111111ἳῖ4·</strong></span> 
     </span>
     <span class='ocr_line' id='line_1_7' title="bbox 344 931 1851 1017; baseline 0 -16"><span class='ocrx_word' id='word_1_45' title='bbox 344 939 550 1002; x_wconf 80' lang='lat' dir='ltr'><strong>servabimus</strong></span> <span class='ocrx_word' id='word_1_46' title='bbox 565 954 625 1017; x_wconf 92' lang='lat' dir='ltr'><strong>pro</strong></span> <span class='ocrx_word' id='word_1_47' title='bbox 641 954 739 1017; x_wconf 88' lang='lat' dir='ltr'><strong>posse</strong></span> <span class='ocrx_word' id='word_1_48' title='bbox 761 945 875 1003; x_wconf 88' lang='lat' dir='ltr'><strong>nostro</strong></span> <span class='ocrx_word' id='word_1_49' title='bbox 897 941 983 1003; x_wconf 90' lang='lat' dir='ltr'><strong>bona</strong></span> <span class='ocrx_word' id='word_1_50' title='bbox 1007 941 1082 1003; x_wconf 87' lang='lat' dir='ltr'><strong>tide.</strong></span> <span class='ocrx_word' id='word_1_51' title='bbox 1098 941 1138 1003; x_wconf 80' lang='lat' dir='ltr'><strong>st</strong></span> <span class='ocrx_word' id='word_1_52' title='bbox 1325 931 1464 992; x_wconf 76' lang='lat' dir='ltr'><strong>[Stratike.</strong></span> <span class='ocrx_word' id='word_1_53' title='bbox 1477 933 1539 982; x_wconf 59' lang='grc' dir='ltr'><strong>Τὼ·</strong></span> <span class='ocrx_word' id='word_1_54' title='bbox 1558 932 1613 982; x_wconf 67' lang='lat'>⁰¹¹¹·</span> <span class='ocrx_word' id='word_1_55' title='bbox 1627 933 1731 994; x_wconf 77' lang='lat' dir='ltr'><strong>meuc,</strong></span> <span class='ocrx_word' id='word_1_56' title='bbox 1743 945 1769 996; x_wconf 83' lang='grc'><strong>1·</strong></span> <span class='ocrx_word' id='word_1_57' title='bbox 1782 931 1851 997; x_wconf 64' lang='grc'><strong>3031</strong></span> 
     </span>
     <span class='ocr_line' id='line_1_8' title="bbox 343 1035 1986 1116; baseline -0.001 -18"><span class='ocrx_word' id='word_1_58' title='bbox 343 1038 385 1098; x_wconf 85' lang='lat' dir='ltr'><strong>ad</strong></span> <span class='ocrx_word' id='word_1_59' title='bbox 400 1041 559 1116; x_wconf 85' lang='lat' dir='ltr'><strong>majorem</strong></span> <span class='ocrx_word' id='word_1_60' title='bbox 576 1038 675 1114; x_wconf 87' lang='lat' dir='ltr'><strong>hujus</strong></span> <span class='ocrx_word' id='word_1_61' title='bbox 688 1039 737 1099; x_wconf 91' lang='lat' dir='ltr'><strong>rei</strong></span> <span class='ocrx_word' id='word_1_62' title='bbox 760 1039 973 1100; x_wconf 82' lang='lat' dir='ltr'><strong>securitatem</strong></span> <span class='ocrx_word' id='word_1_63' title='bbox 986 1040 1026 1100; x_wconf 94' lang='lat' dir='ltr'><strong>ad</strong></span> <span class='ocrx_word' id='word_1_64' title='bbox 1042 1053 1138 1100; x_wconf 85' lang='lat' dir='ltr'><strong>man·</strong></span> <span class='ocrx_word' id='word_1_65' title='bbox 1191 1035 1276 1098; x_wconf 85' lang='lat' dir='ltr'><strong>Vetat</strong></span> <span class='ocrx_word' id='word_1_66' title='bbox 1307 1037 1415 1095; x_wconf 82' lang='lat' dir='ltr'><strong>ordinis</strong></span> <span class='ocrx_word' id='word_1_67' title='bbox 1452 1037 1621 1096; x_wconf 72' lang='lat' dir='ltr'><strong>theutonici</strong></span> <span class='ocrx_word' id='word_1_68' title='bbox 1657 1037 1790 1096; x_wconf 86' lang='lat' dir='ltr'><strong>homines</strong></span> <span class='ocrx_word' id='word_1_69' title='bbox 1823 1039 1986 1112; x_wconf 85' lang='lat' dir='ltr'><strong>pecuniaria</strong></span> 
     </span>
     <span class='ocr_line' id='line_1_9' title="bbox 344 1127 1985 1213; baseline 0.002 -16"><span class='ocrx_word' id='word_1_70' title='bbox 344 1135 455 1196; x_wconf 88' lang='lat' dir='ltr'><strong>datum</strong></span> <span class='ocrx_word' id='word_1_71' title='bbox 484 1136 635 1197; x_wconf 90' lang='lat' dir='ltr'><strong>nostrum</strong></span> <span class='ocrx_word' id='word_1_72' title='bbox 657 1137 856 1212; x_wconf 85' lang='lat' dir='ltr'><strong>juraverunt</strong></span> <span class='ocrx_word' id='word_1_73' title='bbox 881 1136 1134 1213; x_wconf 90' lang='lat' dir='ltr'><strong>archiepiscopi,</strong></span> <span class='ocrx_word' id='word_1_74' title='bbox 1227 1139 1311 1198; x_wconf 86' lang='lat' dir='ltr'><strong>poene</strong></span> <span class='ocrx_word' id='word_1_75' title='bbox 1335 1127 1428 1198; x_wconf 87' lang='lat' dir='ltr'><strong>puniri</strong></span> <span class='ocrx_word' id='word_1_76' title='bbox 1447 1131 1475 1184; x_wconf 73' lang='lat'><strong>0¹</strong></span> <span class='ocrx_word' id='word_1_77' title='bbox 1495 1127 1625 1184; x_wconf 84' lang='lat' dir='ltr'><strong>ecclesiis</strong></span> <span class='ocrx_word' id='word_1_78' title='bbox 1643 1133 1691 1184; x_wconf 70' lang='lat'><strong>⁰¹¹¹</strong></span> <span class='ocrx_word' id='word_1_79' title='bbox 1706 1127 1879 1200; x_wconf 85' lang='lat' dir='ltr'><strong>presbyteris</strong></span> <span class='ocrx_word' id='word_1_80' title='bbox 1903 1141 1985 1184; x_wconf 74' lang='lat'><strong>0¹⁸⁰·</strong></span> 
     </span>
     <span class='ocr_line' id='line_1_10' title="bbox 343 1213 1615 1310; baseline 0 -17"><span class='ocrx_word' id='word_1_81' title='bbox 343 1229 651 1309; x_wconf 81' lang='lat' dir='ltr'><strong>episcoptbarones</strong></span> <span class='ocrx_word' id='word_1_82' title='bbox 663 1232 895 1304; x_wconf 89' lang='lat' dir='ltr'><strong>etaliiclerici,</strong></span> <span class='ocrx_word' id='word_1_83' title='bbox 905 1235 937 1294; x_wconf 88' lang='lat' dir='ltr'><strong>et</strong></span> <span class='ocrx_word' id='word_1_84' title='bbox 948 1233 1038 1305; x_wconf 89' lang='lat' dir='ltr'><strong>laici,</strong></span> <span class='ocrx_word' id='word_1_85' title='bbox 1051 1233 1136 1310; x_wconf 87' lang='lat' dir='ltr'><strong>quod</strong></span> <span class='ocrx_word' id='word_1_86' title='bbox 1228 1215 1320 1272; x_wconf 61' lang='lat'><strong>“⁰⁰0⁸</strong></span> <span class='ocrx_word' id='word_1_87' title='bbox 1339 1213 1481 1272; x_wconf 82' lang='lat' dir='ltr'><strong>indebitas</strong></span> <span class='ocrx_word' id='word_1_88' title='bbox 1495 1215 1615 1287; x_wconf 61' lang='lat' dir='ltr'><strong>im90³1·</strong></span> 
     </span>
     <span class='ocr_line' id='line_1_11' title="bbox 343 1323 1984 1409; baseline -0.004 -18"><span class='ocrx_word' id='word_1_89' title='bbox 343 1343 516 1408; x_wconf 89' lang='lat' dir='ltr'><strong>proposse</strong></span> <span class='ocrx_word' id='word_1_90' title='bbox 536 1343 597 1390; x_wconf 88' lang='lat' dir='ltr'><strong>sno</strong></span> <span class='ocrx_word' id='word_1_91' title='bbox 613 1329 719 1390; x_wconf 91' lang='lat' dir='ltr'><strong>modis</strong></span> <span class='ocrx_word' id='word_1_92' title='bbox 733 1330 886 1391; x_wconf 89' lang='lat' dir='ltr'><strong>omnibus</strong></span> <span class='ocrx_word' id='word_1_93' title='bbox 901 1330 1035 1403; x_wconf 85' lang='lat' dir='ltr'><strong>facient,</strong></span> <span class='ocrx_word' id='word_1_94' title='bbox 1059 1344 1138 1409; x_wconf 93' lang='lat' dir='ltr'><strong>pro-</strong></span> <span class='ocrx_word' id='word_1_95' title='bbox 1231 1323 1397 1384; x_wconf 85' lang='lat' dir='ltr'><strong>Honorius</strong></span> <span class='ocrx_word' id='word_1_96' title='bbox 1410 1323 1596 1401; x_wconf 88' lang='lat' dir='ltr'><strong>episcopus,</strong></span> <span class='ocrx_word' id='word_1_97' title='bbox 1607 1337 1904 1386; x_wconf 88' lang='lat' dir='ltr'><strong>servusservorum</strong></span> <span class='ocrx_word' id='word_1_98' title='bbox 1916 1324 1984 1395; x_wconf 88' lang='lat' dir='ltr'><strong>Dei,</strong></span> 
     </span>
     <span class='ocr_line' id='line_1_12' title="bbox 344 1420 1986 1504; baseline -0.004 -15"><span class='ocrx_word' id='word_1_99' title='bbox 344 1427 519 1498; x_wconf 86' lang='lat' dir='ltr'><strong>curabunt,</strong></span> <span class='ocrx_word' id='word_1_100' title='bbox 534 1427 567 1488; x_wconf 89' lang='lat' dir='ltr'><strong>et</strong></span> <span class='ocrx_word' id='word_1_101' title='bbox 581 1422 705 1489; x_wconf 85' lang='lat' dir='ltr'><strong>dabunt</strong></span> <span class='ocrx_word' id='word_1_102' title='bbox 717 1441 851 1504; x_wconf 88' lang='lat' dir='ltr'><strong>operam</strong></span> <span class='ocrx_word' id='word_1_103' title='bbox 861 1427 1041 1500; x_wconf 83' lang='lat' dir='ltr'><strong>efficacem,</strong></span> <span class='ocrx_word' id='word_1_104' title='bbox 1051 1428 1137 1504; x_wconf 87' lang='lat' dir='ltr'><strong>qnod</strong></span> <span class='ocrx_word' id='word_1_105' title='bbox 1192 1420 1439 1482; x_wconf 88' lang='lat' dir='ltr'><strong>venerabilibus</strong></span> <span class='ocrx_word' id='word_1_106' title='bbox 1473 1420 1632 1483; x_wconf 89' lang='lat' dir='ltr'><strong>fratribus</strong></span> <span class='ocrx_word' id='word_1_107' title='bbox 1664 1421 1928 1500; x_wconf 81' lang='lat' dir='ltr'><strong>archiepiscopis</strong></span> <span class='ocrx_word' id='word_1_108' title='bbox 1955 1423 1986 1483; x_wconf 86' lang='lat' dir='ltr'><strong>et</strong></span> 
     </span>
     <span class='ocr_line' id='line_1_13' title="bbox 344 1516 1984 1602; baseline -0.005 -16"><span class='ocrx_word' id='word_1_109' title='bbox 344 1525 455 1586; x_wconf 86' lang='lat' dir='ltr'><strong>omnia</strong></span> <span class='ocrx_word' id='word_1_110' title='bbox 469 1525 556 1586; x_wconf 89' lang='lat' dir='ltr'><strong>sicut</strong></span> <span class='ocrx_word' id='word_1_111' title='bbox 569 1525 692 1601; x_wconf 88' lang='lat' dir='ltr'><strong>scripta</strong></span> <span class='ocrx_word' id='word_1_112' title='bbox 707 1525 785 1586; x_wconf 90' lang='lat' dir='ltr'><strong>sunt</strong></span> <span class='ocrx_word' id='word_1_113' title='bbox 797 1525 947 1602; x_wconf 87' lang='lat' dir='ltr'><strong>plenarie</strong></span> <span class='ocrx_word' id='word_1_114' title='bbox 957 1525 1139 1588; x_wconf 73' lang='lat' dir='ltr'><strong>observien-</strong></span> <span class='ocrx_word' id='word_1_115' title='bbox 1192 1516 1358 1593; x_wconf 87' lang='lat' dir='ltr'><strong>episcopis</strong></span> <span class='ocrx_word' id='word_1_116' title='bbox 1375 1519 1408 1578; x_wconf 91' lang='lat' dir='ltr'><strong>et</strong></span> <span class='ocrx_word' id='word_1_117' title='bbox 1422 1517 1553 1579; x_wconf 90' lang='lat' dir='ltr'><strong>dilectis</strong></span> <span class='ocrx_word' id='word_1_118' title='bbox 1568 1517 1647 1579; x_wconf 85' lang='lat' dir='ltr'><strong>tiliis</strong></span> <span class='ocrx_word' id='word_1_119' title='bbox 1661 1517 1848 1589; x_wconf 89' lang='lat' dir='ltr'><strong>abbatibus,</strong></span> <span class='ocrx_word' id='word_1_120' title='bbox 1863 1519 1984 1596; x_wconf 82' lang='lat' dir='ltr'><strong>priori·</strong></span> 
     </span>
     <span class='ocr_line' id='line_1_14' title="bbox 343 1613 1987 1694; baseline 0.002 -10"><span class='ocrx_word' id='word_1_121' title='bbox 343 1623 400 1684; x_wconf 91' lang='lat' dir='ltr'><strong>tur</strong></span> <span class='ocrx_word' id='word_1_122' title='bbox 413 1625 446 1684; x_wconf 91' lang='lat' dir='ltr'><strong>et</strong></span> <span class='ocrx_word' id='word_1_123' title='bbox 463 1622 555 1684; x_wconf 93' lang='lat' dir='ltr'><strong>nullo</strong></span> <span class='ocrx_word' id='word_1_124' title='bbox 570 1623 666 1682; x_wconf 92' lang='lat' dir='ltr'><strong>modo</strong></span> <span class='ocrx_word' id='word_1_125' title='bbox 686 1623 801 1684; x_wconf 90' lang='lat' dir='ltr'><strong>contra</strong></span> <span class='ocrx_word' id='word_1_126' title='bbox 814 1623 880 1694; x_wconf 84' lang='lat' dir='ltr'><strong>net,</strong></span> <span class='ocrx_word' id='word_1_127' title='bbox 898 1624 931 1684; x_wconf 90' lang='lat' dir='ltr'><strong>et</strong></span> <span class='ocrx_word' id='word_1_128' title='bbox 945 1622 986 1683; x_wconf 91' lang='lat' dir='ltr'><strong>de</strong></span> <span class='ocrx_word' id='word_1_129' title='bbox 1005 1621 1098 1683; x_wconf 86' lang='lat' dir='ltr'><strong>hocf</strong></span> <span class='ocrx_word' id='word_1_130' title='bbox 1118 1651 1137 1667; x_wconf 83' lang='lat'>-</span> <span class='ocrx_word' id='word_1_131' title='bbox 1192 1613 1264 1686; x_wconf 72' lang='lat' dir='ltr'><strong>bus,</strong></span> <span class='ocrx_word' id='word_1_132' title='bbox 1281 1614 1427 1686; x_wconf 68' lang='lat' dir='ltr'><strong>decanis,</strong></span> <span class='ocrx_word' id='word_1_133' title='bbox 1445 1615 1703 1689; x_wconf 67' lang='lat' dir='ltr'><strong>archidiaconis,</strong></span> <span class='ocrx_word' id='word_1_134' title='bbox 1720 1615 1920 1693; x_wconf 66' lang='grc' dir='ltr'><strong>111910δί118,</strong></span> <span class='ocrx_word' id='word_1_135' title='bbox 1934 1631 1987 1676; x_wconf 74' lang='lat' dir='ltr'><strong>ar·</strong></span> 
     </span>
     <span class='ocr_line' id='line_1_15' title="bbox 344 1707 1982 1798; baseline 0.002 -18"><span class='ocrx_word' id='word_1_136' title='bbox 344 1720 472 1792; x_wconf 90' lang='lat' dir='ltr'><strong>ciendo,</strong></span> <span class='ocrx_word' id='word_1_137' title='bbox 489 1719 759 1780; x_wconf 87' lang='lat' dir='ltr'><strong>etconservando</strong></span> <span class='ocrx_word' id='word_1_138' title='bbox 772 1718 912 1798; x_wconf 75' lang='lat' dir='ltr'><strong>quilibet</strong></span> <span class='ocrx_word' id='word_1_139' title='bbox 924 1735 1039 1782; x_wconf 90' lang='lat' dir='ltr'><strong>eorum</strong></span> <span class='ocrx_word' id='word_1_140' title='bbox 1049 1719 1139 1780; x_wconf 91' lang='lat' dir='ltr'><strong>dedit</strong></span> <span class='ocrx_word' id='word_1_141' title='bbox 1193 1707 1452 1790; x_wconf 75' lang='lat' dir='ltr'><strong>chipfeshyteris</strong></span> <span class='ocrx_word' id='word_1_142' title='bbox 1467 1714 1587 1774; x_wconf 75' lang='lat' dir='ltr'><strong>etaliis</strong></span> <span class='ocrx_word' id='word_1_143' title='bbox 1597 1714 1813 1775; x_wconf 76' lang='lat' dir='ltr'><strong>ecclesiarum</strong></span> <span class='ocrx_word' id='word_1_144' title='bbox 1829 1715 1982 1791; x_wconf 65' lang='lat' dir='ltr'><strong>praelatist</strong></span> 
     </span>
     <span class='ocr_line' id='line_1_16' title="bbox 343 1809 1986 1893; baseline -0.004 -15"><span class='ocrx_word' id='word_1_145' title='bbox 343 1817 474 1879; x_wconf 68' lang='lat' dir='ltr'><strong>liberas</strong></span> <span class='ocrx_word' id='word_1_146' title='bbox 488 1833 567 1878; x_wconf 86' lang='lat' dir='ltr'><strong>suas</strong></span> <span class='ocrx_word' id='word_1_147' title='bbox 584 1817 734 1893; x_wconf 89' lang='lat' dir='ltr'><strong>patentes</strong></span> <span class='ocrx_word' id='word_1_148' title='bbox 760 1817 866 1877; x_wconf 90' lang='lat' dir='ltr'><strong>eidem</strong></span> <span class='ocrx_word' id='word_1_149' title='bbox 891 1817 1027 1892; x_wconf 76' lang='lat' dir='ltr'><strong>reginae,</strong></span> <span class='ocrx_word' id='word_1_150' title='bbox 1053 1817 1085 1878; x_wconf 88' lang='lat' dir='ltr'><strong>et</strong></span> <span class='ocrx_word' id='word_1_151' title='bbox 1109 1816 1139 1876; x_wconf 92' lang='lat' dir='ltr'><strong>si</strong></span> <span class='ocrx_word' id='word_1_152' title='bbox 1194 1809 1235 1870; x_wconf 83' lang='lat' dir='ltr'><strong>ad</strong></span> <span class='ocrx_word' id='word_1_153' title='bbox 1248 1825 1330 1886; x_wconf 84' lang='lat' dir='ltr'><strong>quos</strong></span> <span class='ocrx_word' id='word_1_154' title='bbox 1344 1810 1548 1872; x_wconf 81' lang='lat' dir='ltr'><strong>litteraeistae</strong></span> <span class='ocrx_word' id='word_1_155' title='bbox 1560 1811 1783 1887; x_wconf 82' lang='lat' dir='ltr'><strong>pervenerint,</strong></span> <span class='ocrx_word' id='word_1_156' title='bbox 1800 1811 1986 1874; x_wconf 87' lang='lat' dir='ltr'><strong>salutemet</strong></span> 
     </span>
     <span class='ocr_line' id='line_1_17' title="bbox 344 1907 1706 1989; baseline -0.003 -15"><span class='ocrx_word' id='word_1_157' title='bbox 344 1911 449 1988; x_wconf 88' lang='lat' dir='ltr'><strong>aliqui</strong></span> <span class='ocrx_word' id='word_1_158' title='bbox 462 1911 503 1973; x_wconf 92' lang='lat' dir='ltr'><strong>de</strong></span> <span class='ocrx_word' id='word_1_159' title='bbox 514 1911 682 1989; x_wconf 85' lang='lat' dir='ltr'><strong>praedictis</strong></span> <span class='ocrx_word' id='word_1_160' title='bbox 698 1912 821 1988; x_wconf 90' lang='lat' dir='ltr'><strong>juratis</strong></span> <span class='ocrx_word' id='word_1_161' title='bbox 834 1911 1048 1983; x_wconf 87' lang='lat' dir='ltr'><strong>decesserint,</strong></span> <span class='ocrx_word' id='word_1_162' title='bbox 1063 1921 1141 1970; x_wconf 88' lang='lat' dir='ltr'><strong>sno-</strong></span> <span class='ocrx_word' id='word_1_163' title='bbox 1194 1907 1410 1984; x_wconf 84' lang='lat' dir='ltr'><strong>apostolicam</strong></span> <span class='ocrx_word' id='word_1_164' title='bbox 1431 1907 1706 1972; x_wconf 87' lang='lat' dir='ltr'><strong>benedictionem.</strong></span> 
     </span>
     <span class='ocr_line' id='line_1_18' title="bbox 344 2005 1987 2076; baseline -0.002 -6"><span class='ocrx_word' id='word_1_165' title='bbox 344 2023 495 2070; x_wconf 91' lang='lat' dir='ltr'><strong>cessores</strong></span> <span class='ocrx_word' id='word_1_166' title='bbox 518 2023 632 2070; x_wconf 90' lang='lat' dir='ltr'><strong>eorum</strong></span> <span class='ocrx_word' id='word_1_167' title='bbox 651 2008 724 2069; x_wconf 93' lang='lat' dir='ltr'><strong>loco</strong></span> <span class='ocrx_word' id='word_1_168' title='bbox 751 2021 866 2068; x_wconf 90' lang='lat' dir='ltr'><strong>eorum</strong></span> <span class='ocrx_word' id='word_1_169' title='bbox 891 2007 1050 2068; x_wconf 86' lang='lat' dir='ltr'><strong>faciemus</strong></span> <span class='ocrx_word' id='word_1_170' title='bbox 1077 2007 1139 2068; x_wconf 92' lang='lat' dir='ltr'><strong>hoc</strong></span> <span class='ocrx_word' id='word_1_171' title='bbox 1234 2005 1374 2076; x_wconf 85' lang='lat' dir='ltr'><strong>Querela</strong></span> <span class='ocrx_word' id='word_1_172' title='bbox 1396 2005 1591 2067; x_wconf 90' lang='lat' dir='ltr'><strong>dilectorum</strong></span> <span class='ocrx_word' id='word_1_173' title='bbox 1606 2005 1751 2068; x_wconf 86' lang='lat' dir='ltr'><strong>tiliorum</strong></span> <span class='ocrx_word' id='word_1_174' title='bbox 1776 2005 1918 2068; x_wconf 76' lang='lat' dir='ltr'><strong>fratrum</strong></span> <span class='ocrx_word' id='word_1_175' title='bbox 1932 2006 1987 2067; x_wconf 91' lang='lat' dir='ltr'><strong>do-</strong></span> 
     </span>
     <span class='ocr_line' id='line_1_19' title="bbox 343 2102 1987 2182; baseline 0 -16"><span class='ocrx_word' id='word_1_176' title='bbox 343 2106 433 2166; x_wconf 90' lang='lat' dir='ltr'><strong>idem</strong></span> <span class='ocrx_word' id='word_1_177' title='bbox 444 2109 571 2181; x_wconf 88' lang='lat' dir='ltr'><strong>jurare,</strong></span> <span class='ocrx_word' id='word_1_178' title='bbox 595 2105 628 2165; x_wconf 90' lang='lat' dir='ltr'><strong>et</strong></span> <span class='ocrx_word' id='word_1_179' title='bbox 646 2105 742 2173; x_wconf 88' lang='lat' dir='ltr'><strong>alios,</strong></span> <span class='ocrx_word' id='word_1_180' title='bbox 759 2119 841 2182; x_wconf 87' lang='lat' dir='ltr'><strong>quos</strong></span> <span class='ocrx_word' id='word_1_181' title='bbox 867 2104 1001 2165; x_wconf 87' lang='lat' dir='ltr'><strong>domina</strong></span> <span class='ocrx_word' id='word_1_182' title='bbox 1023 2105 1139 2180; x_wconf 82' lang='lat' dir='ltr'><strong>regina</strong></span> <span class='ocrx_word' id='word_1_183' title='bbox 1195 2117 1268 2162; x_wconf 90' lang='lat' dir='ltr'><strong>mus</strong></span> <span class='ocrx_word' id='word_1_184' title='bbox 1283 2102 1465 2178; x_wconf 88' lang='lat' dir='ltr'><strong>Hospitalis</strong></span> <span class='ocrx_word' id='word_1_185' title='bbox 1481 2103 1612 2165; x_wconf 80' lang='lat' dir='ltr'><strong>Sanctae</strong></span> <span class='ocrx_word' id='word_1_186' title='bbox 1632 2104 1747 2166; x_wconf 87' lang='lat' dir='ltr'><strong>Mariae</strong></span> <span class='ocrx_word' id='word_1_187' title='bbox 1766 2103 1987 2166; x_wconf 71' lang='lat' dir='ltr'><strong>‘theutonico-</strong></span> 
     </span>
     <span class='ocr_line' id='line_1_20' title="bbox 345 2199 1987 2276; baseline -0.002 -12"><span class='ocrx_word' id='word_1_188' title='bbox 345 2217 457 2264; x_wconf 83' lang='lat' dir='ltr'><strong>causae</strong></span> <span class='ocrx_word' id='word_1_189' title='bbox 478 2215 546 2263; x_wconf 85' lang='lat' dir='ltr'><strong>suas</strong></span> <span class='ocrx_word' id='word_1_190' title='bbox 570 2201 691 2262; x_wconf 91' lang='lat' dir='ltr'><strong>viderit</strong></span> <span class='ocrx_word' id='word_1_191' title='bbox 714 2201 933 2273; x_wconf 86' lang='lat' dir='ltr'><strong>necessarios,</strong></span> <span class='ocrx_word' id='word_1_192' title='bbox 961 2202 995 2264; x_wconf 88' lang='lat' dir='ltr'><strong>et</strong></span> <span class='ocrx_word' id='word_1_193' title='bbox 1019 2200 1140 2262; x_wconf 90' lang='lat' dir='ltr'><strong>litteris</strong></span> <span class='ocrx_word' id='word_1_194' title='bbox 1195 2214 1268 2260; x_wconf 89' lang='lat' dir='ltr'><strong>rum</strong></span> <span class='ocrx_word' id='word_1_195' title='bbox 1295 2199 1588 2276; x_wconf 89' lang='lat' dir='ltr'><strong>Hierosolymitani</strong></span> <span class='ocrx_word' id='word_1_196' title='bbox 1628 2200 1670 2261; x_wconf 88' lang='lat' dir='ltr'><strong>ad</strong></span> <span class='ocrx_word' id='word_1_197' title='bbox 1696 2215 1758 2262; x_wconf 91' lang='lat' dir='ltr'><strong>nos</strong></span> <span class='ocrx_word' id='word_1_198' title='bbox 1793 2201 1987 2262; x_wconf 86' lang='lat' dir='ltr'><strong>transmissa</strong></span> 
     </span>
     <span class='ocr_line' id='line_1_21' title="bbox 345 2296 1985 2375; baseline -0.002 -14"><span class='ocrx_word' id='word_1_199' title='bbox 345 2299 535 2361; x_wconf 88' lang='lat' dir='ltr'><strong>eorumdem</strong></span> <span class='ocrx_word' id='word_1_200' title='bbox 557 2297 744 2375; x_wconf 88' lang='lat' dir='ltr'><strong>patentibus</strong></span> <span class='ocrx_word' id='word_1_201' title='bbox 754 2298 961 2360; x_wconf 85' lang='lat' dir='ltr'><strong>confirmare.</strong></span> <span class='ocrx_word' id='word_1_202' title='bbox 985 2296 1140 2360; x_wconf 87' lang='lat' dir='ltr'><strong>Volentes</strong></span> <span class='ocrx_word' id='word_1_203' title='bbox 1195 2297 1358 2374; x_wconf 86' lang='lat' dir='ltr'><strong>pervenit,</strong></span> <span class='ocrx_word' id='word_1_204' title='bbox 1383 2297 1469 2374; x_wconf 89' lang='lat' dir='ltr'><strong>quod</strong></span> <span class='ocrx_word' id='word_1_205' title='bbox 1496 2297 1646 2359; x_wconf 87' lang='lat' dir='ltr'><strong>homines</strong></span> <span class='ocrx_word' id='word_1_206' title='bbox 1675 2297 1886 2371; x_wconf 91' lang='lat' dir='ltr'><strong>eorumdem,</strong></span> <span class='ocrx_word' id='word_1_207' title='bbox 1909 2313 1985 2375; x_wconf 84' lang='lat' dir='ltr'><strong>quos</strong></span> 
     </span>
     <span class='ocr_line' id='line_1_22' title="bbox 346 2394 1987 2476; baseline -0.003 -16"><span class='ocrx_word' id='word_1_208' title='bbox 346 2400 449 2476; x_wconf 80' lang='lat' dir='ltr'><strong>igitur</strong></span> <span class='ocrx_word' id='word_1_209' title='bbox 462 2399 604 2461; x_wconf 79' lang='lat' dir='ltr'><strong>domina</strong></span> <span class='ocrx_word' id='word_1_210' title='bbox 617 2399 742 2473; x_wconf 84' lang='lat' dir='ltr'><strong>reginae</strong></span> <span class='ocrx_word' id='word_1_211' title='bbox 757 2411 856 2474; x_wconf 87' lang='lat' dir='ltr'><strong>super</strong></span> <span class='ocrx_word' id='word_1_212' title='bbox 866 2397 1034 2474; x_wconf 75' lang='lat' dir='ltr'><strong>predictis</strong></span> <span class='ocrx_word' id='word_1_213' title='bbox 1045 2396 1141 2473; x_wconf 94' lang='lat' dir='ltr'><strong>plene</strong></span> <span class='ocrx_word' id='word_1_214' title='bbox 1195 2394 1358 2455; x_wconf 89' lang='lat' dir='ltr'><strong>adulterio</strong></span> <span class='ocrx_word' id='word_1_215' title='bbox 1383 2395 1436 2456; x_wconf 91' lang='lat' dir='ltr'><strong>vel</strong></span> <span class='ocrx_word' id='word_1_216' title='bbox 1470 2395 1536 2456; x_wconf 90' lang='lat' dir='ltr'><strong>alio</strong></span> <span class='ocrx_word' id='word_1_217' title='bbox 1571 2395 1711 2457; x_wconf 91' lang='lat' dir='ltr'><strong>crimine</strong></span> <span class='ocrx_word' id='word_1_218' title='bbox 1744 2395 1987 2474; x_wconf 86' lang='lat' dir='ltr'><strong>deprehenditis</strong></span> 
     </span>
     <span class='ocr_line' id='line_1_23' title="bbox 345 2491 1986 2574; baseline -0.005 -14"><span class='ocrx_word' id='word_1_219' title='bbox 345 2511 475 2569; x_wconf 84' lang='lat' dir='ltr'><strong>cavere,</strong></span> <span class='ocrx_word' id='word_1_220' title='bbox 492 2495 717 2574; x_wconf 86' lang='lat' dir='ltr'><strong>supplicamns</strong></span> <span class='ocrx_word' id='word_1_221' title='bbox 732 2494 864 2557; x_wconf 88' lang='lat' dir='ltr'><strong>domino</strong></span> <span class='ocrx_word' id='word_1_222' title='bbox 886 2509 979 2571; x_wconf 87' lang='lat' dir='ltr'><strong>papae</strong></span> <span class='ocrx_word' id='word_1_223' title='bbox 997 2493 1141 2555; x_wconf 83' lang='lat' dir='ltr'><strong>fideliter</strong></span> <span class='ocrx_word' id='word_1_224' title='bbox 1195 2492 1354 2561; x_wconf 88' lang='lat' dir='ltr'><strong>irretitos,</strong></span> <span class='ocrx_word' id='word_1_225' title='bbox 1366 2495 1480 2553; x_wconf 90' lang='lat' dir='ltr'><strong>contra</strong></span> <span class='ocrx_word' id='word_1_226' title='bbox 1496 2491 1701 2556; x_wconf 87' lang='lat' dir='ltr'><strong>libertatesa</strong></span> <span class='ocrx_word' id='word_1_227' title='bbox 1719 2491 1852 2570; x_wconf 83' lang='lat' dir='ltr'><strong>regibus</strong></span> <span class='ocrx_word' id='word_1_228' title='bbox 1870 2497 1906 2556; x_wconf 90' lang='lat' dir='ltr'><strong>et</strong></span> <span class='ocrx_word' id='word_1_229' title='bbox 1918 2494 1986 2555; x_wconf 92' lang='lat' dir='ltr'><strong>aliis</strong></span> 
     </span>
     <span class='ocr_line' id='line_1_24' title="bbox 346 2588 2068 2674; baseline -0.003 -17"><span class='ocrx_word' id='word_1_230' title='bbox 346 2595 432 2674; x_wconf 84' lang='lat' dir='ltr'><strong>quod</strong></span> <span class='ocrx_word' id='word_1_231' title='bbox 442 2593 552 2657; x_wconf 91' lang='lat' dir='ltr'><strong>omnia</strong></span> <span class='ocrx_word' id='word_1_232' title='bbox 563 2593 627 2655; x_wconf 86' lang='lat' dir='ltr'><strong>iste</strong></span> <span class='ocrx_word' id='word_1_233' title='bbox 640 2591 812 2654; x_wconf 86' lang='lat' dir='ltr'><strong>confirmet</strong></span> <span class='ocrx_word' id='word_1_234' title='bbox 826 2593 859 2654; x_wconf 88' lang='lat' dir='ltr'><strong>et</strong></span> <span class='ocrx_word' id='word_1_235' title='bbox 871 2591 1015 2668; x_wconf 90' lang='lat' dir='ltr'><strong>apponat</strong></span> <span class='ocrx_word' id='word_1_236' title='bbox 1025 2605 1141 2652; x_wconf 90' lang='lat' dir='ltr'><strong>omnes</strong></span> <span class='ocrx_word' id='word_1_237' title='bbox 1197 2588 1402 2666; x_wconf 90' lang='lat' dir='ltr'><strong>principibus</strong></span> <span class='ocrx_word' id='word_1_238' title='bbox 1422 2589 1504 2666; x_wconf 90' lang='lat' dir='ltr'><strong>ipsis</strong></span> <span class='ocrx_word' id='word_1_239' title='bbox 1520 2589 1665 2652; x_wconf 88' lang='lat' dir='ltr'><strong>indultas</strong></span> <span class='ocrx_word' id='word_1_240' title='bbox 1687 2591 1881 2669; x_wconf 89' lang='lat' dir='ltr'><strong>pecuniaria</strong></span> <span class='ocrx_word' id='word_1_241' title='bbox 1897 2605 1986 2670; x_wconf 87' lang='lat' dir='ltr'><strong>poena</strong></span> <span class='ocrx_word' id='word_1_242' title='bbox 2067 2661 2068 2668; x_wconf 38' lang='lat'><strong>,</strong></span> 
     </span>
     <span class='ocr_line' id='line_1_25' title="bbox 347 2677 2068 2768; baseline -0.003 -14"><span class='ocrx_word' id='word_1_243' title='bbox 347 2691 562 2763; x_wconf 84' lang='lat' dir='ltr'><strong>securitates,</strong></span> <span class='ocrx_word' id='word_1_244' title='bbox 585 2705 669 2768; x_wconf 87' lang='lat' dir='ltr'><strong>quas</strong></span> <span class='ocrx_word' id='word_1_245' title='bbox 690 2689 812 2752; x_wconf 91' lang='lat' dir='ltr'><strong>viderit</strong></span> <span class='ocrx_word' id='word_1_246' title='bbox 832 2689 1001 2766; x_wconf 82' lang='lat' dir='ltr'><strong>expedire,</strong></span> <span class='ocrx_word' id='word_1_247' title='bbox 1025 2691 1057 2750; x_wconf 92' lang='lat' dir='ltr'><strong>et</strong></span> <span class='ocrx_word' id='word_1_248' title='bbox 1080 2703 1141 2750; x_wconf 88' lang='lat' dir='ltr'><strong>nos</strong></span> <span class='ocrx_word' id='word_1_249' title='bbox 1197 2687 1332 2764; x_wconf 91' lang='lat' dir='ltr'><strong>punitis,</strong></span> <span class='ocrx_word' id='word_1_250' title='bbox 1346 2685 1667 2764; x_wconf 87' lang='lat' dir='ltr'><strong>presbyterosetiam</strong></span> <span class='ocrx_word' id='word_1_251' title='bbox 1682 2687 1902 2750; x_wconf 85' lang='lat' dir='ltr'><strong>ecclesiarum</strong></span> <span class='ocrx_word' id='word_1_252' title='bbox 1916 2705 1983 2749; x_wconf 89' lang='lat' dir='ltr'><strong>sua·</strong></span> <span class='ocrx_word' id='word_1_253' title='bbox 2067 2677 2068 2758; x_wconf 69' lang='lat' dir='ltr'><strong>l</strong></span> 
     </span>
     <span class='ocr_line' id='line_1_26' title="bbox 348 2784 2068 2862; baseline -0.003 -11"><span class='ocrx_word' id='word_1_254' title='bbox 348 2790 512 2852; x_wconf 86' lang='lat' dir='ltr'><strong>easratas</strong></span> <span class='ocrx_word' id='word_1_255' title='bbox 528 2787 734 2850; x_wconf 91' lang='lat' dir='ltr'><strong>habebimus.</strong></span> <span class='ocrx_word' id='word_1_256' title='bbox 758 2788 874 2849; x_wconf 84' lang='lat' dir='ltr'><strong>Actum</strong></span> <span class='ocrx_word' id='word_1_257' title='bbox 891 2787 1141 2858; x_wconf 89' lang='lat' dir='ltr'><strong>London,anno</strong></span> <span class='ocrx_word' id='word_1_258' title='bbox 1197 2787 1315 2846; x_wconf 89' lang='lat' dir='ltr'><strong>rumet</strong></span> <span class='ocrx_word' id='word_1_259' title='bbox 1335 2799 1449 2844; x_wconf 89' lang='lat' dir='ltr'><strong>omnes</strong></span> <span class='ocrx_word' id='word_1_260' title='bbox 1465 2784 1878 2862; x_wconf 87' lang='lat' dir='ltr'><strong>alias,quastenent,non</strong></span> <span class='ocrx_word' id='word_1_261' title='bbox 1895 2785 1984 2847; x_wconf 89' lang='lat' dir='ltr'><strong>dubi·</strong></span> <span class='ocrx_word' id='word_1_262' title='bbox 2067 2785 2068 2796; x_wconf 59' lang='lat'>¹</span> 
     </span>
     <span class='ocr_line' id='line_1_27' title="bbox 348 2881 1984 2960; baseline -0.004 -11"><span class='ocrx_word' id='word_1_263' title='bbox 348 2886 528 2949; x_wconf 82' lang='lat' dir='ltr'><strong>Dominicae</strong></span> <span class='ocrx_word' id='word_1_264' title='bbox 540 2885 783 2946; x_wconf 89' lang='lat' dir='ltr'><strong>incarnationis</strong></span> <span class='ocrx_word' id='word_1_265' title='bbox 793 2885 948 2958; x_wconf 83' lang='lat' dir='ltr'><strong>MCCXX,</strong></span> <span class='ocrx_word' id='word_1_266' title='bbox 961 2899 1074 2945; x_wconf 90' lang='lat' dir='ltr'><strong>mense</strong></span> <span class='ocrx_word' id='word_1_267' title='bbox 1086 2885 1145 2960; x_wconf 89' lang='lat' dir='ltr'><strong>ju-</strong></span> <span class='ocrx_word' id='word_1_268' title='bbox 1196 2881 1275 2943; x_wconf 90' lang='lat' dir='ltr'><strong>tatis</strong></span> <span class='ocrx_word' id='word_1_269' title='bbox 1288 2883 1323 2942; x_wconf 92' lang='lat' dir='ltr'><strong>ut</strong></span> <span class='ocrx_word' id='word_1_270' title='bbox 1333 2881 1455 2942; x_wconf 91' lang='lat' dir='ltr'><strong>dicitur</strong></span> <span class='ocrx_word' id='word_1_271' title='bbox 1467 2881 1623 2942; x_wconf 89' lang='lat' dir='ltr'><strong>indebitis</strong></span> <span class='ocrx_word' id='word_1_272' title='bbox 1635 2883 1863 2945; x_wconf 81' lang='lat' dir='ltr'><strong>exactionibus</strong></span> <span class='ocrx_word' id='word_1_273' title='bbox 1874 2899 1984 2960; x_wconf 81' lang='lat' dir='ltr'><strong>aggra·</strong></span> 
     </span>
     <span class='ocr_line' id='line_1_28' title="bbox 349 2977 1986 3059; baseline -0.003 -15"><span class='ocrx_word' id='word_1_274' title='bbox 349 2984 398 3056; x_wconf 90' lang='lat' dir='ltr'><strong>lii,</strong></span> <span class='ocrx_word' id='word_1_275' title='bbox 415 2999 503 3044; x_wconf 91' lang='lat' dir='ltr'><strong>anno</strong></span> <span class='ocrx_word' id='word_1_276' title='bbox 516 2982 612 3059; x_wconf 81' lang='lat' dir='ltr'><strong>regni</strong></span> <span class='ocrx_word' id='word_1_277' title='bbox 625 2981 730 3042; x_wconf 90' lang='lat' dir='ltr'><strong>nostri</strong></span> <span class='ocrx_word' id='word_1_278' title='bbox 745 2983 874 3058; x_wconf 87' lang='lat' dir='ltr'><strong>quarto.</strong></span> <span class='ocrx_word' id='word_1_279' title='bbox 1197 2993 1287 3038; x_wconf 84' lang='lat' dir='ltr'><strong>vare.</strong></span> <span class='ocrx_word' id='word_1_280' title='bbox 1319 2977 1402 3049; x_wconf 88' lang='lat' dir='ltr'><strong>Quia</strong></span> <span class='ocrx_word' id='word_1_281' title='bbox 1431 2977 1535 3054; x_wconf 79' lang='lat' dir='ltr'><strong>igitur</strong></span> <span class='ocrx_word' id='word_1_282' title='bbox 1554 2993 1734 3054; x_wconf 77' lang='lat' dir='ltr'><strong>gravamen</strong></span> <span class='ocrx_word' id='word_1_283' title='bbox 1761 2979 1986 3056; x_wconf 77' lang='lat' dir='ltr'><strong>predictorum</strong></span> 
     </span>
     <span class='ocr_line' id='line_1_29' title="bbox 388 3075 1986 3156; baseline -0.004 -12"><span class='ocrx_word' id='word_1_284' title='bbox 388 3079 482 3144; x_wconf 91' lang='lat' dir='ltr'><strong>Nulli</strong></span> <span class='ocrx_word' id='word_1_285' title='bbox 505 3095 585 3156; x_wconf 79' lang='lat' dir='ltr'><strong>ergo</strong></span> <span class='ocrx_word' id='word_1_286' title='bbox 609 3079 743 3140; x_wconf 90' lang='lat' dir='ltr'><strong>omnino</strong></span> <span class='ocrx_word' id='word_1_287' title='bbox 759 3077 930 3139; x_wconf 89' lang='lat' dir='ltr'><strong>hominum</strong></span> <span class='ocrx_word' id='word_1_288' title='bbox 944 3077 1044 3139; x_wconf 87' lang='lat' dir='ltr'><strong>liceat</strong></span> <span class='ocrx_word' id='word_1_289' title='bbox 1057 3077 1145 3138; x_wconf 88' lang='lat' dir='ltr'><strong>hanc</strong></span> <span class='ocrx_word' id='word_1_290' title='bbox 1198 3075 1338 3137; x_wconf 78' lang='lat' dir='ltr'><strong>fratrum</strong></span> <span class='ocrx_word' id='word_1_291' title='bbox 1351 3075 1562 3137; x_wconf 91' lang='lat' dir='ltr'><strong>dissimulare</strong></span> <span class='ocrx_word' id='word_1_292' title='bbox 1584 3091 1650 3138; x_wconf 93' lang='lat' dir='ltr'><strong>non</strong></span> <span class='ocrx_word' id='word_1_293' title='bbox 1668 3093 1844 3154; x_wconf 90' lang='lat' dir='ltr'><strong>possumus</strong></span> <span class='ocrx_word' id='word_1_294' title='bbox 1856 3095 1919 3140; x_wconf 92' lang='lat' dir='ltr'><strong>neo</strong></span> <span class='ocrx_word' id='word_1_295' title='bbox 1933 3077 1986 3138; x_wconf 91' lang='lat' dir='ltr'><strong>de-</strong></span> 
     </span>
     <span class='ocr_line' id='line_1_30' title="bbox 348 3173 1986 3257; baseline -0.004 -17"><span class='ocrx_word' id='word_1_296' title='bbox 348 3178 505 3257; x_wconf 81' lang='lat' dir='ltr'><strong>paginam</strong></span> <span class='ocrx_word' id='word_1_297' title='bbox 532 3178 653 3238; x_wconf 87' lang='lat' dir='ltr'><strong>nostrae</strong></span> <span class='ocrx_word' id='word_1_298' title='bbox 669 3174 931 3238; x_wconf 80' lang='lat' dir='ltr'><strong>confirmationis</strong></span> <span class='ocrx_word' id='word_1_299' title='bbox 949 3175 1142 3251; x_wconf 82' lang='lat' dir='ltr'><strong>infringere,</strong></span> <span class='ocrx_word' id='word_1_300' title='bbox 1199 3173 1325 3242; x_wconf 86' lang='lat' dir='ltr'><strong>bemus,</strong></span> <span class='ocrx_word' id='word_1_301' title='bbox 1338 3186 1420 3250; x_wconf 86' lang='lat' dir='ltr'><strong>quos</strong></span> <span class='ocrx_word' id='word_1_302' title='bbox 1432 3175 1566 3250; x_wconf 88' lang='lat' dir='ltr'><strong>propter</strong></span> <span class='ocrx_word' id='word_1_303' title='bbox 1580 3189 1743 3252; x_wconf 89' lang='lat' dir='ltr'><strong>pauperes</strong></span> <span class='ocrx_word' id='word_1_304' title='bbox 1759 3175 1895 3248; x_wconf 82' lang='lat' dir='ltr'><strong>Christi,</strong></span> <span class='ocrx_word' id='word_1_305' title='bbox 1910 3189 1986 3253; x_wconf 84' lang='lat' dir='ltr'><strong>quo-</strong></span> 
     </span>
     <span class='ocr_line' id='line_1_31' title="bbox 348 3270 2069 3350; baseline -0.004 -12"><span class='ocrx_word' id='word_1_306' title='bbox 348 3276 402 3338; x_wconf 84' lang='lat' dir='ltr'><strong>vel</strong></span> <span class='ocrx_word' id='word_1_307' title='bbox 417 3276 448 3337; x_wconf 91' lang='lat' dir='ltr'><strong>ei</strong></span> <span class='ocrx_word' id='word_1_308' title='bbox 459 3289 544 3336; x_wconf 89' lang='lat' dir='ltr'><strong>ausu</strong></span> <span class='ocrx_word' id='word_1_309' title='bbox 557 3273 736 3336; x_wconf 89' lang='lat' dir='ltr'><strong>temerario</strong></span> <span class='ocrx_word' id='word_1_310' title='bbox 751 3273 929 3334; x_wconf 89' lang='lat' dir='ltr'><strong>contraire.</strong></span> <span class='ocrx_word' id='word_1_311' title='bbox 946 3272 1068 3350; x_wconf 83' lang='lat' dir='ltr'><strong>Siquis</strong></span> <span class='ocrx_word' id='word_1_312' title='bbox 1083 3289 1146 3334; x_wconf 87' lang='lat' dir='ltr'><strong>eu·</strong></span> <span class='ocrx_word' id='word_1_313' title='bbox 1199 3285 1272 3331; x_wconf 90' lang='lat' dir='ltr'><strong>rum</strong></span> <span class='ocrx_word' id='word_1_314' title='bbox 1285 3273 1362 3332; x_wconf 90' lang='lat' dir='ltr'><strong>sunt</strong></span> <span class='ocrx_word' id='word_1_315' title='bbox 1376 3270 1543 3348; x_wconf 87' lang='lat' dir='ltr'><strong>obsequiis</strong></span> <span class='ocrx_word' id='word_1_316' title='bbox 1559 3273 1753 3348; x_wconf 86' lang='lat' dir='ltr'><strong>mancipati,</strong></span> <span class='ocrx_word' id='word_1_317' title='bbox 1771 3273 1806 3334; x_wconf 92' lang='lat' dir='ltr'><strong>in</strong></span> <span class='ocrx_word' id='word_1_318' title='bbox 1818 3273 1889 3334; x_wconf 88' lang='lat' dir='ltr'><strong>suis</strong></span> <span class='ocrx_word' id='word_1_319' title='bbox 1903 3273 1987 3334; x_wconf 90' lang='lat' dir='ltr'><strong>volu·</strong></span> <span class='ocrx_word' id='word_1_320' title='bbox 2068 3297 2069 3306; x_wconf 45' lang='lat'>¹</span> 
     </span>
     <span class='ocr_line' id='line_1_32' title="bbox 349 3355 2069 3446; baseline -0.001 -12"><span class='ocrx_word' id='word_1_321' title='bbox 349 3373 427 3446; x_wconf 89' lang='lat' dir='ltr'><strong>tem,</strong></span> <span class='ocrx_word' id='word_1_322' title='bbox 458 3373 520 3434; x_wconf 90' lang='lat' dir='ltr'><strong>etc.</strong></span> <span class='ocrx_word' id='word_1_323' title='bbox 549 3373 667 3433; x_wconf 90' lang='lat' dir='ltr'><strong>Datum</strong></span> <span class='ocrx_word' id='word_1_324' title='bbox 695 3370 863 3442; x_wconf 83' lang='lat' dir='ltr'><strong>Laterani,</strong></span> <span class='ocrx_word' id='word_1_325' title='bbox 888 3371 963 3431; x_wconf 86' lang='lat' dir='ltr'><strong>XIV</strong></span> <span class='ocrx_word' id='word_1_326' title='bbox 985 3369 1146 3431; x_wconf 81' lang='lat' dir='ltr'><strong>kalendas</strong></span> <span class='ocrx_word' id='word_1_327' title='bbox 1200 3367 1423 3444; x_wconf 87' lang='lat' dir='ltr'><strong>musjustitiis</strong></span> <span class='ocrx_word' id='word_1_328' title='bbox 1438 3367 1626 3441; x_wconf 87' lang='lat' dir='ltr'><strong>confovere,</strong></span> <span class='ocrx_word' id='word_1_329' title='bbox 1648 3371 1860 3432; x_wconf 87' lang='lat' dir='ltr'><strong>universitati</strong></span> <span class='ocrx_word' id='word_1_330' title='bbox 1875 3373 1987 3432; x_wconf 81' lang='lat' dir='ltr'><strong>vestra</strong></span> <span class='ocrx_word' id='word_1_331' title='bbox 2068 3355 2069 3370; x_wconf 49' lang='lat'><em>³</em></span> 
     </span>
     <span class='ocr_line' id='line_1_33' title="bbox 350 3465 1988 3546; baseline -0.003 -16"><span class='ocrx_word' id='word_1_332' title='bbox 350 3466 522 3540; x_wconf 87' lang='lat' dir='ltr'><strong>februarii,</strong></span> <span class='ocrx_word' id='word_1_333' title='bbox 535 3465 747 3543; x_wconf 80' lang='lat' dir='ltr'><strong>pontificatus</strong></span> <span class='ocrx_word' id='word_1_334' title='bbox 762 3465 869 3527; x_wconf 88' lang='lat' dir='ltr'><strong>nostri</strong></span> <span class='ocrx_word' id='word_1_335' title='bbox 885 3479 972 3527; x_wconf 84' lang='lat' dir='ltr'><strong>anno</strong></span> <span class='ocrx_word' id='word_1_336' title='bbox 983 3465 1109 3541; x_wconf 86' lang='lat' dir='ltr'><strong>quinto.</strong></span> <span class='ocrx_word' id='word_1_337' title='bbox 1201 3466 1397 3528; x_wconf 87' lang='lat' dir='ltr'><strong>auctoritate</strong></span> <span class='ocrx_word' id='word_1_338' title='bbox 1408 3465 1598 3543; x_wconf 73' lang='lat' dir='ltr'><strong>apostolica</strong></span> <span class='ocrx_word' id='word_1_339' title='bbox 1614 3466 1814 3540; x_wconf 89' lang='lat' dir='ltr'><strong>inhibemus,</strong></span> <span class='ocrx_word' id='word_1_340' title='bbox 1831 3471 1988 3546; x_wconf 85' lang='lat' dir='ltr'><strong>quatenus</strong></span> 
     </span>
     <span class='ocr_line' id='line_1_34' title="bbox 391 3561 1990 3639; baseline -0.003 -11"><span class='ocrx_word' id='word_1_341' title='bbox 391 3570 435 3628; x_wconf 82' lang='lat' dir='ltr'><strong>ln</strong></span> <span class='ocrx_word' id='word_1_342' title='bbox 470 3567 629 3625; x_wconf 84' lang='lat' dir='ltr'><strong>eumdem</strong></span> <span class='ocrx_word' id='word_1_343' title='bbox 656 3566 796 3624; x_wconf 82' lang='lat' dir='ltr'><strong>modum</strong></span> <span class='ocrx_word' id='word_1_344' title='bbox 829 3561 1078 3637; x_wconf 74' lang='lat' dir='ltr'><strong>scriptumest</strong></span> <span class='ocrx_word' id='word_1_345' title='bbox 1105 3561 1146 3623; x_wconf 92' lang='lat' dir='ltr'><strong>ad</strong></span> <span class='ocrx_word' id='word_1_346' title='bbox 1202 3563 1352 3625; x_wconf 89' lang='lat' dir='ltr'><strong>homines</strong></span> <span class='ocrx_word' id='word_1_347' title='bbox 1367 3564 1514 3639; x_wconf 85' lang='lat' dir='ltr'><strong>ipsorum</strong></span> <span class='ocrx_word' id='word_1_348' title='bbox 1537 3567 1652 3626; x_wconf 89' lang='lat' dir='ltr'><strong>contra</strong></span> <span class='ocrx_word' id='word_1_349' title='bbox 1676 3563 1862 3627; x_wconf 89' lang='lat' dir='ltr'><strong>libertatem</strong></span> <span class='ocrx_word' id='word_1_350' title='bbox 1875 3565 1924 3628; x_wconf 90' lang='lat' dir='ltr'><strong>eis</strong></span> <span class='ocrx_word' id='word_1_351' title='bbox 1943 3565 1990 3624; x_wconf 92' lang='lat' dir='ltr'><strong>in-</strong></span> 
     </span>
     <span class='ocr_line' id='line_1_35' title="bbox 353 3658 1988 3739; baseline -0.003 -15"><span class='ocrx_word' id='word_1_352' title='bbox 353 3663 556 3739; x_wconf 88' lang='lat' dir='ltr'><strong>Stephanum</strong></span> <span class='ocrx_word' id='word_1_353' title='bbox 576 3661 700 3721; x_wconf 84' lang='lat' dir='ltr'><strong>sanctae</strong></span> <span class='ocrx_word' id='word_1_354' title='bbox 722 3661 880 3720; x_wconf 74' lang='lat' dir='ltr'><strong>Romanae</strong></span> <span class='ocrx_word' id='word_1_355' title='bbox 896 3658 1053 3721; x_wconf 80' lang='lat' dir='ltr'><strong>Ecclesiae</strong></span> <span class='ocrx_word' id='word_1_356' title='bbox 1068 3673 1147 3721; x_wconf 84' lang='lat' dir='ltr'><strong>car·</strong></span> <span class='ocrx_word' id='word_1_357' title='bbox 1202 3661 1326 3722; x_wconf 88' lang='lat' dir='ltr'><strong>dultam</strong></span> <span class='ocrx_word' id='word_1_358' title='bbox 1348 3677 1446 3738; x_wconf 90' lang='lat' dir='ltr'><strong>poena</strong></span> <span class='ocrx_word' id='word_1_359' title='bbox 1462 3662 1654 3738; x_wconf 89' lang='lat' dir='ltr'><strong>pecuniaria</strong></span> <span class='ocrx_word' id='word_1_360' title='bbox 1670 3677 1736 3724; x_wconf 92' lang='lat' dir='ltr'><strong>non</strong></span> <span class='ocrx_word' id='word_1_361' title='bbox 1754 3662 1921 3725; x_wconf 82' lang='lat' dir='ltr'><strong>mulctatis</strong></span> <span class='ocrx_word' id='word_1_362' title='bbox 1936 3675 1988 3722; x_wconf 92' lang='lat' dir='ltr'><strong>nec</strong></span> 
     </span>
     <span class='ocr_line' id='line_1_36' title="bbox 353 3756 1989 3837; baseline -0.002 -16"><span class='ocrx_word' id='word_1_363' title='bbox 353 3759 509 3830; x_wconf 90' lang='lat' dir='ltr'><strong>dinalem‚</strong></span> <span class='ocrx_word' id='word_1_364' title='bbox 540 3756 827 3834; x_wconf 90' lang='lat' dir='ltr'><strong>archiepiscopum</strong></span> <span class='ocrx_word' id='word_1_365' title='bbox 863 3757 1146 3828; x_wconf 81' lang='lat' dir='ltr'><strong>cantuariensem,</strong></span> <span class='ocrx_word' id='word_1_366' title='bbox 1203 3758 1353 3820; x_wconf 91' lang='lat' dir='ltr'><strong>ecclesiis</strong></span> <span class='ocrx_word' id='word_1_367' title='bbox 1368 3771 1483 3820; x_wconf 88' lang='lat' dir='ltr'><strong>eornm</strong></span> <span class='ocrx_word' id='word_1_368' title='bbox 1500 3759 1558 3820; x_wconf 90' lang='lat' dir='ltr'><strong>aut</strong></span> <span class='ocrx_word' id='word_1_369' title='bbox 1577 3759 1780 3837; x_wconf 65' lang='lat' dir='ltr'><strong>presbyteris</strong></span> <span class='ocrx_word' id='word_1_370' title='bbox 1804 3761 1989 3822; x_wconf 84' lang='lat' dir='ltr'><strong>exactiones</strong></span> 
     </span>
     <span class='ocr_line' id='line_1_37' title="bbox 353 3853 1988 3935; baseline -0.004 -15"><span class='ocrx_word' id='word_1_371' title='bbox 353 3859 386 3921; x_wconf 92' lang='lat' dir='ltr'><strong>et</strong></span> <span class='ocrx_word' id='word_1_372' title='bbox 400 3858 590 3935; x_wconf 90' lang='lat' dir='ltr'><strong>episcopum</strong></span> <span class='ocrx_word' id='word_1_373' title='bbox 606 3853 904 3926; x_wconf 79' lang='lat' dir='ltr'><strong>saresberiensem,</strong></span> <span class='ocrx_word' id='word_1_374' title='bbox 917 3869 1024 3929; x_wconf 76' lang='lat' dir='ltr'><strong>usque</strong></span> <span class='ocrx_word' id='word_1_375' title='bbox 1038 3873 1049 3916; x_wconf 94' lang='lat'><em>:</em></span> <span class='ocrx_word' id='word_1_376' title='bbox 1067 3869 1149 3932; x_wconf 86' lang='lat' dir='ltr'><strong>quas</strong></span> <span class='ocrx_word' id='word_1_377' title='bbox 1203 3855 1367 3918; x_wconf 89' lang='lat' dir='ltr'><strong>indebitas</strong></span> <span class='ocrx_word' id='word_1_378' title='bbox 1380 3856 1567 3933; x_wconf 88' lang='lat' dir='ltr'><strong>imponetis,</strong></span> <span class='ocrx_word' id='word_1_379' title='bbox 1580 3856 1637 3918; x_wconf 89' lang='lat' dir='ltr'><strong>sed</strong></span> <span class='ocrx_word' id='word_1_380' title='bbox 1649 3855 1689 3918; x_wconf 88' lang='lat' dir='ltr'><strong>ab</strong></span> <span class='ocrx_word' id='word_1_381' title='bbox 1703 3871 1818 3918; x_wconf 89' lang='lat' dir='ltr'><strong>eorum</strong></span> <span class='ocrx_word' id='word_1_382' title='bbox 1834 3854 1988 3920; x_wconf 89' lang='lat' dir='ltr'><strong>molestiis</strong></span> 
     </span>
     <span class='ocr_line' id='line_1_38' title="bbox 352 3951 1986 4029; baseline -0.005 -10"><span class='ocrx_word' id='word_1_383' title='bbox 352 3956 542 4020; x_wconf 89' lang='lat' dir='ltr'><strong>videremur</strong></span> <span class='ocrx_word' id='word_1_384' title='bbox 565 3952 800 4014; x_wconf 89' lang='lat' dir='ltr'><strong>securitatibus</strong></span> <span class='ocrx_word' id='word_1_385' title='bbox 826 3951 993 4029; x_wconf 86' lang='lat' dir='ltr'><strong>expedire.</strong></span> <span class='ocrx_word' id='word_1_386' title='bbox 1020 3955 1149 4014; x_wconf 82' lang='lat' dir='ltr'><strong>Deinde</strong></span> <span class='ocrx_word' id='word_1_387' title='bbox 1203 3953 1401 4014; x_wconf 89' lang='lat' dir='ltr'><strong>desistentes</strong></span> <span class='ocrx_word' id='word_1_388' title='bbox 1423 3953 1539 4014; x_wconf 88' lang='lat' dir='ltr'><strong>contra</strong></span> <span class='ocrx_word' id='word_1_389' title='bbox 1565 3953 1708 4029; x_wconf 86' lang='lat' dir='ltr'><strong>injurias</strong></span> <span class='ocrx_word' id='word_1_390' title='bbox 1730 3953 1986 4029; x_wconf 79' lang='lat' dir='ltr'><strong>malignantium,</strong></span> 
     </span>
     <span class='ocr_line' id='line_1_39' title="bbox 350 4049 1988 4130; baseline -0.004 -15"><span class='ocrx_word' id='word_1_391' title='bbox 350 4051 718 4130; x_wconf 57' lang='lat' dir='ltr'><strong>praecontionatus</strong></span> <span class='ocrx_word' id='word_1_392' title='bbox 734 4051 802 4112; x_wconf 83' lang='lat' dir='ltr'><strong>tam</strong></span> <span class='ocrx_word' id='word_1_393' title='bbox 822 4050 927 4127; x_wconf 88' lang='lat' dir='ltr'><strong>ipsius</strong></span> <span class='ocrx_word' id='word_1_394' title='bbox 946 4049 1035 4126; x_wconf 78' lang='lat' dir='ltr'><strong>regis</strong></span> <span class='ocrx_word' id='word_1_395' title='bbox 1050 4063 1149 4126; x_wconf 87' lang='lat' dir='ltr'><strong>quam</strong></span> <span class='ocrx_word' id='word_1_396' title='bbox 1203 4051 1349 4112; x_wconf 81' lang='lat' dir='ltr'><strong>vestrum</strong></span> <span class='ocrx_word' id='word_1_397' title='bbox 1370 4049 1493 4112; x_wconf 88' lang='lat' dir='ltr'><strong>curetis</strong></span> <span class='ocrx_word' id='word_1_398' title='bbox 1520 4049 1740 4127; x_wconf 88' lang='lat' dir='ltr'><strong>patrocinium</strong></span> <span class='ocrx_word' id='word_1_399' title='bbox 1762 4050 1933 4122; x_wconf 82' lang='lat' dir='ltr'><strong>exhibere,</strong></span> <span class='ocrx_word' id='word_1_400' title='bbox 1949 4049 1988 4109; x_wconf 84' lang='lat' dir='ltr'><strong>ita</strong></span> 
     </span>
     <span class='ocr_line' id='line_1_40' title="bbox 354 4144 1990 4229; baseline -0.004 -16"><span class='ocrx_word' id='word_1_401' title='bbox 354 4151 502 4229; x_wconf 84' lang='lat' dir='ltr'><strong>ejusdem</strong></span> <span class='ocrx_word' id='word_1_402' title='bbox 519 4150 645 4224; x_wconf 78' lang='lat' dir='ltr'><strong>regina</strong></span> <span class='ocrx_word' id='word_1_403' title='bbox 667 4144 821 4225; x_wconf 91' lang='lat' dir='ltr'><strong>precibus</strong></span> <span class='ocrx_word' id='word_1_404' title='bbox 842 4149 1040 4219; x_wconf 85' lang='lat' dir='ltr'><strong>annuentes,</strong></span> <span class='ocrx_word' id='word_1_405' title='bbox 1054 4161 1149 4207; x_wconf 87' lang='lat' dir='ltr'><strong>oom—</strong></span> <span class='ocrx_word' id='word_1_406' title='bbox 1204 4147 1290 4224; x_wconf 85' lang='lat' dir='ltr'><strong>quod</strong></span> <span class='ocrx_word' id='word_1_407' title='bbox 1304 4146 1439 4224; x_wconf 83' lang='lat' dir='ltr'><strong>querela</strong></span> <span class='ocrx_word' id='word_1_408' title='bbox 1454 4161 1555 4223; x_wconf 89' lang='lat' dir='ltr'><strong>super</strong></span> <span class='ocrx_word' id='word_1_409' title='bbox 1567 4147 1629 4209; x_wconf 93' lang='lat' dir='ltr'><strong>hoc</strong></span> <span class='ocrx_word' id='word_1_410' title='bbox 1644 4148 1685 4209; x_wconf 84' lang='lat' dir='ltr'><strong>ad</strong></span> <span class='ocrx_word' id='word_1_411' title='bbox 1699 4148 1905 4211; x_wconf 88' lang='lat' dir='ltr'><strong>audientiam</strong></span> <span class='ocrx_word' id='word_1_412' title='bbox 1918 4159 1990 4208; x_wconf 88' lang='lat' dir='ltr'><strong>nos-</strong></span> 
     </span>
     <span class='ocr_line' id='line_1_41' title="bbox 356 4242 1990 4328; baseline -0.004 -19"><span class='ocrx_word' id='word_1_413' title='bbox 356 4249 555 4328; x_wconf 90' lang='lat' dir='ltr'><strong>positionem</strong></span> <span class='ocrx_word' id='word_1_414' title='bbox 582 4246 689 4322; x_wconf 90' lang='lat' dir='ltr'><strong>ipsam</strong></span> <span class='ocrx_word' id='word_1_415' title='bbox 724 4245 861 4321; x_wconf 90' lang='lat' dir='ltr'><strong>provide</strong></span> <span class='ocrx_word' id='word_1_416' title='bbox 887 4242 1021 4316; x_wconf 67' lang='lat' dir='ltr'><strong>iactam</strong></span> <span class='ocrx_word' id='word_1_417' title='bbox 1045 4244 1079 4305; x_wconf 88' lang='lat' dir='ltr'><strong>et</strong></span> <span class='ocrx_word' id='word_1_418' title='bbox 1108 4243 1150 4304; x_wconf 85' lang='lat' dir='ltr'><strong>eh</strong></span> <span class='ocrx_word' id='word_1_419' title='bbox 1206 4245 1289 4306; x_wconf 86' lang='lat' dir='ltr'><strong>tram</strong></span> <span class='ocrx_word' id='word_1_420' title='bbox 1319 4245 1438 4306; x_wconf 82' lang='lat' dir='ltr'><strong>iterata</strong></span> <span class='ocrx_word' id='word_1_421' title='bbox 1458 4243 1575 4307; x_wconf 87' lang='lat' dir='ltr'><strong>venire</strong></span> <span class='ocrx_word' id='word_1_422' title='bbox 1596 4259 1662 4306; x_wconf 88' lang='lat' dir='ltr'><strong>non</strong></span> <span class='ocrx_word' id='word_1_423' title='bbox 1683 4243 1817 4318; x_wconf 85' lang='lat' dir='ltr'><strong>debeat,</strong></span> <span class='ocrx_word' id='word_1_424' title='bbox 1848 4261 1912 4308; x_wconf 88' lang='lat' dir='ltr'><strong>nec</strong></span> <span class='ocrx_word' id='word_1_425' title='bbox 1937 4251 1990 4304; x_wconf 82' lang='lat' dir='ltr'><strong>vos</strong></span> 
     </span>
     <span class='ocr_line' id='line_1_42' title="bbox 356 4337 1990 4422; baseline -0.006 -15"><span class='ocrx_word' id='word_1_426' title='bbox 356 4346 496 4422; x_wconf 87' lang='lat' dir='ltr'><strong>utraque</strong></span> <span class='ocrx_word' id='word_1_427' title='bbox 516 4345 610 4420; x_wconf 87' lang='lat' dir='ltr'><strong>parte</strong></span> <span class='ocrx_word' id='word_1_428' title='bbox 634 4345 752 4419; x_wconf 91' lang='lat' dir='ltr'><strong>sponte</strong></span> <span class='ocrx_word' id='word_1_429' title='bbox 766 4341 932 4417; x_wconf 88' lang='lat' dir='ltr'><strong>receptam</strong></span> <span class='ocrx_word' id='word_1_430' title='bbox 953 4341 1150 4404; x_wconf 88' lang='lat' dir='ltr'><strong>auctoritate</strong></span> <span class='ocrx_word' id='word_1_431' title='bbox 1205 4340 1338 4416; x_wconf 90' lang='lat' dir='ltr'><strong>possitis</strong></span> <span class='ocrx_word' id='word_1_432' title='bbox 1360 4337 1401 4400; x_wconf 88' lang='lat' dir='ltr'><strong>de</strong></span> <span class='ocrx_word' id='word_1_433' title='bbox 1427 4340 1569 4402; x_wconf 85' lang='lat' dir='ltr'><strong>avaritia</strong></span> <span class='ocrx_word' id='word_1_434' title='bbox 1595 4341 1714 4404; x_wconf 91' lang='lat' dir='ltr'><strong>merito</strong></span> <span class='ocrx_word' id='word_1_435' title='bbox 1737 4339 1790 4402; x_wconf 90' lang='lat' dir='ltr'><strong>vel</strong></span> <span class='ocrx_word' id='word_1_436' title='bbox 1810 4337 1990 4415; x_wconf 90' lang='lat' dir='ltr'><strong>contemptu</strong></span> 
     </span>
     <span class='ocr_line' id='line_1_43' title="bbox 344 4435 1991 4519; baseline -0.006 -15"><span class='ocrx_word' id='word_1_437' title='bbox 344 4441 546 4519; x_wconf 64' lang='lat' dir='ltr'><strong>x.tpostolica</strong></span> <span class='ocrx_word' id='word_1_438' title='bbox 561 4438 841 4509; x_wconf 87' lang='lat' dir='ltr'><strong>confirmavimus,</strong></span> <span class='ocrx_word' id='word_1_439' title='bbox 855 4436 987 4498; x_wconf 89' lang='lat' dir='ltr'><strong>stcutin</strong></span> <span class='ocrx_word' id='word_1_440' title='bbox 1002 4437 1151 4514; x_wconf 84' lang='lat' dir='ltr'><strong>ejusdem</strong></span> <span class='ocrx_word' id='word_1_441' title='bbox 1206 4435 1301 4498; x_wconf 81' lang='lat' dir='ltr'><strong>Sedis</strong></span> <span class='ocrx_word' id='word_1_442' title='bbox 1318 4437 1518 4512; x_wconf 77' lang='lat' dir='ltr'><strong>Apostoltcae</strong></span> <span class='ocrx_word' id='word_1_443' title='bbox 1531 4438 1743 4514; x_wconf 89' lang='lat' dir='ltr'><strong>reprehendi.</strong></span> <span class='ocrx_word' id='word_1_444' title='bbox 1759 4439 1878 4500; x_wconf 87' lang='lat' dir='ltr'><strong>Datum</strong></span> <span class='ocrx_word' id='word_1_445' title='bbox 1900 4437 1991 4498; x_wconf 83' lang='lat' dir='ltr'><strong>Late-</strong></span> 
     </span>
     <span class='ocr_line' id='line_1_44' title="bbox 356 4529 1991 4616; baseline -0.007 -15"><span class='ocrx_word' id='word_1_446' title='bbox 356 4539 447 4616; x_wconf 79' lang='lat' dir='ltr'><strong>regis</strong></span> <span class='ocrx_word' id='word_1_447' title='bbox 460 4535 650 4600; x_wconf 88' lang='lat' dir='ltr'><strong>authentico</strong></span> <span class='ocrx_word' id='word_1_448' title='bbox 665 4535 864 4596; x_wconf 89' lang='lat' dir='ltr'><strong>continetur.</strong></span> <span class='ocrx_word' id='word_1_449' title='bbox 883 4535 933 4594; x_wconf 91' lang='lat' dir='ltr'><strong>Ne</strong></span> <span class='ocrx_word' id='word_1_450' title='bbox 944 4534 1046 4610; x_wconf 81' lang='lat' dir='ltr'><strong>igitur</strong></span> <span class='ocrx_word' id='word_1_451' title='bbox 1061 4549 1152 4596; x_wconf 85' lang='lat' dir='ltr'><strong>com-</strong></span> <span class='ocrx_word' id='word_1_452' title='bbox 1205 4534 1290 4605; x_wconf 90' lang='lat' dir='ltr'><strong>rani,</strong></span> <span class='ocrx_word' id='word_1_453' title='bbox 1307 4535 1382 4596; x_wconf 87' lang='lat' dir='ltr'><strong>XIV</strong></span> <span class='ocrx_word' id='word_1_454' title='bbox 1395 4535 1461 4595; x_wconf 84' lang='lat' dir='ltr'><strong>hal.</strong></span> <span class='ocrx_word' id='word_1_455' title='bbox 1476 4534 1648 4607; x_wconf 90' lang='lat' dir='ltr'><strong>februarii,</strong></span> <span class='ocrx_word' id='word_1_456' title='bbox 1669 4535 1881 4614; x_wconf 85' lang='lat' dir='ltr'><strong>pontificatus</strong></span> <span class='ocrx_word' id='word_1_457' title='bbox 1895 4529 1991 4598; x_wconf 82' lang='lat' dir='ltr'><strong>noshi</strong></span> 
     </span>
     <span class='ocr_line' id='line_1_45' title="bbox 357 4627 1434 4715; baseline -0.007 -17"><span class='ocrx_word' id='word_1_458' title='bbox 357 4637 555 4715; x_wconf 88' lang='lat' dir='ltr'><strong>positionem</strong></span> <span class='ocrx_word' id='word_1_459' title='bbox 584 4632 733 4694; x_wconf 89' lang='lat' dir='ltr'><strong>eamdem</strong></span> <span class='ocrx_word' id='word_1_460' title='bbox 759 4631 949 4707; x_wconf 84' lang='lat' dir='ltr'><strong>Apostolico</strong></span> <span class='ocrx_word' id='word_1_461' title='bbox 969 4631 1152 4693; x_wconf 90' lang='lat' dir='ltr'><strong>munimine</strong></span> <span class='ocrx_word' id='word_1_462' title='bbox 1206 4643 1294 4710; x_wconf 77' lang='lat' dir='ltr'><strong>anno</strong></span> <span class='ocrx_word' id='word_1_463' title='bbox 1308 4627 1434 4708; x_wconf 87' lang='lat' dir='ltr'><strong>quinto.</strong></span> 
     </span>
     <span class='ocr_line' id='line_1_46' title="bbox 359 4728 1153 4807; baseline -0.006 -11"><span class='ocrx_word' id='word_1_464' title='bbox 359 4733 548 4798; x_wconf 87' lang='lat' dir='ltr'><strong>roboratam</strong></span> <span class='ocrx_word' id='word_1_465' title='bbox 556 4729 926 4807; x_wconf 82' lang='lat' dir='ltr'><strong>cujusquamtemeritas</strong></span> <span class='ocrx_word' id='word_1_466' title='bbox 934 4728 1061 4790; x_wconf 88' lang='lat' dir='ltr'><strong>violare</strong></span> <span class='ocrx_word' id='word_1_467' title='bbox 1070 4745 1153 4806; x_wconf 75' lang='lat' dir='ltr'><strong>pra·</strong></span> 
     </span>
     <span class='ocr_line' id='line_1_47' title="bbox 360 4771 1692 4904; baseline -0.003 -13"><span class='ocrx_word' id='word_1_468' title='bbox 360 4831 482 4901; x_wconf 86' lang='lat' dir='ltr'><strong>sumat,</strong></span> <span class='ocrx_word' id='word_1_469' title='bbox 510 4827 711 4890; x_wconf 87' lang='lat' dir='ltr'><strong>fraternitati</strong></span> <span class='ocrx_word' id='word_1_470' title='bbox 735 4827 854 4888; x_wconf 80' lang='lat' dir='ltr'><strong>vestrae</strong></span> <span class='ocrx_word' id='word_1_471' title='bbox 878 4841 938 4904; x_wconf 90' lang='lat' dir='ltr'><strong>per</strong></span> <span class='ocrx_word' id='word_1_472' title='bbox 963 4827 1152 4904; x_wconf 80' lang='lat' dir='ltr'><strong>apostolica</strong></span> <span class='ocrx_word' id='word_1_473' title='bbox 1519 4771 1692 4860; x_wconf 69' lang='lat' dir='ltr'>CCXVII</span> 
     </span>
     <span class='ocr_line' id='line_1_48' title="bbox 361 4908 1716 5003; baseline -0.004 -14"><span class='ocrx_word' id='word_1_474' title='bbox 361 4927 486 5003; x_wconf 76' lang='lat' dir='ltr'><strong>scripta</strong></span> <span class='ocrx_word' id='word_1_475' title='bbox 513 4923 736 5003; x_wconf 76' lang='lat' dir='ltr'><strong>precipiendo</strong></span> <span class='ocrx_word' id='word_1_476' title='bbox 757 4923 962 4996; x_wconf 87' lang='lat' dir='ltr'><strong>mandamus,</strong></span> <span class='ocrx_word' id='word_1_477' title='bbox 991 4925 1153 5002; x_wconf 87' lang='lat' dir='ltr'><strong>quatenus</strong></span> <span class='ocrx_word' id='word_1_478' title='bbox 1499 4908 1716 4968; x_wconf 56' lang='lat' dir='ltr'><strong>Memfim</strong></span> 
     </span>
     <span class='ocr_line' id='line_1_49' title="bbox 361 5017 1738 5103; baseline -0.008 -16"><span class='ocrx_word' id='word_1_479' title='bbox 361 5025 470 5103; x_wconf 86' lang='lat' dir='ltr'><strong>ipsam</strong></span> <span class='ocrx_word' id='word_1_480' title='bbox 496 5021 656 5084; x_wconf 83' lang='lat' dir='ltr'><strong>iacientes</strong></span> <span class='ocrx_word' id='word_1_481' title='bbox 678 5021 875 5083; x_wconf 81' lang='lat' dir='ltr'><strong>auctoritate</strong></span> <span class='ocrx_word' id='word_1_482' title='bbox 897 5023 1011 5083; x_wconf 85' lang='lat' dir='ltr'><strong>nostra</strong></span> <span class='ocrx_word' id='word_1_483' title='bbox 1026 5021 1153 5083; x_wconf 86' lang='lat' dir='ltr'><strong>suffulti</strong></span> <span class='ocrx_word' id='word_1_484' title='bbox 1473 5017 1643 5092; x_wconf 66' lang='lat' dir='ltr'><strong>misouerit</strong></span> <span class='ocrx_word' id='word_1_485' title='bbox 1660 5021 1738 5078; x_wconf 79' lang='grc'><strong>1111.</strong></span> 
     </span>
     <span class='ocr_line' id='line_1_50' title="bbox 362 5118 1770 5197; baseline -0.005 -13"><span class='ocrx_word' id='word_1_486' title='bbox 362 5123 501 5184; x_wconf 88' lang='lat' dir='ltr'><strong>tirmiter</strong></span> <span class='ocrx_word' id='word_1_487' title='bbox 524 5118 705 5192; x_wconf 86' lang='lat' dir='ltr'><strong>observari,</strong></span> <span class='ocrx_word' id='word_1_488' title='bbox 723 5118 874 5197; x_wconf 84' lang='lat' dir='ltr'><strong>quotiens</strong></span> <span class='ocrx_word' id='word_1_489' title='bbox 896 5118 1027 5181; x_wconf 89' lang='lat' dir='ltr'><strong>fueritis</strong></span> <span class='ocrx_word' id='word_1_490' title='bbox 1041 5119 1155 5195; x_wconf 76' lang='lat' dir='ltr'><strong>requi-</strong></span> <span class='ocrx_word' id='word_1_491' title='bbox 1440 5125 1575 5190; x_wconf 63' lang='grc' dir='ltr'><strong>[5111111111Ι</strong></span> <span class='ocrx_word' id='word_1_492' title='bbox 1586 5127 1604 5177; x_wconf 88' lang='lat'><strong>1.</strong></span> <span class='ocrx_word' id='word_1_493' title='bbox 1617 5139 1649 5183; x_wconf 78' lang='lat' dir='ltr'><strong>c..</strong></span> <span class='ocrx_word' id='word_1_494' title='bbox 1663 5141 1688 5191; x_wconf 82' lang='lat' dir='ltr'><strong>p.</strong></span> <span class='ocrx_word' id='word_1_495' title='bbox 1701 5123 1770 5190; x_wconf 72' lang='grc'><strong>111]</strong></span> 
     </span>
     <span class='ocr_line' id='line_1_51' title="bbox 362 5216 1993 5296; baseline -0.005 -13"><span class='ocrx_word' id='word_1_496' title='bbox 362 5221 430 5293; x_wconf 89' lang='lat' dir='ltr'><strong>siti,</strong></span> <span class='ocrx_word' id='word_1_497' title='bbox 446 5235 514 5292; x_wconf 89' lang='lat' dir='ltr'><strong>eos,</strong></span> <span class='ocrx_word' id='word_1_498' title='bbox 536 5218 594 5296; x_wconf 81' lang='lat' dir='ltr'><strong>qui</strong></span> <span class='ocrx_word' id='word_1_499' title='bbox 617 5217 862 5278; x_wconf 89' lang='lat' dir='ltr'><strong>contravenire</strong></span> <span class='ocrx_word' id='word_1_500' title='bbox 883 5216 1156 5294; x_wconf 88' lang='lat' dir='ltr'><strong>praesumpserint</strong></span> <span class='ocrx_word' id='word_1_501' title='bbox 1208 5222 1292 5283; x_wconf 84' lang='lat' dir='ltr'><strong>iubet</strong></span> <span class='ocrx_word' id='word_1_502' title='bbox 1305 5222 1433 5282; x_wconf 86' lang='lat' dir='ltr'><strong>vicarios</strong></span> <span class='ocrx_word' id='word_1_503' title='bbox 1442 5223 1479 5282; x_wconf 87' lang='lat' dir='ltr'><strong>ad</strong></span> <span class='ocrx_word' id='word_1_504' title='bbox 1493 5225 1640 5282; x_wconf 76' lang='lat' dir='ltr'><strong>servitium</strong></span> <span class='ocrx_word' id='word_1_505' title='bbox 1657 5225 1687 5281; x_wconf 91' lang='lat' dir='ltr'><strong>ln</strong></span> <span class='ocrx_word' id='word_1_506' title='bbox 1705 5223 1814 5282; x_wconf 88' lang='lat' dir='ltr'><strong>ordinis</strong></span> <span class='ocrx_word' id='word_1_507' title='bbox 1835 5217 1993 5282; x_wconf 70' lang='lat' dir='ltr'><strong>theutonici</strong></span> 
     </span>
     <span class='ocr_line' id='line_1_52' title="bbox 362 5312 1994 5394; baseline -0.008 -13"><span class='ocrx_word' id='word_1_508' title='bbox 362 5318 545 5382; x_wconf 91' lang='lat' dir='ltr'><strong>monitione</strong></span> <span class='ocrx_word' id='word_1_509' title='bbox 558 5315 742 5394; x_wconf 83' lang='lat' dir='ltr'><strong>praemissa,</strong></span> <span class='ocrx_word' id='word_1_510' title='bbox 768 5329 827 5391; x_wconf 89' lang='lat' dir='ltr'><strong>per</strong></span> <span class='ocrx_word' id='word_1_511' title='bbox 851 5327 1025 5375; x_wconf 88' lang='lat' dir='ltr'><strong>censuram</strong></span> <span class='ocrx_word' id='word_1_512' title='bbox 1044 5313 1155 5375; x_wconf 90' lang='lat' dir='ltr'><strong>eccle·</strong></span> <span class='ocrx_word' id='word_1_513' title='bbox 1245 5312 1376 5370; x_wconf 79' lang='lat' dir='ltr'><strong>ecclesiis</strong></span> <span class='ocrx_word' id='word_1_514' title='bbox 1386 5313 1529 5387; x_wconf 72' lang='lat' dir='ltr'><strong>obligatos</strong></span> <span class='ocrx_word' id='word_1_515' title='bbox 1542 5313 1572 5370; x_wconf 87' lang='lat' dir='ltr'><strong>in</strong></span> <span class='ocrx_word' id='word_1_516' title='bbox 1587 5313 1709 5386; x_wconf 88' lang='lat' dir='ltr'><strong>propriis</strong></span> <span class='ocrx_word' id='word_1_517' title='bbox 1729 5313 1860 5386; x_wconf 85' lang='lat' dir='ltr'><strong>personis</strong></span> <span class='ocrx_word' id='word_1_518' title='bbox 1874 5312 1901 5372; x_wconf 91' lang='lat' dir='ltr'><strong>id</strong></span> <span class='ocrx_word' id='word_1_519' title='bbox 1916 5323 1994 5386; x_wconf 79' lang='lat' dir='ltr'><strong>pres-</strong></span> 
     </span>
     <span class='ocr_line' id='line_1_53' title="bbox 363 5407 1315 5490; baseline -0.012 -11"><span class='ocrx_word' id='word_1_520' title='bbox 363 5417 543 5487; x_wconf 88' lang='lat' dir='ltr'><strong>siasticam,</strong></span> <span class='ocrx_word' id='word_1_521' title='bbox 556 5409 1155 5490; x_wconf 84' lang='lat' dir='ltr'><strong>sublatocujuslibetcontradictionis</strong></span> <span class='ocrx_word' id='word_1_522' title='bbox 1244 5407 1315 5458; x_wconf 66' lang='lat' dir='ltr'><strong>wre-</strong></span> 
     </span>
     <span class='ocr_line' id='line_1_54' title="bbox 362 5505 1991 5592; baseline -0.007 -15"><span class='ocrx_word' id='word_1_523' title='bbox 362 5516 395 5577; x_wconf 89' lang='lat' dir='ltr'><strong>et</strong></span> <span class='ocrx_word' id='word_1_524' title='bbox 434 5511 667 5592; x_wconf 87' lang='lat' dir='ltr'><strong>appellationis</strong></span> <span class='ocrx_word' id='word_1_525' title='bbox 701 5509 893 5582; x_wconf 83' lang='lat' dir='ltr'><strong>obstaculo,</strong></span> <span class='ocrx_word' id='word_1_526' title='bbox 926 5508 1153 5586; x_wconf 79' lang='lat' dir='ltr'><strong>compescetis.</strong></span> <span class='ocrx_word' id='word_1_527' title='bbox 1250 5509 1917 5588; x_wconf 75' lang='lat' dir='ltr'><strong>honoriusepisoopusservusservcrum</strong></span> <span class='ocrx_word' id='word_1_528' title='bbox 1928 5505 1991 5573; x_wconf 86' lang='lat' dir='ltr'><strong>Dei,</strong></span> 
     </span>
     <span class='ocr_line' id='line_1_55' title="bbox 363 5599 1996 5688; baseline -0.007 -16"><span class='ocrx_word' id='word_1_529' title='bbox 363 5609 499 5684; x_wconf 87' lang='lat' dir='ltr'><strong>Quodsi</strong></span> <span class='ocrx_word' id='word_1_530' title='bbox 519 5625 584 5671; x_wconf 88' lang='lat' dir='ltr'><strong>non</strong></span> <span class='ocrx_word' id='word_1_531' title='bbox 602 5607 710 5680; x_wconf 89' lang='lat' dir='ltr'><strong>ambo,</strong></span> <span class='ocrx_word' id='word_1_532' title='bbox 725 5608 800 5683; x_wconf 82' lang='lat' dir='ltr'><strong>etc,</strong></span> <span class='ocrx_word' id='word_1_533' title='bbox 817 5607 903 5668; x_wconf 87' lang='lat' dir='ltr'><strong>alter</strong></span> <span class='ocrx_word' id='word_1_534' title='bbox 917 5607 1073 5678; x_wconf 85' lang='lat' dir='ltr'><strong>vestrum,</strong></span> <span class='ocrx_word' id='word_1_535' title='bbox 1090 5607 1153 5667; x_wconf 88' lang='lat' dir='ltr'><strong>etc.</strong></span> <span class='ocrx_word' id='word_1_536' title='bbox 1210 5605 1455 5667; x_wconf 88' lang='lat' dir='ltr'><strong>venerabilibus</strong></span> <span class='ocrx_word' id='word_1_537' title='bbox 1490 5607 1648 5670; x_wconf 83' lang='lat' dir='ltr'><strong>iratribus</strong></span> <span class='ocrx_word' id='word_1_538' title='bbox 1679 5605 1937 5688; x_wconf 86' lang='lat' dir='ltr'><strong>archiepiscopis</strong></span> <span class='ocrx_word' id='word_1_539' title='bbox 1968 5599 1996 5662; x_wconf 87' lang='lat' dir='ltr'><strong>et</strong></span> 
     </span>
    </p>
   </div>
   <div class='ocr_carea' id='block_1_5' title="bbox 0 0 2142 6404">
    <p class='ocr_par' dir='ltr' id='par_1_5' title="bbox 0 0 2142 6404">
     <span class='ocr_line' id='line_1_56' title="bbox 0 0 2142 6404; baseline 0 0"><span class='ocrx_word' id='word_1_540' title='bbox 0 0 2142 6404; x_wconf 95' lang='lat' dir='ltr'><strong> </strong></span> 
     </span>
    </p>
   </div>
  </div>
 </body>
</html>
