4248 6410
149 279 206 341 601

144 441 234 500 tores
250 437 339 499 circa
354 437 512 498 virtutum
529 435 692 514 plantaria
713 432 870 498 debemus
885 436 940 497 di·

145 534 332 611 ligentioris
354 535 490 596 culturae
505 549 545 596 ac
564 548 653 594 curae
675 533 819 594 studium
839 532 940 594 adbi-

144 631 234 706 bere,
259 632 424 694 novellam
444 630 680 708 plantationem
699 631 843 692 vestram
865 645 942 691 rore

147 729 344 806 Apostolicae
367 729 484 804 gratiae
506 728 650 803 irrigare
672 727 886 804 proponimus
910 727 944 788 et

147 826 394 888 foecunditatem
416 825 578 886 bonorum
597 839 744 901 operum,
766 839 831 901 qua
852 823 943 898 viget

146 923 188 985 ad
204 939 351 1000 praesens
366 923 399 984 et
411 921 537 998 vigebit
555 921 668 984 divina
689 921 820 982 favente
835 920 942 997 gratia

147 1021 183 1082 in
198 1021 355 1093 futurum,
371 1018 541 1094 vigilantis
556 1033 645 1079 curae
660 1018 828 1094 impendio
846 1017 944 1094 adju-

146 1133 238 1180 vare.
252 1117 444 1194 llapropter,
462 1114 574 1176 dilecti
590 1115 624 1175 in
636 1115 775 1176 Domino
785 1114 857 1186 filii,
871 1130 944 1177 ves·

147 1216 209 1278 tris
233 1215 331 1292 justis
365 1211 642 1290 postulationibus
678 1211 859 1273 clementer
882 1225 944 1271 an-

149 1313 281 1372 nuimus
296 1310 329 1372 et
342 1309 474 1370 domum
487 1310 631 1371 vestram
644 1323 704 1370 seu
718 1308 893 1386 hospitale,
908 1307 943 1368 in

149 1425 213 1486 quo
233 1407 312 1470 estis
331 1405 372 1468 ad
392 1405 451 1467 Dei
473 1406 604 1468 laudem
626 1408 659 1467 et
682 1405 822 1482 gloriam
846 1406 944 1482 atque

151 1503 378 1566 defensionem
391 1519 525 1564 suorum
537 1502 684 1563 fidelium
695 1503 727 1563 et
740 1500 944 1562 liberandam

152 1601 276 1664 Christi
289 1599 470 1660 Ecclesiam
483 1598 686 1676 congregati,
704 1615 777 1660 cum
794 1597 945 1659 omnibus

151 1695 416 1776 possessionibus
442 1697 474 1756 et
495 1695 590 1756 bonis
615 1695 697 1768 suis,
713 1711 786 1772 quae
809 1695 844 1755 in
859 1711 946 1773 prae-

151 1796 334 1856 sentiarum
350 1793 496 1870 legitime
518 1792 640 1854 babere
663 1793 875 1868 cognoscitur
890 1793 947 1852 aut

151 1893 186 1952 in
202 1891 347 1953 futurum
367 1890 582 1951 concessione
599 1889 804 1968 pontificum,
823 1889 966 1958 libera-v

151 1989 244 2051 litate
263 2003 379 2072 regum
398 1987 451 2048 vel
465 1987 663 2064 principum,
680 1985 846 2048 oblatione
861 1983 946 2045 flde-

152 2084 234 2146 lium
262 2101 321 2146 seu
343 2083 419 2145 aliis
438 2082 658 2162 justismodis
680 2069 858 2160 praestante
881 2083 948 2142 Do-

152 2184 242 2243 mino
266 2181 387 2258 poterit
412 2180 564 2258 adipisci,
593 2180 653 2241 sub
686 2179 775 2240 beati
799 2179 889 2240 Petri
915 2177 949 2239 et

152 2281 267 2342 nostra
283 2277 488 2356 protectione
505 2276 703 2353 suscipimus
720 2278 753 2339 et
774 2275 947 2352 praesentis

152 2376 267 2452 scripti
282 2375 459 2452 privilegio
478 2373 731 2446 communimus,
754 2372 945 2442 statuentes,

153 2474 189 2534 11
226 2472 392 2549 perpetuis
421 2470 607 2548 futurisque
645 2469 850 2548 temporibus
888 2467 948 2529 sub

152 2569 350 2647 Apostolicae
369 2567 463 2630 Sedis
482 2568 633 2631 tutelast
654 2567 846 2628 defensione
868 2581 949 2628 con-

776 237 1105 338 9119191111.
1130 278 1167 338 v.

1733 277 1793 341 602

997 452 1015 496 9
1032 436 1150 512 majori
1170 435 1202 496 et
1223 411 1349 496 saniori
1371 449 1486 496 eorum
1501 435 1607 512 parte,
1631 437 1793 514 9119199-
1817 455 1820 469 ·

997 531 1167 610 ponendus
1177 529 1287 603 fuerit,
1301 532 1454 608 eligatur.
1471 535 1577 594 Porro
1588 532 1672 592 nulli
1687 535 1796 596 ecole-

998 629 1143 690 siasticae
1163 629 1358 690 saecularive
1374 645 1524 705 personae
1540 628 1723 705 infringere
1742 630 1795 692 vel

997 726 1148 786 minuere
1163 725 1263 787 liceat
1276 726 1532 787 consuetudines
1547 726 1589 787 ad
1604 727 1723 788 vestrae
1740 742 1795 788 19-

998 823 1132 898 ligionis
1152 823 1185 885 et
1201 823 1301 884 officii
1318 822 1563 885 observantiam
1587 838 1607 884 a
1633 824 1794 900 magistro

998 923 1031 982 et
1052 919 1210 981 iratribus
1231 915 1416 982 'salubriter
1442 920 1620 982 institutas.
1650 922 1793 982 Easdem

998 1032 1128 1095 quoque
1160 1015 1415 1078 consuetudines
1450 1032 1470 1078 a
1496 1015 1590 1078 vobis
1623 1017 1795 1095 aliquanto

998 1114 1145 1190 tempore
1161 1112 1353 1176 observatas
1368 1116 1401 1173 et
1416 1114 1538 1190 scripto
1552 1113 1711 1182 firmatas,
1728 1113 1795 1175 nisi

999 1209 1040 1271 ab
1059 1225 1109 1284 9ο,
1127 1211 1183 1288 qui
1203 1211 1363 1286 magister
1382 1209 1539 1282 extiterit,
1566 1211 1795 1273 consentiente

997 1309 1108 1370 tamen
1121 1307 1247 1369 saniori
1262 1308 1356 1385 parte
1370 1307 1518 1384 capituli,
1535 1323 1601 1369 non
1619 1308 1718 1370 liceat
1732 1309 1797 1368 im-

1000 1405 1134 1468 mutari.

1040 1500 1258 1563 Prohibemus
1273 1503 1409 1580 insuper
1424 1503 1457 1565 et
1475 1501 1672 1564 omnimodis
1687 1503 1794 1566 inter·

1001 1597 1151 1669 dicimrm,
1176 1612 1217 1658 ne
1241 1598 1308 1659 ulla
1330 1599 1557 1660 ecclesiastica
1582 1598 1796 1660 saecularisve

1001 1708 1143 1770 persona
1169 1709 1188 1754 a
1215 1695 1373 1772 magistro
1403 1698 1435 1756 et
1460 1694 1619 1755 fratribus
1647 1695 1797 1771 ejusdem

1001 1790 1116 1852 domus
1132 1791 1267 1866 exigere
1286 1791 1406 1853 audeat
1428 1790 1615 1862 fidelitates,
1633 1790 1794 1863 hominia,

998 1889 1187 1964 jnramenta
1212 1903 1270 1949 seu
1294 1888 1490 1949 securitates
1509 1888 1666 1964 reliquas,
1689 1905 1797 1966 quara

1002 1984 1218 2045 saecularibus
1239 1983 1502 2060 frequentantur.
1523 1984 1695 2046 Fratribus
1714 2002 1798 2063 quo-

1003 2096 1065 2156 que
1077 2081 1196 2142 vestris
1212 2081 1286 2156 post
1300 2081 1419 2142 factam
1432 2081 1467 2140 in
1480 2081 1700 2158 domovestra
1714 2097 1796 2158 pro-

1003 2176 1181 2239 fessionem
1193 2179 1227 2239 et
1240 2177 1388 2239 habitum
1402 2177 1575 2253 religionis
1590 2178 1796 2255 assumptum

1002 2273 1191 2336 revertendi
1201 2275 1243 2336 ad
1256 2275 1414 2335 saeculum
1425 2289 1556 2335 omnem
1564 2269 1798 2336 interdicimus

1003 2370 1194 2434 facultatem
1220 2387 1282 2432 nec
1305 2371 1407 2432 alicui
1438 2387 1552 2433 eorum
1576 2371 1627 2432 fas
1653 2372 1697 2433 sit
1721 2375 1796 2449 post

1002 2469 1124 2531 factam
1145 2467 1385 2546 professionem
1409 2469 1442 2529 et
1469 2467 1572 2528 semel
1596 2472 1799 2546 assumptam

1004 2581 1135 2627 crucem
1157 2563 1307 2626 habitum
1330 2565 1450 2628 vestrm
1474 2565 1713 2642 professionnis
1735 2565 1798 2626 ab·

154 2668 284 2729 sistant.
309 2665 490 2728 statuimus
514 2665 626 2736 etiam,
652 2665 688 2726 ut
706 2662 786 2726 ordo
808 2663 947 2724 fratrum
999 2662 1105 2738 jicere
1130 2656 1183 2722 vel
1209 2659 1251 2721 ad
1281 2660 1385 2721 alium
1411 2661 1520 2721 locum
1555 2660 1693 2738 majoris
1727 2661 1798 2722 sive

157 2763 340 2840 Hospitalis
355 2761 648 2838 Hierosolymitani
672 2760 760 2821 eirca
786 2774 948 2836 pauperes

152 2863 189 2924 et
200 2862 361 2928 infirmos,
373 2859 454 2921 ordo
468 2874 548 2920 vero
559 2857 698 2918 fratrum
710 2857 837 2918 militiae
852 2858 949 2918 Tem-

156 2957 203 3034 pli
219 2958 307 3018 circa
323 2956 461 3017 clericos
470 2955 511 3016 -91
526 2954 649 3016 milites
668 2971 708 3015 ac
729 2953 815 3015 alios
830 2951 949 3015 lbatres

151 3056 250 3131 juxta
274 3052 516 3114 institutionem
540 3051 657 3112 domus
680 3053 800 3113 1991199
827 3065 948 3128 perpe-

155 3153 222 3214 tuis
237 3150 359 3212 ibidem
373 3148 577 3226 temporibus
592 3146 796 3210 observetur.
814 3146 863 3208 Ad
878 3147 950 3210 baee

157 3249 342 3320 statuimus,
373 3248 421 3319 ut,
446 3262 520 3309 cum
549 3261 609 3323 pro
636 3245 759 3309 tuenda
785 3244 950 3307 catholica

156 3345 305 3409 Ecclesia
320 3345 353 3407 et
366 3361 417 3417 ea,
439 3345 577 3421 quaeest
594 3341 656 3405 sub
675 3357 881 3419 paganorum
895 3343 951 3420 ty-

156 3442 307 3514 rannide,
331 3442 371 3504 de
386 3442 533 3518 ipsorum
554 3441 714 3518 spurcitia
728 3437 874 3500 eruenda
899 3439 952 3499 in-

156 3541 283 3618 trepide
297 3539 464 3611 laboretis,
481 3537 581 3600 liceat
595 3537 689 3599 vobis
703 3536 808 3598 libere
822 3537 856 3596 in
871 3551 951 3596 usus

157 3639 285 3700 vestros
300 3635 493 3698 convertere
512 3651 564 3708 ea,
578 3650 651 3712 quae
671 3635 711 3695 de
726 3634 841 3711 spoliis
857 3634 950 3710 ipso-

157 3751 232 3798 rum
263 3733 417 3810 ceperitis
443 3747 663 3809 paganorum3
694 3733 737 3804 et,
765 3747 807 3793 ne
833 3730 873 3792 de
899 3731 952 3792 his

158 3835 273 3896 contra
287 3831 374 3893 velle
394 3831 540 3892 vestrum
557 3830 741 3908 portionem
756 3829 858 3892 alicui
873 3827 952 3890 dare

157 3930 334 4006 cogamini,
362 3927 586 4004 prohibemus.
626 3927 786 3988 Praesenti
822 3941 952 4004 quoque

159 4025 291 4087 decreto
308 4024 488 4095 sancimus,
510 4023 545 4084 ut
563 4023 681 4085 fratres
703 4024 738 4084 in
756 4023 853 4085 domo
877 4038 954 4084 ves-

158 4125 210 4184 119
225 4124 292 4183 Deo
307 4120 488 4182 servientes
504 4122 594 4182 caste
609 4121 642 4182 91
658 4121 730 4182 9119
752 4120 886 4198 proprio
901 4119 954 4181 11-

158 4220 239 4281 1991
258 4221 292 4280 91
310 4215 551 4295 professionem
567 4233 660 4278 suam
678 4217 776 4279 dictis
798 4219 831 4278 et
851 4217 954 4284 mori÷

160 4316 220 4378 bus
236 4313 487 4393 comprobantes
507 4313 665 4389 magistro
683 4330 743 4375 suo
758 4313 816 4375 aut
835 4313 953 4390 quibus

159 4415 231 4492 ipse
242 4411 437 4490 praeceperit
448 4411 588 4488 subjecti
602 4413 634 4474 et
654 4411 845 4473 obedientes
858 4411 952 4472 exis-

159 4512 239 4574 tant.
258 4511 436 4580 Praeterea,
452 4508 727 4586 quemadmodum
751 4507 865 4570 domus
881 4509 953 4584 ipsa

159 4611 280 4672 vestrae
301 4607 424 4668 sanctae
446 4606 666 4668 institutionis
687 4607 720 4668 et
739 4606 866 4667 ordinis
881 4605 953 4666 fons

159 4709 191 4768 et
204 4707 296 4782 origo
314 4721 387 4766 esse
401 4704 596 4782 promeruit,
622 4703 670 4766 ita
692 4703 839 4764 omnium
858 4704 952 4780 loco-

98 4867 101 4875 ,
161 4818 235 4864 rum
249 4802 289 4862 ad
303 4817 376 4863 eam
391 4801 625 4878 pertinentium
636 4801 735 4878 caput
749 4801 782 4862 et
796 4801 954 4876 magistra

160 4901 195 4961 19
211 4899 404 4976 perpetuum
418 4898 592 4960 habeatur.
610 4899 657 4958 Ad
673 4898 745 4960 baec
760 4896 955 4975 adJicientes

162 4995 383 5074 praecipimus,
405 4997 450 5066 ut,
471 4995 614 5056 obeunte
629 4996 661 5056 te
684 4995 718 5055 in
732 4994 883 5068 Domino,
907 4994 954 5055 tili

162 5097 361 5162 Hermanne,
379 5089 494 5152 domus
505 5094 575 5168 jam
597 5093 693 5154 dictae
713 5092 880 5168 magister,
901 5091 954 5152 vel

163 5194 293 5254 tuorum
314 5188 461 5266 quolibet
480 5204 719 5262 successorum,
739 5189 850 5250 nullus
866 5191 957 5267 ejus·

162 5291 235 5352 dem
251 5287 366 5350 domus
381 5285 538 5348 fratribus
555 5289 767 5364 praeponetur
785 5286 955 5348 119111111-

161 5387 243 5450 taris
258 5387 291 5448 et
305 5384 464 5460 religiosa
479 5398 632 5460 persona,
649 5400 723 5460 quae
738 5385 881 5446 vestram
901 5399 957 5446 19-

163 5485 318 5560 ligionem
343 5483 377 5544 et
402 5480 550 5544 habitum
576 5481 619 5542 sit
640 5480 800 5557 professa,
828 5495 889 5542 nec
915 5479 956 5542 ab

163 5581 239 5658 aliis
254 5583 319 5646 nisi
336 5580 377 5644 ab
400 5577 552 5642 omnibus
571 5577 728 5642 fratribus
747 5579 883 5640 insimul
905 5577 957 5640 vel

1004 2758 1143 2818 minoris
1166 2757 1340 2834 religionis
1362 2756 1498 2818 obtentu
1520 2757 1634 2818 invitis
1654 2757 1725 2818 sive
1746 2758 1801 2818 in-

1004 2854 1164 2916 consultis
1182 2853 1340 2936 19111119
1355 2855 1463 2916 91199
1477 2853 1532 2931 qui
1548 2855 1706 2930 magister
1719 2855 1802 2916 exti-

1005 2952 1082 3015 terit
1096 2953 1256 3029 migrar03
1273 2952 1422 3028 nullique
1440 2951 1676 3014 ecclesiasticae
1696 2967 1799 3014 saecu·

1004 3049 1110 3111 larive
1133 3064 1284 3128 personae
1310 3047 1597 3126 ipsossuscipere
1624 3049 1724 3112 liceat
1746 3049 1800 3111 vel

1007 3147 1128 3209 tenere.
1146 3148 1232 3208 Sane
1247 3143 1398 3207 laborum
1413 3147 1610 3218 vestrorum,
1627 3162 1709 3223 quos
1722 3163 1796 3224 pro·

1005 3244 1087 3321 priis
1120 3241 1272 3304 manibus
1303 3244 1361 3304 aut
1394 3241 1578 3319 sumptibus
1603 3243 1722 3330 colitis,
1760 3245 1800 3305 de

1006 3341 1270 3418 possessionibus
1293 3338 1416 3402 habitis
1438 3341 1515 3401 ante
1535 3339 1718 3401 Concilium
1740 3356 1800 3417 ge-

1006 3437 1130 3508 nerale,
1148 3452 1207 3498 seu
1221 3437 1261 3497 de
1276 3437 1460 3498 vestrorum
1478 3435 1672 3496 animalium
1691 3437 1799 3497 nutri-

1005 3533 1126 3596 mentis
1148 3533 1259 3594 nullus
1281 3548 1301 3594 a
1324 3531 1418 3594 vobis
1438 3531 1582 3594 decimas
1598 3533 1733 3608 exigere
1749 3533 1801 3594 vel

1007 3633 1145 3708 extorqu
1167 3647 1204 3692 19
1243 3631 1432 3708 prasumat.
1463 3629 1511 3691 Ad
1548 3630 1620 3692 haec
1655 3630 1814 3692 decimas·

1007 3744 1089 3805 quas
1115 3647 1254 3789 cobsilio
1280 3730 1313 3789 et
1339 3742 1478 3788 assensu
1503 3726 1733 3804 episcoporum
1762 3729 1803 3789 de

1007 3841 1107 3886 manu
1123 3825 1319 3886 clericorum
1335 3825 1389 3886 vel
1410 3824 1571 3886 laicorum
1592 3823 1715 3886 babere
1737 3841 1800 3900 po-

1007 3922 1125 3993 teritis,
1140 3938 1264 3999 quasve
1285 3921 1568 3983 consentientibus
1587 3921 1753 3997 episcopis
1770 3924 1803 3984 91

1008 4034 1122 4080 eorum
1135 4018 1266 4079 clericis
1283 4016 1476 4094 acquiretis,
1493 4017 1690 4078 auctoritate
1707 4016 1801 4079 vobis

1007 4115 1197 4192 apostolica
1212 4101 1458 4176 confirmamus.
1476 4115 1518 4174 Ut
1530 4115 1640 4174 autem
1655 4113 1749 4176 vobis
1762 4115 1804 4174 ad

1008 4228 1122 4274 curam
1140 4212 1328 4273 animarum
1345 4213 1531 4273 vestrarum
1548 4212 1581 4272 et
1602 4211 1720 4272 salutis
1733 4211 1806 4288 ple-

1008 4310 1193 4372 nitudinem
1208 4308 1292 4369 nihil
1313 4309 1400 4370 desit
1414 4309 1512 4385 atque
1527 4310 1734 4371 sacramenta
1749 4325 1806 4371 ec-

1009 4407 1197 4471 clesiastica
1225 4407 1258 4469 et
1287 4407 1403 4468 divina
1431 4405 1541 4466 officia
1570 4408 1681 4469 vestro
1709 4421 1805 4469 sacro

1009 4505 1149 4581 collegio
1164 4503 1368 4565 commodius
1387 4503 1520 4564 valeant
1540 4503 1702 4574 exbiberi,
1723 4521 1805 4566 san-

1009 4603 1125 4674 cimus,
1143 4603 1179 4663 ut
1200 4601 1300 4663 liceat
1318 4601 1412 4661 vobis
1435 4601 1591 4662 honestos
1611 4601 1750 4663 clericos
1773 4605 1807 4664 et

1010 4701 1198 4762 sacerdotes
1227 4699 1408 4760 secundum
1437 4700 1540 4759 Deum
1574 4700 1732 4775 quantum
1764 4701 1806 4760 ad

1009 4799 1153 4859 vestram
1178 4797 1351 4858 scientiam
1382 4796 1552 4857 ordinatos
1578 4796 1806 4874 undecumque

1009 4895 1051 4956 ad
1064 4911 1125 4958 vos
1139 4895 1310 4957 venientes
1326 4894 1495 4970 suscipere
1511 4893 1544 4954 et
1554 4893 1622 4954 tam
1638 4894 1673 4953 in
1686 4895 1808 4971 princi-

1010 4992 1077 5070 pali
1092 4991 1188 5052 domo
1203 4990 1313 5050 vestra
1326 5005 1424 5066 quam
1440 4989 1540 5050 etiam
1555 4987 1590 5048 in
1605 4988 1804 5052 obedientiis

1011 5089 1043 5151 et
1068 5088 1151 5149 locis
1177 5086 1317 5148 subditis
1345 5084 1515 5146 vobiscum
1546 5084 1681 5158 babere,
1708 5087 1807 5146 dum-

1011 5185 1118 5256 modo,
1135 5185 1164 5246 si
1183 5201 1202 5246 9
1220 5184 1332 5246 119199
1347 5183 1424 5254 9191,
1444 5198 1502 5244 999
1521 5199 1541 5244 9
1559 5183 1702 5260 propriis
1718 5184 1809 5260 epis-

1011 5285 1102 5360 copis
1124 5283 1298 5360 expetatis,
1315 5281 1481 5357 iidemque
1496 5280 1581 5341 nulli
1601 5281 1660 5340 alii
1675 5280 1806 5357 profes-

1011 5381 1099 5443 sioni
1116 5379 1168 5442 vel
1182 5378 1293 5442 ordini
1315 5378 1452 5441 obnoxii
1474 5380 1658 5440 teneantur.
1684 5378 1808 5450 Quodsi
1844 5445 1846 5449 ,

1012 5478 1159 5555 episcopi
1183 5493 1240 5538 eos
1264 5475 1359 5538 vobis
1377 5476 1558 5538 concedere
1578 5474 1663 5536 forte
1690 5475 1809 5536 nolue-

1012 5577 1089 5648 rint,
1104 5575 1320 5637 nihilominus
1331 5575 1442 5635 tamen
1456 5572 1587 5633 eosdem
1603 5573 1807 5648 suscipiendi
