4250 6404
173 280 193 338 5
308 337 310 344 a
492 275 510 282 ““
792 278 1022 346 EPISTOLAE.
1047 279 1125 350 LIB.
1150 282 1206 342 lll.
1751 281 1753 300 ²
1804 286 1833 342 d„

214 441 258 502 In
283 441 443 504 cumdem
465 441 605 502 modurn
633 438 793 518 scriptum
819 441 869 504 est
883 439 973 518 epis
1027 423 1611 519 appellationisuaefestumemnium
1626 441 1822 507 Sanctorum

175 552 270 614 copo,
286 536 410 599 deceno
432 538 466 599 et
480 536 639 614 magistro
663 535 852 598 scholarum
866 539 973 600 Aure-
1027 541 1207 602 terminum
1222 539 1431 618 praefigentes
1448 560 1456 599 ε
1473 540 1530 601 sed
1550 536 1637 601 idem
1653 544 1690 601 G.
1708 542 1825 618 appel-

175 633 400 706 lianensibus,
426 633 538 696 verbis
566 633 791 710 competenter
816 636 970 708 mutatis,
1028 637 1186 699 lationem
1215 651 1306 700 more
1333 653 1393 698 suo
1421 637 1546 698 temere
1567 637 1823 714 parvipendens,
1848 667 1851 672 ·

175 747 283 806 uscce
324 747 507 808 agnoscere
539 731 775 792 blandientem.
808 734 972 796 Deinde:
1028 734 1197 801 interdicti
1210 735 1412 800 ¹sententiam
1425 733 1632 810 postmodum
1641 735 1778 812 protulit
1788 735 1824 796 in
1935 725 1940 738 '

176 829 319 906 Ideoque
348 828 541 895 discretioni
567 829 688 890 restrae
709 843 770 906 per
783 829 973 906 Apostolice
1016 831 1198 897 eosdem...
1223 833 1263 896 Et
1286 832 1418 910 quidem
1431 832 1461 892 si
1476 832 1549 894 haec
1565 831 1614 896 ite
1633 831 1824 917 sehabent,

177 927 301 1002 scripta
314 927 521 999 mandamur,
532 928 695 1004 quatenus
705 942 747 988 ex
758 927 973 1006 partencstra
1029 946 1102 1006 quae
1111 929 1385 1006 suntspeoialiter
1395 929 1536 990 Romani
1546 929 1717 991 Pontificis
1726 925 1826 994 'lasur-

177 1023 415 1086 denunciantes
435 1025 617 1088 memorato
641 1023 747 1086 nobili
770 1025 973 1103 supradicto,
1030 1025 1150 1104 pando,
1166 1027 1199 1090 et
1211 1027 1353 1090 aliorum
1363 1027 1542 1103 justitiam,
1557 1029 1649 1102 ipsos
1669 1027 1833 1104 multipli··

177 1121 285 1200 ipsum
313 1120 355 1184 ad
377 1137 417 1184 ea
432 1139 505 1200 quaa
521 1122 741 1200 premisimus
763 1124 975 1202 exsequenda
1031 1124 1114 1186 citer
1142 1124 1344 1202 opprimens,
1364 1124 1570 1196 invadendo,
1599 1125 1724 1186 videris
1756 1139 1824 1186 non

178 1215 341 1278 moneatis
365 1215 489 1278 attente
524 1218 557 1278 et
591 1216 772 1278 efficaciter
796 1217 973 1291 inducatis,
1031 1221 1206 1299 pastoralis
1236 1237 1349 1284 curam
1375 1221 1560 1298 regiminis,
1587 1219 1644 1282 sed
1669 1223 1826 1284 thronum

177 1311 412 1390 responsiones
426 1316 499 1392 ejus
514 1315 546 1376 et
561 1314 627 1376 alia
643 1315 705 1376 hoc
720 1316 888 1394 negotium
900 1332 977 1410 cons
1031 1318 1194 1397 superbiae
1205 1335 1244 1380 ao
1259 1319 1456 1396 pestilentie
1467 1318 1658 1380 cathedram
1672 1333 1827 1382 conscen-

177 1409 342 1486 tingentia
366 1410 461 1472 nobis
477 1427 537 1488 per
549 1411 677 1474 litteras
691 1414 820 1476 vestras
835 1412 977 1476 fideliter
1032 1417 1132 1482 disse.
1148 1419 1229 1478 Cum
1251 1416 1368 1492 igitur,
1383 1418 1650 1494 quantacumque
1664 1417 1825 1492 dignitate

178 1509 387 1586 rescripturi.
404 1511 522 1571 Datum
535 1511 573 1572 ui
585 1525 707 1586 supro.
1032 1514 1243 1592 praefulgeas,
1258 1515 1290 1578 te
1313 1513 1409 1576 nobis
1427 1515 1515 1576 scias
1530 1530 1604 1576 esse
1625 1513 1825 1590 subjectum,

1033 1613 1089 1691 qul
1104 1613 1233 1689 tempus
1258 1612 1446 1689 accepimus
1463 1612 1630 1690 justitiam
1641 1612 1825 1688 judicandi,
1937 1677 1940 1682 ,

551 1705 608 1790 IV
1032 1712 1066 1774 et
1091 1710 1390 1788 quantumcumque
1418 1710 1479 1772 tibi
1513 1710 1645 1772 deterre
1672 1710 1825 1782 velimus,

262 1837 314 1898 Aa
329 1835 617 1910 constantinopol.
628 1837 884 1910 pam-archam·
1032 1806 1244 1868 dissimulare
1275 1823 1343 1869 non
1381 1823 1558 1884 possumus
1583 1823 1645 1868 nec
1670 1807 1827 1870 debemus

376 1947 778 2022 (Sinenctachronologica.)
1032 1903 1368 1968 mmmmm·

208 2049 346 2114 [Rcynald
360 2049 473 2100 Annales
483 2047 656 2111 ecclesiastici,
665 2049 698 2100 ed
710 2063 770 2100 ann.
783 2050 852 2106 lale,
865 2049 877 2114 ξ
893 2047 946 2115 ib]
1412 2055 1449 2140 V

180 2158 253 2214 Eum
270 2155 418 2230 redarguit
435 2156 519 2229 eique
541 2171 646 2230 graves
660 2156 754 2214 minas
775 2157 906 2226 intentat,
922 2155 977 2213 nisi

456 2245 557 2318 coeptis
567 2243 695 2302 desistat.
1033 2199 1084 2260 Aci
1114 2197 1278 2260 Othonem
1306 2198 1502 2270 episcopum
1534 2199 1827 2272 herbipolensem.

219 2353 313 2416 Sicut
327 2369 370 2417 ex
384 2353 546 2420 relatione
570 2353 750 2418 multorum
772 2352 975 2434 accepimus
1317 2318 1461 2442 j⁴³¹¹3⁰⁸u
1473 2317 1551 2444 Q·

181 2452 218 2513 tu
247 2467 348 2529 snpra
374 2451 407 2513 te
434 2451 550 2514 volens
575 2451 755 2515 extendere
792 2449 864 2513 alas
889 2450 988 2534 tuas„
1173 2431 1566 2495 [wordtwem‚ilovasubs1dia‚
1579 2431 1686 2498 ΠΜ]

180 2549 349 2626 simplices
378 2549 517 2610 clericos
545 2551 578 2611 et
605 2565 680 2612 cum
714 2549 830 2626 cappis
864 2547 976 2610 mani·
1034 2541 1067 2598 ln
1081 2554 1169 2597 causa
1189 2539 1380 2598 antecessoris
1399 2537 1528 2610 ejusdem
1543 2539 1669 2597 occiaiet
1683 2539 1757 2612 quod
1773 2555 1830 2598 non

181 2647 266 2709 catis
279 2644 446 2708 interdurn
469 2647 596 2724 legatos
620 2647 661 2708 de
689 2647 747 2709 tuo
771 2645 876 2708 latere
894 2645 979 2708 diri·
1068 2635 1199 2730 ῑθΰθὲῑῑῑῑ
1219 2628 1249 2683 ῑῐί
1268 2627 1826 2699 leiim⁰⁰ffll³³l010¹1100110ffi⁰hr

182 2745 235 2820 gis
246 2759 320 2806 cum
332 2760 371 2805 ea
388 2744 591 2820 plenitudine
604 2745 788 2822 potestatis,
804 2761 868 2822 qua
876 2743 980 2820 legati
1069 2723 1201 2789 ⁸¹¹⁰⁰¹¹⁰¹

189 2841 283 2902 Sedis
306 2842 504 2918 Apostolicae
525 2841 725 2918 diriguntur.
747 2842 800 2902 llli
815 2841 905 2903 enim
920 2856 980 2918 per
1074 2829 1261 2906 H⁰1¹0riuss
1290 2832 1370 2903 etc,
1397 2831 1580 2893 vonerabili
1611 2830 1707 2894 fiatri
1735 2833 1829 2910 epis-

186 2938 446 3016 patriarchatum
478 2937 539 3001 tibi
561 2940 773 3000 commissum
802 2953 979 2999 causarum
1035 2945 1117 3006 copo
1138 2929 1382 3007 Herbipolensi,
1402 2929 1542 2994 salutem
1562 2932 1595 2992 et
1614 2929 1830 3010 apostolicam

184 3034 400 3107 audientiam,
417 3051 491 3113 quae
502 3036 543 3096 ad
557 3037 600 3108 te,
617 3037 670 3097 vel
683 3035 724 3097 ad
742 3035 832 3113 ipsos
847 3052 907 3113 per
919 3051 981 3112 ap·
1035 3027 1310 3090 benedictionem.

183 3133 397 3211 pellationem
417 3133 552 3194 minimo
571 3132 775 3205 deteruntur,
793 3131 855 3194 sibi
869 3130 982 3194 vindi·
1075 3126 1155 3186 Cum
1167 3125 1192 3184 ii
1206 3125 1262 3201 qui
1272 3122 1368 3185 bonae
1383 3124 1550 3186 memoriae
1564 3125 1597 3185 C.
1615 3123 1662 3205 (l)
1674 3125 1832 3204 Herbipo·

182 3246 260 3292 care
285 3231 499 3308 praesumunt,
533 3232 567 3292 et
603 3229 800 3296 inconsultis
833 3229 980 3307 praelatis
1035 3223 1138 3284 lensis
1153 3221 1562 3300 episcopipraedccessoris
1572 3222 1632 3294 tui,
1642 3225 1702 3284 Dei
1712 3224 1832 3286 timore

182 3343 298 3389 eorum
310 3326 459 3394 subditos
474 3329 773 3399 excommunicant,
789 3343 982 3390 excommu-
1037 3319 1229 3398 postposito,
1238 3319 1435 3395 sanguinem
1443 3317 1640 3391 effuderunt,
1651 3319 1743 3382 tuum
1754 3337 1833 3400 quo·
1946 3328 1947 3336 ’

184 3425 312 3486 nicatos
325 3424 511 3498 absolvunt,
526 3425 723 3502 praeponunt
737 3425 909 3502 episcopos
920 3437 980 3486 ar·
1036 3435 1100 3498 que
1125 3417 1220 3479 sitire
1258 3416 1455 3494 sanguinem
1490 3407 1737 3492 dignoscantur,
1770 3435 1831 3481 nos

184 3521 406 3599 chiepiscopis
416 3521 485 3583 suis
494 3523 709 3600 metropolico
714 3521 978 3600 jnresubjectos3
1036 3511 1261 3591 viam'impiis
1285 3529 1400 3576 eorum
1427 3508 1601 3575 desideriis
1627 3511 1833 3591 praecluder'e

183 3619 462 3698 appellationibus
478 3636 544 3680 non
556 3619 718 3692 deterunt,
729 3635 811 3698 quaa
821 3619 982 3696 contingit
1037 3609 1427 3690 satagentes,praesertim
1437 3608 1498 3672 tibi
1509 3611 1705 3677 auctoritate
1718 3629 1832 3676 conce·

183 3717 226 3779 ad
242 3716 360 3779 sedem
371 3715 594 3794 Apostolicam
607 3715 786 3795 interponi,
803 3717 910 3790 ateis,
925 3715 981 3795 qui
1037 3705 1503 3784 dimus,utvenerabiliiratre
1518 3709 1668 3772 nostro...
1681 3711 1829 3786 Magunt.

184 3816 220 3877 in
239 3815 423 3892 episcopos
455 3829 575 3876 manus
610 3814 766 3892 injiciunt
799 3813 979 3886 violentas,
1037 3808 1285 3886 archiepiscopo
1323 3807 1576 3885 metropolitano
1608 3809 1666 3871 tuo
1694 3809 1730 3869 in
1758 3808 1832 3872 loco
1917 3817 1934 3840 ²

185 3910 404 3972 absolutionis
434 3910 632 3972 beneficium
653 3912 885 3988 impendendo,
907 3927 981 3972 cum
1038 3907 1155 3968 merito
1174 3905 1235 3967 tibi
1264 3905 1415 3982 suspecto
1441 3905 1619 3966 concilium
1641 3922 1699 3967 seu
1724 3906 1832 3970 collo-

184 4007 269 4070 tales
292 4009 388 4086 juxta
420 4007 632 4086 privilegium
655 4009 764 4070 tutum
790 4007 832 4070 ad
859 4011 984 4070 Roma*
1037 4004 1151 4082 quium
1169 4001 1419 4072 celebrantetu
1447 4001 1488 4062 ad
1510 4002 1619 4062 locum
1640 4003 1833 4081 hujusmodi

185 4121 262 4165 num
302 4105 367 4166 sint
402 4105 596 4167 Pontificem
622 4088 839 4178 destinandi,
874 4106 983 4167 eccle-
1038 4099 1258 4178 personaliter
1279 4097 1438 4159 accedere
1454 4115 1520 4159 non
1532 4101 1679 4160 tenearis
1694 4101 1830 4173 invitus,

185 4202 320 4265 siastica
355 4203 456 4264 etiam
490 4201 653 4264 beneficia
689 4202 883 4276 conterunt,
915 4217 982 4262 non
1038 4197 1095 4258 sed
1115 4196 1299 4258 absentiam
1327 4197 1419 4256 tuam
1441 4194 1595 4272 suppleas
1616 4212 1676 4272 per
1699 4198 1832 4259 nuntios

185 4297 399 4374 expectantes
413 4297 501 4375 quod
515 4297 556 4358 ad
572 4297 604 4358 te
615 4297 760 4376 potestas
773 4296 890 4360 eadem
903 4311 984 4357 con·
1039 4294 1193 4370 providos
1212 4293 1246 4355 et
1266 4289 1433 4364 honestos
1458 4307 1517 4368 per
1532 4307 1613 4369 quos
1637 4287 1773 4356 edoctus
1792 4296 1833 4357 de

185 4393 312 4457 serendi
321 4395 418 4472 juxta
434 4393 660 4456 Lateranense
675 4393 859 4455 Concilium
869 4392 985 4455 devol-
1038 4389 1091 4451 his
1105 4405 1178 4469 quae
1193 4391 1228 4451 in
1240 4389 1315 4467 ipso
1326 4389 1467 4451 concilio
1478 4405 1536 4450 seu
1551 4389 1716 4470 colloquio
1726 4392 1834 4455 conti-

83 4518 89 4536 ·
185 4495 321 4554 vatur...
343 4493 483 4569 Insuper
502 4506 609 4568 nuper
624 4493 660 4552 G.
675 4490 982 4568 Constantinopoli·
1038 4487 1124 4565 gerit
1138 4487 1297 4560 ordinari,
1314 4503 1365 4559 ea,
1387 4486 1473 4549 sicut
1484 4487 1544 4550 alii
1559 4479 1763 4566 suffraganei
1774 4506 1832 4552 ec·

184 4590 253 4650 tan.
280 4589 461 4651 canonicus
483 4602 503 4651 a
522 4587 555 4650 tc
578 4589 795 4649 transmissus
814 4587 856 4650 ad
872 4587 982 4666 partes
1038 4585 1149 4648 clesiae
1163 4585 1366 4662 Maguntinae
1379 4585 1522 4662 recipias
1535 4583 1706 4674 humiliter,
1723 4588 1756 4648 et
1770 4587 1832 4650 ob-

184 4685 383 4760 Thebarum,
403 4687 437 4748 et
450 4686 586 4748 Achaiae
607 4685 749 4762 legatus,
765 4686 983 4747 veniensAn-
1038 4699 1162 4756 serves,
1180 4683 1378 4746 sententiam
1391 4683 1529 4761 siquam
1541 4677 1831 4748 torteintecontra

185 4783 371 4856 dreviliam,
397 4783 518 4845 litteris
541 4797 610 4846 suae
627 4781 806 4860 legationis
826 4783 981 4854 ostensis,
1038 4781 1286 4844 concessionem
1305 4779 1453 4842 nostram
1471 4780 1587 4843 tulerit
1601 4778 1830 4860 archiepisco-

183 4884 293 4945 terras
329 4881 529 4943 nobiliorum
567 4882 716 4944 virorum
747 4883 785 4942 G.
820 4879 982 4958 principis
1039 4895 1099 4957 pus
1114 4879 1327 4949 memoratus,
1351 4877 1565 4940 decernentes
1588 4878 1718 4942 irritam
1733 4882 1766 4942 et
1780 4881 1833 4942 in-

184 4978 333 5049 Achaiaa,
347 4981 380 5040 et
394 4982 430 5040 0.
445 4979 486 5040 de
499 4977 615 5040 Recha
629 4977 980 5048 dominihthenarum
1038 4992 1146 5039 anem.
1163 4975 1254 5039 Nulli
1275 4991 1355 5051 ergo
1380 4975 1514 5037 omnino
1537 4973 1706 5052 hominum
1733 4979 1833 5042 liceat

186 5075 260 5137 sine
272 5075 464 5136 rationabili
487 5091 590 5140 causa
610 5075 783 5137 sententiae
801 5075 982 5154 subjiciens
1038 5075 1124 5136 hanc
1136 5073 1291 5152 paginam
1306 5074 1428 5134 nostrae
1444 5075 1669 5136 concessionis
1685 5077 1718 5140 et
1732 5093 1832 5140 cons-

186 5171 366 5244 interdicti‚
382 5170 529 5248 praelatis
537 5187 652 5234 eorum
666 5171 824 5251 injunxit,
835 5173 871 5234 ut
883 5173 983 5233 inter·
1037 5170 1202 5233 titutionis
1223 5169 1422 5246 intringere,
1441 5170 1494 5233 vel
1507 5171 1539 5233 ei
1554 5188 1638 5234 ausu
1652 5173 1831 5236 temerario

186 5270 310 5332 dictum
325 5269 514 5348 hujusmodi
525 5271 592 5331 tam
600 5287 661 5348 per
674 5287 710 5332 se
725 5287 824 5348 quam
836 5285 895 5347 per
905 5285 983 5331 suos
1038 5269 1214 5332 contraire.
1243 5269 1278 5330 Si
1304 5267 1379 5346 quis
1403 5271 1525 5338 autem,
1544 5271 1606 5332 etc.
1623 5273 1740 5334 Datum
1766 5273 1833 5332 La-

186 5367 333 5430 suhditos
347 5366 587 5430 inviolabiliter
598 5369 830 5445 observarent3
849 5369 986 5446 propter
1037 5367 1156 5440 terani,
1169 5366 1313 5430 secundo
1334 5383 1440 5430 nonas
1459 5369 1603 5444 augusti,
1619 5367 1830 5446 pontificatus

186 5465 271 5544 quod
285 5466 349 5543 ipsi
361 5465 402 5528 ad
415 5465 534 5528 sedem
541 5467 765 5544 Apostolicam
772 5465 985 5544 appellarunt
1038 5464 1144 5530 nostri
1159 5480 1247 5528 anno
1256 5464 1366 5529 tertio.

222 5605 262 5678 (l)
275 5605 422 5665 conradus
437 5606 496 5665 lde
507 5603 707 5680 havensburg.
