4248 6410
343 152 409 223 w
604 153 611 161 “
967 165 1378 232 mmmmm.
1741 183 1757 262 p
1932 173 2007 231 ma

346 321 379 383 et
393 321 517 382 debiles
531 319 758 402 submittentes
773 327 832 400 per
842 322 899 401 huj
905 324 1031 386 usmodi
1044 325 1137 386 trau·
1191 328 1411 403 proridentes,
1424 327 1646 404 parochianos
1658 344 1736 392 suos
1753 327 1897 390 fideliter
1911 345 2005 388 mo-

346 418 456 504 demna
479 417 733 494 poenitentiariis
757 421 891 492 nostris,
919 420 1136 484 absolutionis
1190 427 1302 490 heaut,
1315 425 1348 486 et
1360 422 1539 502 prudenter
1552 421 1721 496 inducant,
1737 425 1824 485 utad
1840 426 2004 485 vestram

345 515 583 588 vel,dilationis
598 516 728 578 litteras
741 519 963 592 reportarunt.
977 516 1136 580 Nonnulli
1193 521 1461 596 praedicationem
1471 521 1681 591 conveniant,
1696 519 1862 582 etanobis
1874 521 2004 582 humi-

214 679 221 698 ,
346 613 446 673 etiam
463 612 571 684 abiis,
589 612 964 689 quibusabsolutionem
986 616 1136 676 crucesi·
1192 617 1268 678 liter
1289 615 1575 678 audianlverbum
1596 617 1717 677 crucis.
1741 619 1858 678 Datum
1882 619 2001 678 Late-

346 709 520 786 gnatorum
543 711 777 794 commisimus,
803 711 857 772 vel
879 714 955 773 sunt
978 728 1037 790 per
1061 713 1137 774 ialsi
1192 713 1276 785 rani,
1292 713 1419 775 decimo
1432 725 1519 774 nono
1532 713 1599 774 kalt
1615 713 1709 784 lehn,
1727 729 1814 774 anno
1829 715 1968 788 quinte.

346 801 590 880 suggestionem
606 803 746 869 absoluti
762 824 782 892 a
797 809 884 880 rote,
901 797 953 870 vel
969 807 1137 870 dilationis
1231 813 1273 870 iu
1284 813 1440 870 eumdem
1451 813 1589 872 modum
1600 810 1818 886 scriptumest
1828 813 1865 872 Τ.
1878 809 2004 870 archi·

347 894 552 964 commodum
567 895 797 980 impetrarunt,
815 903 848 966 in
866 922 1006 982 quorum
1025 906 1139 984 perni-
1192 905 1331 966 diacono
1346 907 1513 984 bajocen„
1524 909 1557 968 et
1572 909 1612 968 H.
1626 907 1877 984 Rotbomagen„
1896 909 1932 968 et
1955 909 1999 966 G.

348 999 472 1060 ciosum
493 1001 680 1084 exemplum
695 1001 790 1074 multi
806 1004 955 1078 potentes
969 1004 1004 1064 et
1019 1001 1138 1064 divites
1193 1001 1371 1064 Lexovien.
1384 1003 1565 1064 canonicis

347 1111 464 1156 causas
484 1097 677 1180 remanendi
701 1101 898 1174 quaerentes,
924 1094 978 1160 vel
1006 1100 1138 1174 propter

345 1181 409 1282 hoc
420 1193 818 1269 adsedemnpostolicam
829 1191 1024 1256 accedentes
1035 1197 1139 1256 trans·
1477 1169 1697 1256 CLXXXVI

347 1283 489 1376 instandi
526 1291 726 1351 desiderium
761 1292 892 1368 penitus
931 1291 1136 1366 amiserunt,
1233 1301 1284 1361 Ad
1295 1303 1576 1375 archiepiscopos,
1599 1305 1784 1376 episcopos,
1806 1305 1883 1374 ete,
1902 1307 1954 1363 od

348 1387 427 1465 quin
449 1388 515 1446 imo
531 1387 761 1463 praedictorum
781 1389 957 1449 occasione
971 1387 1059 1448 circa
1076 1403 1138 1448 ne·
1306 1412 1389 1470 quos
1402 1399 1529 1458 titteroe
1544 1398 1621 1458 tsiae
1633 1401 1869 1471 pervener-tut.

347 1483 471 1560 gotium
485 1483 599 1544 Crucis
614 1484 791 1546 inultorum
807 1484 1015 1562 devoliojam
1030 1485 1140 1561 tepes-
1489 1509 1522 1566 lb
1535 1509 1595 1581 jan,
1610 1511 1689 1567 ihil.

344 1580 402 1651 cit,
425 1577 609 1656 praesertim
633 1597 707 1641 cum
732 1581 953 1656 crucesignati
973 1581 1139 1641 communi
1162 1593 1163 1646 ἐ
1250 1599 1503 1678 [gmfflpgpabulg
1516 1615 1572 1666 „g
1586 1612 1825 1680 sneuson.,p.282,
1837 1615 1944 1682 nath]

327 1705 331 1713 ¹
345 1675 487 1786 ³¹i⁰ru¹J¹
502 1676 574 1788 ¹93⁰
587 1677 778 1744 stacteum*
796 1691 856 1736 ¹¹⁰⁰
867 1675 1086 1786 d,⁰‚f}³¹¹d³nt¹¹¹'
1098 1677 1139 1786 ‚ab
1194 1710 1396 1784 Interpretatur
1410 1714 1641 1770 constitutionem
1653 1713 1855 1786 Apostolicsm,
1869 1723 1902 1770 ut
1916 1714 1999 1771 ordi·

347 1773 495 1834 ΕὓΟῙθὸῑᾶ
522 1771 619 1850 Juxta
645 1775 768 1834 statuta
794 1774 932 1834 C⁰fl⁰¹l¹¹
957 1771 1137 1848 generalis,
1229 1799 1453 1857 nisTheutouioi
1478 1801 1591 1858 novalia
1606 1809 1634 1858 et
1649 1803 1712 1858 1111
1728 1809 1820 1870 terre,
1841 1815 1914 1875 quos
1930 1803 1997 1861 lra-

347 1873 380 1932 θῒ
400 1871 459 1931 affl
479 1871 536 1946 qui
554 1887 630 1930 01¹¹ss
653 1885 772 1946 malim
794 1869 908 1930 lflb⁰P0
936 1871 972 1930 in
1001 1869 1139 1931 ves'bum
1227 1891 1286 1945 tres
1308 1890 1428 1962 propriis
1442 1889 1575 1948 manibus
1596 1895 1644 1946 aut
1662 1889 1822 1962 sumptibus
1845 1891 1997 1958 excolant,

344 1965 1998 2051 mmmuwfflmwmmmn1mmmmmmmmmmmm

344 2063 506 2140 injunctis
519 2061 581 2122 sibi
597 2063 800 2137 poenitentiis
813 2062 1051 2138 indulgentiam
1071 2061 1138 2122 ali·
1229 2071 1393 2122 onerentur.
1412 2065 1558 2137 lobatoni
1574 2066 1713 2124 violentas
1728 2077 1830 2122 manus
1844 2067 1873 2122 tn
1887 2065 1998 2122 iratres

347 2161 445 2238 quam
466 2175 532 2220 non
554 2155 733 2234 reportent.
758 2157 806 2218 nd
830 2159 903 2220 haeo
927 2173 1026 2236 super
1048 2157 1139 2220 aliud
1231 2151 1362 2224 injiciunt
1376 2155 1630 2212 elfflmfflffllllffl·

345 2255 618 2333 impedimentum
634 2255 769 2328 accedit,
787 2255 873 2333 quod
889 2255 1072 2332 presbiteri
1087 2252 1139 2317 vel
1234 2261 1399 2322 Honorius
1410 2263 1595 2338 episcopus,
1607 2274 1724 2322 servus
1735 2265 1908 2322 servorum
1916 2265 1996 2335 Dei,

347 2354 463 2415 decani
490 2354 523 2414 in
539 2353 750 2414 convocando
775 2352 942 2428 populum,
959 2349 1011 2412 vel
1037 2367 1138 2414 exse·
1196 2357 1440 2419 venerabilibus
1476 2359 1634 2419 iratribus
1658 2359 1922 2436 archiepiscopis
1959 2363 1997 2422 et

348 2451 477 2530 quondo
492 2450 681 2511 mandatum
695 2449 929 2526 apostolicum,
943 2447 1140 2526 11011111-
1194 2453 1358 2531 episcopis
1370 2456 1401 2517 et
1422 2455 1552 2517 dilectis
1568 2456 1645 2516 liliis
1660 2455 1844 2526 abbatibus,
1862 2456 1997 2532 priori-

215 2625 223 2632 ,
346 2547 516 2609 bedientes
543 2547 595 2608 vel
621 2547 827 2622 negligentes
853 2546 1017 2617 existunt,
1053 2543 1138 2622 quod
1193 2550 1266 2622 bus,
1283 2551 1538 2622 archidiaconis,
1569 2553 1704 2614 decanis
1732 2551 1766 2612 et
1782 2551 1858 2612 aliis
1873 2553 1996 2612 eccle-

348 2645 523 2707 coercendi
536 2643 668 2704 eosdem
687 2641 811 2703 nullam
827 2643 1013 2719 accepistis,
1031 2645 1066 2704 ut
1080 2648 1138 2704 as·
1162 2687 1163 2692 1
1194 2648 1319 2708 siarum
1332 2649 1491 2725 praelatis,
1512 2645 1553 2708 ad
1569 2653 1651 2724 quos
1674 2647 1794 2709 litterar
1815 2647 1888 2709 istae
1913 2665 1999 2724 per-

349 2742 473 2813 serunt,
487 2741 692 2818 potestatem,
708 2741 821 2816 sicque
832 2741 1000 2815 negotium
1018 2740 1137 2811 crucis,
1194 2745 1355 2817 venerint,
1386 2745 1526 2806 salutern
1548 2747 1582 2806 et
1595 2742 1811 2822 apostolicam
1825 2744 1994 2807 benedic-

349 2838 435 2916 quod
446 2838 594 2898 dolentes
604 2835 790 2907 referimus,
803 2836 1030 2911 multipliciter
1041 2836 1141 2913 impe-
1161 2878 1164 2886 ·
1194 2841 1330 2902 tionem.

349 2935 449 2996 ditur.
465 2935 534 2994 Nos
544 2933 647 3007 igitur
661 2933 702 2992 de
714 2933 833 2994 vestre
847 2932 1055 2994 rectitudinis
1070 2933 1140 2994 zelo
1234 2939 1428 3000 Audivimus
1456 2939 1489 3000 et
1514 2937 1687 3000 audientes
1717 2937 1828 3000 mirati
1861 2955 1993 3010 sumus,

242 3067 248 3082 ι
346 3034 502 3110 gerentes
537 3029 692 3090 fiduciam
726 3029 919 3105 pleniorem,
948 3029 1141 3092 discretioni
1195 3034 1293 3110 quod,
1310 3051 1384 3095 cum
1401 3035 1529 3096 dilectis
1542 3035 1619 3094 liliis
1636 3035 1793 3096 iratribus
1804 3036 1992 3112 Hospitalis

348 3131 469 3192 vestrae
493 3143 553 3204 per
575 3127 763 3202 Apostolica
786 3127 909 3203 scripta
932 3127 1139 3195 mandamus,
1197 3134 1325 3193 sanotae
1348 3132 1461 3193 Mariae
1490 3129 1769 3192 Theutonioorum
1792 3131 1994 3208 Hierosoly-

351 3229 525 3304 quatenus,
546 3237 646 3300 quum
663 3223 810 3284 laborem
832 3226 919 3282 Deus
940 3225 1139 3294 remuneret,
1196 3229 1312 3289 mitani
1333 3227 1525 3290 duxerimus
1549 3227 1797 3304 indulgendum,
1815 3230 1852 3290 ut
1875 3229 1916 3289 de
1938 3229 1994 3289 la-

351 3341 418 3383 111
444 3321 637 3401 proiectum,
665 3320 847 3395 injunctum
876 3320 970 3381 vobis
996 3321 1140 3382 oiiieium
1195 3324 1341 3398 borthne,
1368 3341 1450 3402 quos
1466 3326 1610 3402 propriis
1633 3325 1788 3386 manibus
1801 3327 1858 3386 aut
1872 3341 1993 3402 sump-

352 3419 582 3495 exsequentes,
591 3416 684 3493 juxta
693 3417 1083 3493 priorumcontinentiam
1092 3419 1143 3479 lit·
1195 3420 1284 3483 tibus
1308 3421 1475 3493 excolunt,
1493 3419 1618 3482 nemini
1631 3421 1776 3482 decimas
1791 3421 1921 3482 soliers
1936 3423 1991 3482 te·

351 3519 509 3585 terarum,
526 3514 614 3584 illos,
631 3513 688 3590 qni
699 3529 803 3590 quum
816 3514 882 3573 sint
893 3513 992 3575 utiles
1005 3529 1143 3576 sucour-
1198 3519 1350 3590 neantur,
1365 3518 1499 3596 quidam
1520 3517 1623 3580 abeis
1638 3517 1854 3578 nihilominus
1870 3519 1988 3580 contra

353 3615 406 3674 sni
420 3613 531 3672 Terrae
539 3609 681 3682 Sanctae,
696 3620 857 3685 suumque
868 3611 1023 3688 prosequi
1032 3609 1143 3673 votum
1198 3616 1445 3677 concessionem
1468 3615 1616 3676 nostram
1637 3614 1783 3676 decimas
1797 3615 1934 3690 exigere
1948 3630 1991 3676 ac

352 3709 490 3788 10881111,
509 3719 569 3784 1³01*
594 3705 783 3784 hujusmodi
805 3697 937 3768 irartdes
959 3707 1143 3770 absolutio·
1198 3714 1396 3788 extorquere
1409 3713 1784 3788 praesumuntetprava
1799 3711 1990 3772 aesinistra

352 3805 513 3878 1111111
536 3801 689 3865 inducias
713 3801 941 3879 impetrarunt,
971 3807 1009 3866 ut
1035 3806 1143 3866 crucis
1199 3809 1474 3885 interpretatione
1512 3808 1763 3885 privilegiorum
1799 3809 1990 3869 nostrorum

352 3903 523 3982 signaculo
541 3902 750 3978 reassumpto
769 3915 874 3978 usque
894 3902 935 3962 ad
957 3903 1143 3978 proximum
1198 3906 1390 3982 capitulum,
1401 3907 1639 3982 pervertentes,
1650 3906 1806 3966 asserunt
1815 3905 1855 3966 de
1866 3906 1991 3966 novali·

353 4014 499 4065 mensem
512 3999 643 4075 angusti
658 3998 770 4060 votum
783 4001 1026 4076 prosequentur
1039 3999 1143 4059 emis·
1198 4003 1259 4063 bus
1271 4001 1391 4063 debere
1403 4001 1556 4076 intelligi,
1572 4001 1628 4062 ubi
1642 4002 1681 4062 de
1694 4001 1862 4062 laboribus
1878 4001 1992 4061 nosci-

353 4097 631 4170 sum,monltione
646 4095 1146 4172 praemissaperoensnrameo·
1198 4102 1253 4162 tur
1279 4105 1354 4162 esse
1374 4099 1545 4174 scriptum.
1561 4099 1722 4168 Quoniam
1748 4099 1852 4173 igitar
1875 4099 1990 4158 mani·

354 4196 586 4264 clesiasticam,
601 4192 825 4269 appellatione
841 4185 1034 4269 postposita,
1053 4207 1145 4253 corn·
1199 4195 1317 4254 testum
1335 4192 1387 4253 est
1402 4183 1566 4263 omnibus,
1584 4192 1642 4267 qui
1660 4193 1750 4252 recte
1778 4191 1922 4267 sapiunt,
1935 4189 1993 4251 inb

354 4293 502 4370 pellatis,
530 4289 778 4364 crucesignatos
809 4289 1024 4350 nihilominus
1047 4290 1143 4366 juxta
1198 4288 1992 4366 terpretatienemhujusmodiperversumesseet

354 4391 476 4450 statuta
501 4387 582 4446 dicti
603 4386 742 4446 concilii
764 4385 982 4458 defendendo,
1007 4397 1046 4446 ao
1068 4394 1145 4446 eon·
1199 4385 1383 4448 intellectui
1398 4396 1480 4444 sano
1494 4385 1708 4456 annuariam,
1723 4385 1992 4445 oumsecundnrn

354 4485 499 4548 cedendo
521 4483 598 4554 illis,
621 4481 677 4558 qui
700 4482 741 4542 ad
765 4483 909 4543 rostram
936 4481 1146 4558 predicatio·
1196 4483 1379 4558 capitulum
1391 4480 1503 4540 iliada
1525 4480 1689 4541 solutione
1706 4470 1909 4542 deeimarum
1924 4481 1992 4540 tam

354 4596 430 4644 nem
443 4579 659 4641 convenerint
673 4577 844 4638 humiliter
855 4579 888 4638 et
902 4577 1029 4648 devote,
1053 4577 1143 4638 illam
1194 4580 1240 4641 de
1264 4580 1365 4641 terris
1387 4577 1467 4648 illis,
1493 4589 1577 4653 quas
1591 4577 1746 4638 duxerint
1760 4577 1812 4638 vel
1827 4577 1994 4638 deducunt

353 4693 428 4742 curn
442 4677 603 4738 modestia
621 4676 747 4736 1111111
762 4674 1001 4748 indulgentiam
1023 4685 1144 4748 pecea-
1199 4676 1241 4738 ad
1254 4675 1388 4746 cultum,
1402 4689 1500 4750 quam
1511 4675 1551 4734 de
1561 4673 1660 4735 terris
1670 4675 1769 4734 etiam
1783 4674 1893 4745 cultis,
1908 4689 1992 4750 quas

349 4779 473 4844 torum,
494 4787 591 4850 qnam
615 4771 766 4834 videritis
785 4763 953 4846 expedire,
969 4771 1017 4831 ita
1034 4771 1145 4832 tamen
1201 4772 1343 4850 propriis
1363 4769 1517 4831 manibus
1547 4769 1599 4832 uel
1615 4769 1800 4846 sumptibus
1819 4771 1991 4842 excolunt,

355 4871 442 4950 quod
456 4869 661 4946 indulgentia
677 4869 750 4943 ipsa
764 4865 882 4940 uiginti
896 4865 1147 4940 diorumnume·
1200 4868 1296 4930 liberi
1317 4867 1386 4927 sint
1410 4866 1553 4943 penitus·
1570 4868 1603 4927 et
1627 4867 1807 4937 immunes,
1837 4881 1883 4926 ne
1904 4863 1992 4926 ullus

354 4977 428 5032 runa
449 4983 516 5029 non
531 4965 681 5028 excedat.
705 4963 774 5024 Nos
787 4961 878 5022 enim
901 4959 1146 5025 venerabilibus
1200 4967 1315 5027 contra
1334 4975 1394 5028 eos
1420 4963 1594 5024 materiam
1615 4961 1759 5023 habebat
1770 4963 1990 5038 malignandi,

354 5065 512 5130 hatribus
531 5061 691 5125 nostris...
719 5059 969 5136 archiepiscopo
996 5061 1144 5132 Romen„
1201 5057 1411 5122 universitati
1440 5055 1560 5121 vestre
1574 5069 1636 5134 per
1656 5058 1847 5134 npostolioa
1869 5060 1994 5135 scripta

354 5168 387 5229 et
405 5161 627 5239 suffraganeis
647 5159 731 5234 ejus,
759 5171 801 5215 ao
827 5155 906 5216 allis
931 5157 1146 5219 ecclesiarum
1198 5149 1395 5220 mandamus
1428 5157 1528 5232 atque
1566 5153 1787 5232 percupimus,
1829 5157 1994 5233 quatenus

355 5259 716 5341 prnlettspernemen.
730 5251 934 5329 provinciam
944 5255 1144 5327 constitutis,
1202 5253 1353 5318 omuibus
1394 5247 1609 5328 parochianis
1640 5252 1761 5312 sostris
1792 5251 1995 5313 auctoritate

354 5357 478 5423 nostris
492 5357 608 5418 damus
624 5351 748 5412 litteris
770 5349 805 5410 in
824 5346 1002 5422 mendatis,
1028 5353 1064 5412 ut
1088 5365 1147 5414 ros
1202 5349 1390 5426 apostolica
1401 5344 1578 5426 prohibere
1589 5346 1725 5418 curetis,
1739 5355 1782 5407 ne
1794 5359 1817 5407 a
1831 5357 1996 5410 memora·

353 5455 556 5530 resipientes
566 5447 719 5522 benigne,
737 5443 933 5507 erronum
949 5447 1146 5508 necessariis
1202 5447 1244 5508 tis
1259 5442 1416 5506 iratribus
1430 5443 1469 5503 de
1487 5441 1661 5504 novalibus
1676 5441 1779 5502 uelde
1795 5443 1992 5516 altisterris,
