4230 6388
799 201 1027 264 EPISTOLAE.
1050 205 1129 263 LIB.
1153 203 1191 264 V.

509 371 635 456 CCGV

199 503 250 561 Ad
261 504 419 576 priorem
434 504 467 564 ot
482 505 671 578 capitulum
684 503 803 563 Sancti
821 505 937 564 Ursini

447 601 687 662 Bituriccnsts

418 785 421 800 Ι
454 713 682 771 16166111111.

217 817 338 882 [depost.,
348 819 392 869 lib.
404 819 434 877 V,
448 833 488 882 ep.
503 817 556 868 495.
571 820 629 868 bles.
643 821 679 870 La
688 821 762 870 Porta
776 819 809 870 du
822 819 916 884 Thail.]

172 924 321 994 statutum,
338 939 394 997 quo
408 939 544 982 numerus
563 925 765 983 canonicorum
787 927 816 983 in
837 926 964 998 ipsorum

207 1011 327 1068 ecclesia
360 1012 396 1068 ad
421 1020 553 1070 octavum
587 1011 730 1070 decimum
760 1013 964 1071 determinatus

206 1106 276 1169 erat,
293 1101 460 1158 auctoritate
474 1101 637 1173 apostolica
653 1102 812 1158 confirmat.

209 1207 388 1278 Honorius,
403 1210 479 1282 etc,
493 1209 623 1270 dilectis
643 1209 721 1270 tiliis
737 1211 841 1286 priori
859 1210 892 1272 et
907 1225 965 1271 ca-

170 1303 276 1382 pitulo
292 1306 406 1368 Sancti
419 1307 534 1368 Ursini
548 1307 729 1368 Bituricou.

210 1403 433 1464 Ecclesiarum
445 1404 582 1465 utilitati
593 1419 632 1464 ac
644 1403 879 1481 tranquillitati
889 1419 965 1464 con·

171 1499 292 1560 sulitur
306 1516 380 1562 cum
396 1515 554 1562 numerus
573 1516 791 1576 personarum
811 1501 964 1562 servien-

170 1597 254 1657 tium
268 1597 303 1657 in
319 1597 442 1658 eisdem
460 1613 574 1658 earum
597 1596 810 1660 facultatibus
827 1598 964 1674 provide

171 1693 355 1769 coaptatur.
377 1697 482 1766 Quum
502 1695 605 1770 igitur
621 1694 660 1756 de
678 1711 842 1756 consensu
861 1711 965 1756 vene-

170 1789 287 1852 rabilis
314 1790 429 1852 fratris
455 1792 562 1852 nostri
590 1793 623 1852 S.
646 1792 827 1855 Bituricen.
851 1792 965 1854 arohi-

170 1888 317 1965 episcopi
342 1889 494 1950 octavum
519 1889 682 1950 decimum
712 1888 963 1966 praebendarum

170 2000 345 2046 numerum
359 1986 397 2046 in
410 1986 551 2048 ecclesia
563 1990 685 2058 restra,
700 1988 847 2063 pensatis
862 1984 964 2048 iacul-

170 2082 293 2145 tatibus
326 2087 415 2160 ejus,
448 2084 612 2146 duxeritis
645 2085 873 2155 statuendum,
902 2099 963 2146 nos

170 2181 323 2259 precibus
339 2181 458 2242 restris
474 2181 653 2257 benignum
665 2181 892 2258 impertientes
908 2197 965 2242 as-

170 2294 314 2350 sensum,
331 2277 489 2340 statutum
503 2278 624 2354 ipsum,
640 2279 727 2341 siout
740 2279 795 2355 pia
815 2279 964 2340 conside·

170 2376 300 2438 ratione
310 2391 349 2436 ac
362 2375 601 2436 deliberatione
614 2376 753 2452 provida
764 2376 887 2437 iactum
899 2375 960 2448 est,

171 2474 203 2535 et
212 2473 247 2533 in
258 2472 364 2549 ipsius
375 2472 619 2548 archiepiscopi
629 2472 750 2534 litteris
761 2473 961 2544 continetur,

169 2569 366 2632 auctoritate
374 2569 565 2645 Apostolica
578 2570 824 2642 confirmamus,
836 2571 870 2632 et
881 2587 963 2646 prae·

169 2666 272 2728 sentis
288 2666 403 2744 scripti
422 2667 608 2742 patrocinio
632 2669 885 2729 communimus.
902 2670 961 2729 ln-

169 2764 320 2826 bibentes
333 2781 375 2826 ne
392 2765 466 2842 quis
482 2763 523 2824 ad
538 2767 699 2841 majorem
713 2781 888 2826 numerum
903 2781 962 2827 ros

172 2861 349 2937 compellat
374 2862 508 2929 invitos,
534 2863 600 2923 nisi
624 2861 964 2924 adeo-excrescerent

172 2958 277 3034 ipsius
292 2957 443 3020 ecclesiae
464 2956 650 3030 facultates,
667 2959 754 3036 quod
771 2960 871 3021 etiam
887 2975 965 3036 per·

170 3069 327 3117 sonarum
357 3071 515 3116 numerus
543 3056 714 3118 videretur
742 3058 859 3119 merito
886 3075 962 3119 am-

170 3151 342 3229 pliandus3
364 3153 457 3216 salvo
479 3153 636 3214 nimirum
652 3154 688 3214 in
708 3154 861 3217 omnibus
874 3158 964 3232 Apo-

171 3249 298 3311 stolicae
324 3250 417 3311 Sedis
446 3251 612 3312 mandato.
643 3251 735 3312 Nulli
764 3267 855 3327 ergo,
885 3251 961 3323 eta,

170 3347 292 3408 nostrae
303 3347 563 3409 confirmationis
579 3348 612 3409 et
624 3348 832 3410 inhibitionis
848 3348 964 3410 inirin-

170 3459 261 3518 gere,
285 3445 347 3506 etc.
366 3445 401 3504 Si
416 3444 489 3521 quis
507 3446 628 3517 autem,
646 3445 708 3506 etc.
731 3447 849 3507 Datum
865 3447 960 3508 Late·

170 3541 256 3612 rani,
273 3542 333 3603 Vll
343 3541 504 3603 kalendas
515 3541 642 3618 aprilio,
659 3543 870 3621 pontificatus
884 3560 964 3605 nos-

170 3637 213 3700 tri
228 3654 315 3700 anno
329 3639 423 3716 quint
446 3685 454 3698 .

492 3779 640 3870 cccvi

288 3917 341 3975 Ad
353 3917 399 3976 H.
414 3915 447 3977 et
463 3917 498 3976 S.
514 3917 656 3976 comites
670 3919 711 3978 de
730 3919 841 3994 Vopto.

452 4027 487 4084 29
500 4033 582 4085 matt.
599 4028 677 4086 litt.

319 4132 409 4196 [Fejen
420 4132 480 4183 Cod.
492 4133 609 4197 diplom..
621 4134 663 4192 111,
675 4147 694 4190 1,
707 4149 733 4198 p.
746 4133 814 4200 aba]

219 4231 275 4287 Eos
290 4229 410 4286 tuendos
422 4230 541 4302 suscipit
555 4237 583 4286 et
596 4231 705 4302 aliquas
720 4231 916 4302 possessiones

488 4319 647 4375 confirmat.

210 4425 376 4487 Honorius
384 4426 568 4503 episcopus
581 4442 696 4488 servus
708 4442 879 4488 servorum
889 4429 960 4502 Dei,

170 4522 299 4584 dilectis
313 4523 390 4583 liliis
409 4522 575 4584 nobilibus
590 4524 672 4584 viris
691 4527 731 4584 H.
748 4527 782 4590 ct
797 4527 843 4597 S„
858 4527 963 4590 comi-

169 4619 257 4680 tibus
273 4620 312 4682 de
327 4622 442 4696 Vegla,
459 4621 611 4694 salutem,
628 4622 690 4683 etc.

210 4719 440 4790 sacrosancta,
458 4721 534 4791 eto,
553 4735 661 4793 uscue
682 4718 871 4782 contovere.
892 4723 960 4782 Ea-

169 4813 314 4889 propter,
332 4815 405 4886 etc,
420 4829 526 4890 usque
541 4831 690 4877 assensu.
705 4820 870 4878 Personas
885 4834 963 4878 ves-

169 4911 239 4970 tras
271 4909 331 4970 sub
363 4909 451 4972 beati
487 4914 690 4988 protectione
723 4915 814 4977 Petri
851 4915 961 4976 susci-

171 5006 299 5082 pientes
328 5007 360 5069 et
388 5009 517 5079 nostra,
548 5011 689 5086 quatuor
719 5012 846 5072 insulas
874 5012 962 5073 inter

171 5103 340 5180 Spalatum
360 5104 393 5165 et
413 5104 523 5164 Ulmes
548 5105 639 5178 sitas,
662 5107 818 5169 videlicet
841 5111 960 5170 Faram

169 5202 201 5262 et
215 5204 384 5272 Braczam,
406 5203 585 5262 Gorzuram
601 5206 633 5263 et
647 5205 867 5279 Langurstam
886 5221 959 5266 cum

170 5297 318 5373 parvulis
344 5297 463 5357 insulis
488 5297 521 5358 et
541 5298 617 5358 aliis
641 5299 851 5375 pertinentiis
877 5304 957 5376 suis,

169 5409 251 5469 quas
279 5393 506 5456 intelleximus
532 5395 742 5458 carissimum
768 5398 802 5457 in
829 5399 959 5462 Christo

169 5490 274 5551 iillum
296 5493 457 5566 nostrum,
474 5508 585 5569 regem
608 5496 841 5570 Hungarorum
863 5497 960 5559 illus-

1752 201 1819 272 754'

928 371 931 378 “
1018 349 1114 435 trem,
1132 363 1166 422 in
1183 364 1523 440 recompensationem
1545 366 1724 429 multorum
1739 385 1812 430 ser-

1018 459 1186 531 vitiorum,
1205 477 1277 538 quae
1296 459 1514 524 exhibueritis
1530 463 1648 536 eidem,
1666 463 1705 525 de
1718 480 1811 527 mera

1019 555 1113 618 vobis
1130 555 1331 619 liberalitate
1353 559 1505 632 donasse,
1522 560 1608 622 sicut
1623 577 1662 621 ea
1673 561 1763 638 juste
1779 561 1812 624 et

1020 653 1157 728 pacifice
1172 655 1361 730 possidetis,
1381 656 1462 718 etin
1481 657 1700 719 instrumento
1720 658 1811 733 regis

1018 750 1123 825 ipsius
1138 751 1287 813 coniecto
1302 754 1422 814 exinde
1440 754 1638 828 continetur,
1660 757 1810 817 auctori-

1018 845 1086 907 tate
1098 847 1191 908 vobis
1204 850 1395 925 Apostolica
1408 851 1652 924 confirmamus,
1671 852 1703 913 et
1717 868 1809 929 prae-

1019 944 1122 1004 sentis
1133 945 1247 1022 scripti
1258 947 1442 1021 patrocinio
1454 949 1704 1010 communimus.
1718 949 1811 1010 Nulli

1019 1055 1098 1116 ergo
1111 1042 1245 1103 omnino
1259 1042 1430 1104 hominum
1443 1044 1541 1106 liceat
1553 1045 1640 1106 hanc
1653 1047 1809 1123 paginam

1018 1139 1140 1200 nostrae
1160 1139 1375 1215 protectionis
1395 1141 1587 1217 intringere,
1605 1143 1657 1203 vel
1679 1143 1810 1204 clausu

1021 1236 1195 1298 temerario
1218 1238 1395 1298 contraire.
1414 1238 1448 1298 Si
1464 1239 1538 1314 quis
1553 1239 1663 1301 autem
1677 1241 1740 1300 boc
1757 1241 1811 1301 at-

1018 1333 1146 1395 tentare
1157 1334 1415 1411 praesumpserit,
1431 1335 1694 1412 indignationem
1707 1337 1812 1397 omni-

1018 1431 1161 1506 potentis
1182 1432 1258 1504 Dei,
1283 1435 1315 1493 et
1339 1431 1512 1493 beatorum
1539 1433 1630 1494 Petri
1659 1433 1691 1494 et
1714 1431 1810 1493 Pauli

1019 1528 1241 1604 apostolorum
1267 1532 1340 1605 ejus
1365 1545 1401 1590 se
1423 1531 1553 1592 noverit
1581 1531 1806 1591 incursurum.

1018 1625 1135 1685 Datum
1147 1627 1313 1697 Laterani,
1328 1628 1372 1688 lV
1384 1626 1544 1688 kalendas
1560 1627 1688 1704 aprilis
1702 1627 1809 1706 ponti-

1018 1720 1135 1783 ficatus
1150 1723 1254 1784 nostri
1268 1738 1356 1784 anno
1372 1724 1496 1800 quinto.

1329 1893 1498 1977 dccvii

1143 2025 1197 2082 Ad
1215 2027 1411 2097 episcopam
1434 2027 1683 2086 Poristeosem.

1296 2136 1329 2192 31
1352 2143 1434 2192 mart.
1453 2137 1531 2194 lati.

1041 2239 1161 2304 [Regest.,
1173 2240 1220 2290 lib.
1233 2241 1264 2299 V,
1278 2242 1351 2305 epist.
1364 2242 1421 2292 506.
1438 2243 1495 2292 blss.
1510 2243 1546 2293 La
1556 2243 1632 2294 Porta
1644 2243 1678 2293 du
1693 2242 1786 2308 111611]

1019 2347 1097 2404 Facit
1110 2347 1137 2403 el
1152 2354 1321 2418 potestatem
1336 2347 1365 2403 in
1380 2347 1513 2405 omnibus
1532 2349 1660 2406 ecclesiis
1674 2349 1727 2406 sibi
1744 2351 1812 2424 lege

1052 2433 1214 2491 dioecesana
1236 2434 1381 2505 subjectis,
1404 2437 1500 2492 omnia
1519 2435 1752 2508 ordinandique
1774 2437 1811 2496 ad

1053 2537 1136 2579 suum
1152 2523 1319 2594 cognoverit
1334 2521 1460 2579 olllcium
1473 2525 1623 2596 pertinere.

1057 2631 1237 2703 Honorius,
1254 2632 1328 2705 etc,
1344 2631 1530 2693 venerabili
1544 2631 1640 2694 tratri
1655 2634 1811 2712 episcopo

1018 2727 1181 2789 Parisien.

1057 2827 1103 2886 Ea
1119 2841 1191 2903 quae
1207 2826 1302 2887 nobis
1320 2843 1379 2904 per
1393 2828 1468 2888 tuas
1487 2827 1615 2889 litteras
1634 2828 1809 2902 intimasti,

1018 2923 1050 2984 et
1065 2939 1138 3000 quae
1158 2923 1298 2985 dilectus
1319 2924 1407 2985 iilius
1427 2927 1460 2985 C.
1478 2925 1650 3002 presbyter
1673 2927 1811 2990 nuntius

1017 3021 1093 3082 tuus
1113 3037 1156 3080 ex
1177 3025 1270 3096 parte
1291 3022 1348 3082 tua
1370 3023 1500 3083 curavit
1523 3039 1709 3099 proponere
1734 3024 1810 3085 viva

1017 3133 1113 3189 voce,
1138 3118 1335 3179 audivimus
1356 3118 1548 3194 diligenter,
1577 3121 1609 3181 et
1631 3120 1667 3180 in
1691 3119 1811 3196 quibus

1017 3215 1183 3292 potuimus
1205 3215 1358 3276 exaudiri
1381 3217 1583 3288 curavimus
1595 3215 1755 3302 babentes
1777 3217 1811 3276 in

1018 3311 1112 3373 tirmo
1125 3313 1293 3389 proposito
1312 3310 1374 3374 tibi
1387 3314 1542 3390 tanquam
1558 3314 1600 3384 ei,
1622 3330 1720 3391 quem
1735 3300 1810 3375 sin·
1850 3379 1868 3398 ⁶

1017 3425 1095 3472 cera
1114 3409 1149 3470 in
1169 3409 1309 3470 Domino
1329 3411 1468 3471 caritate
1483 3400 1671 3486 diligimus,
1686 3411 1811 3472 favoris

1017 3506 1200 3583 Apostolioi
1211 3507 1354 3582 gratiam
1367 3509 1402 3568 in
1417 3507 1677 3586 quibuscumque
1690 3509 1813 3570 decue-

1017 3605 1119 3676 nitet
1137 3604 1273 3680 petieris
1293 3605 1462 3666 exhibere.
1485 3606 1681 3682 Specialiter
1700 3607 1811 3667 autem

1017 3717 1174 3786 supereo
1194 3703 1280 3778 quod
1305 3702 1449 3778 capitula
1464 3703 1629 3764 Parisien.
1656 3702 1811 3764 dioecesis

1017 3799 1147 3876 publice
1170 3799 1335 3870 asserunt,
1359 3799 1444 3859 sicut
1465 3799 1548 3860 dicis
1569 3801 1602 3860 te
1625 3799 1749 3861 nullam
1774 3800 1811 3859 in

1017 3911 1073 3957 eos
1089 3895 1356 3972 jurisdictionem
1372 3895 1505 3967 habere,
1521 3897 1734 3970 praesentium
1750 3896 1811 3956 tibi

1018 3993 1214 4054 auctoritate
1226 3991 1431 4063 mandamus,
1444 3992 1606 4068 quatenus
1615 3993 1649 4052 in
1658 3992 1810 4053 omnibus

1018 4089 1168 4150 ecclesiis
1188 4088 1248 4149 tibi
1272 4089 1345 4164 lege
1369 4089 1557 4149 dioecesana
1580 4089 1748 4166 subjectis
1770 4088 1811 4149 de

1017 4187 1130 4247 nostro
1143 4185 1257 4247 lavore
1272 4201 1421 4254 securus,
1437 4201 1477 4246 66
1490 4186 1593 4246 libere
1606 4186 1721 4257 iacias,
1736 4203 1810 4263 quae

1017 4285 1058 4344 ad
1073 4286 1165 4345 tuum
1187 4283 1359 4358 cognoscis
1380 4283 1526 4346 osticium
1541 4284 1719 4361 pertinere.
1739 4286 1808 4344 Da-

1015 4381 1085 4442 tum
1105 4381 1271 4453 Laterani,
1291 4383 1320 4442 11
1339 4380 1498 4444 kalendas
1522 4381 1650 4458 aprilis,
1673 4381 1810 4458 pontill-

1017 4481 1109 4542 catus
1125 4478 1231 4540 nostri
1246 4493 1334 4540 anno
1350 4478 1476 4556 quinto.

1318 4657 1506 4744 cccviii

1014 4789 1067 4846 Ad
1082 4789 1288 4848 Geraestum
1306 4789 1515 4860 episcopam,
1528 4789 1744 4848 (initiatarum
1757 4791 1813 4849 ob·

1037 4885 1159 4956 batem,
1172 4885 1206 4944 et
1213 4887 1371 4958 priorem
1383 4885 1418 4943 S.
1433 4885 1583 4944 Martini
1595 4887 1788 4961 Sopieoscs.

1308 4999 1321 5053 l
1339 4997 1420 5068 april.
1434 4998 1512 5054 litt.

1047 5103 1170 5168 [Brasseb
1178 5104 1291 5153 Examen
1305 5101 1349 5151 des
1360 5103 1415 5152 tieis
1424 5115 1456 5151 an
1468 5105 1569 5161 Franco,
1581 5109 1603 5154 t.
1617 5103 1648 5162 ll,
1659 5117 1685 5167 p.
1698 5103 1780 5168 loti]

1015 5209 1064 5268 Eis
1082 5209 1235 5266 committit
1249 5209 1447 5281 inquirendam
1464 5217 1492 5267 et
1509 5210 1719 5266 terminandam
1741 5224 1808 5267 cau·

1050 5313 1123 5366 sam,
1139 5304 1298 5355 vertentem
1322 5298 1396 5355 inter
1417 5300 1530 5356 Petrum
1561 5298 1811 5370 archiepiscopum

1051 5388 1246 5444 senonensem
1255 5386 1809 5458 etblanebamcomitissemcanpantae.

1054 5495 1220 5558 Honorius
1233 5495 1418 5573 episcopus,
1428 5511 1544 5558 servus
1553 5511 1725 5558 servorum
1737 5498 1808 5570 Dei,
