<?xml version="1.0" encoding="UTF-8"?>
<!DOCTYPE html PUBLIC "-//W3C//DTD XHTML 1.0 Transitional//EN"
    "http://www.w3.org/TR/xhtml1/DTD/xhtml1-transitional.dtd">
<html xmlns="http://www.w3.org/1999/xhtml" xml:lang="en" lang="en">
 <head>
  <title>
</title>
<meta http-equiv="Content-Type" content="text/html;charset=utf-8" />
  <meta name='ocr-system' content='tesseract 3.04.00' />
  <meta name='ocr-capabilities' content='ocr_page ocr_carea ocr_par ocr_line ocrx_word'/>
</head>
<body>
  <div class='ocr_page' id='page_1' title='image "./mediiaevibiblio03bottgoog_0025.png"; bbox 0 0 4250 6404; ppageno 0'>
   <div class='ocr_carea' id='block_1_1' title="bbox 324 345 1974 410">
    <p class='ocr_par' dir='ltr' id='par_1_1' title="bbox 324 345 1974 410">
     <span class='ocr_line' id='line_1_1' title="bbox 324 345 1974 410; baseline 0.001 -4"><span class='ocrx_word' id='word_1_1' title='bbox 324 349 363 406; x_wconf 75' lang='lat'><strong>23</strong></span> <span class='ocrx_word' id='word_1_2' title='bbox 939 347 1115 407; x_wconf 82' lang='lat' dir='ltr'><strong>HONORll</strong></span> <span class='ocrx_word' id='word_1_3' title='bbox 1138 345 1182 404; x_wconf 87' lang='lat'><strong>111</strong></span> <span class='ocrx_word' id='word_1_4' title='bbox 1205 345 1354 406; x_wconf 82' lang='lat' dir='ltr'><strong>OPERA.</strong></span> <span class='ocrx_word' id='word_1_5' title='bbox 1936 351 1974 410; x_wconf 80' lang='grc'><strong>21</strong></span> 
     </span>
    </p>
   </div>
   <div class='ocr_carea' id='block_1_2' title="bbox 324 502 1977 973">
    <p class='ocr_par' dir='ltr' id='par_1_2' title="bbox 324 502 1977 973">
     <span class='ocr_line' id='line_1_2' title="bbox 326 502 1973 586; baseline 0.001 -18"><span class='ocrx_word' id='word_1_6' title='bbox 326 506 401 568; x_wconf 87' lang='lat' dir='ltr'><strong>talis</strong></span> <span class='ocrx_word' id='word_1_7' title='bbox 422 503 470 585; x_wconf 88' lang='grc'><strong>(0)</strong></span> <span class='ocrx_word' id='word_1_8' title='bbox 494 522 534 568; x_wconf 86' lang='grc'><strong>00</strong></span> <span class='ocrx_word' id='word_1_9' title='bbox 563 506 690 568; x_wconf 85' lang='lat' dir='ltr'><strong>militiae</strong></span> <span class='ocrx_word' id='word_1_10' title='bbox 713 504 841 583; x_wconf 82' lang='lat' dir='ltr'>Templi</span> <span class='ocrx_word' id='word_1_11' title='bbox 867 504 913 586; x_wconf 85' lang='lat' dir='ltr'><strong>(h)</strong></span> <span class='ocrx_word' id='word_1_12' title='bbox 938 505 971 568; x_wconf 91' lang='lat' dir='ltr'><strong>et</strong></span> <span class='ocrx_word' id='word_1_13' title='bbox 992 505 1121 568; x_wconf 85' lang='lat' dir='ltr'><strong>Sanctae</strong></span> <span class='ocrx_word' id='word_1_14' title='bbox 1176 517 1353 580; x_wconf 82' lang='lat' dir='ltr'><strong>expensas,</strong></span> <span class='ocrx_word' id='word_1_15' title='bbox 1390 502 1647 580; x_wconf 84' lang='lat' dir='ltr'><strong>praesentialiter</strong></span> <span class='ocrx_word' id='word_1_16' title='bbox 1677 506 1789 570; x_wconf 91' lang='lat' dir='ltr'><strong>tamen</strong></span> <span class='ocrx_word' id='word_1_17' title='bbox 1826 507 1973 586; x_wconf 84' lang='lat' dir='ltr'><strong>quinque</strong></span> 
     </span>
     <span class='ocr_line' id='line_1_3' title="bbox 324 601 1977 684; baseline 0 -20"><span class='ocrx_word' id='word_1_18' title='bbox 324 605 439 665; x_wconf 88' lang='lat' dir='ltr'><strong>Mariae</strong></span> <span class='ocrx_word' id='word_1_19' title='bbox 467 605 722 670; x_wconf 88' lang='lat' dir='ltr'><strong>Teutonioorum</strong></span> <span class='ocrx_word' id='word_1_20' title='bbox 753 603 798 684; x_wconf 90' lang='grc'><strong>(0)</strong></span> <span class='ocrx_word' id='word_1_21' title='bbox 831 604 1119 681; x_wconf 79' lang='lat' dir='ltr'><strong>ierosolymitanr,</strong></span> <span class='ocrx_word' id='word_1_22' title='bbox 1176 601 1281 661; x_wconf 92' lang='lat' dir='ltr'><strong>millia</strong></span> <span class='ocrx_word' id='word_1_23' title='bbox 1300 616 1488 662; x_wconf 89' lang='lat' dir='ltr'><strong>marcarum</strong></span> <span class='ocrx_word' id='word_1_24' title='bbox 1509 603 1722 676; x_wconf 87' lang='lat' dir='ltr'><strong>contulimus,</strong></span> <span class='ocrx_word' id='word_1_25' title='bbox 1744 605 1887 682; x_wconf 85' lang='lat' dir='ltr'><strong>amplius</strong></span> <span class='ocrx_word' id='word_1_26' title='bbox 1910 604 1977 666; x_wconf 93' lang='lat' dir='ltr'><strong>col·</strong></span> 
     </span>
     <span class='ocr_line' id='line_1_4' title="bbox 324 697 1975 780; baseline 0.002 -20"><span class='ocrx_word' id='word_1_27' title='bbox 324 701 391 760; x_wconf 80' lang='lat' dir='ltr'><strong>dux</strong></span> <span class='ocrx_word' id='word_1_28' title='bbox 406 700 548 762; x_wconf 79' lang='lat' dir='ltr'><strong>nustriae</strong></span> <span class='ocrx_word' id='word_1_29' title='bbox 564 700 614 780; x_wconf 87' lang='lat' dir='ltr'><strong>(d)</strong></span> <span class='ocrx_word' id='word_1_30' title='bbox 630 702 664 764; x_wconf 89' lang='lat' dir='ltr'><strong>et</strong></span> <span class='ocrx_word' id='word_1_31' title='bbox 686 702 840 779; x_wconf 88' lang='lat' dir='ltr'><strong>princeps</strong></span> <span class='ocrx_word' id='word_1_32' title='bbox 863 701 1030 763; x_wconf 85' lang='lat' dir='ltr'><strong>exercitus</strong></span> <span class='ocrx_word' id='word_1_33' title='bbox 1055 704 1122 762; x_wconf 77' lang='lat' dir='ltr'><strong>Ro-</strong></span> <span class='ocrx_word' id='word_1_34' title='bbox 1176 697 1289 769; x_wconf 87' lang='lat' dir='ltr'><strong>laturi,</strong></span> <span class='ocrx_word' id='word_1_35' title='bbox 1321 697 1350 758; x_wconf 88' lang='lat' dir='ltr'><strong>si</strong></span> <span class='ocrx_word' id='word_1_36' title='bbox 1372 698 1446 774; x_wconf 92' lang='lat' dir='ltr'><strong>plus</strong></span> <span class='ocrx_word' id='word_1_37' title='bbox 1469 697 1665 761; x_wconf 89' lang='lat' dir='ltr'><strong>subtrahere</strong></span> <span class='ocrx_word' id='word_1_38' title='bbox 1685 701 1769 763; x_wconf 92' lang='lat' dir='ltr'><strong>forte</strong></span> <span class='ocrx_word' id='word_1_39' title='bbox 1795 701 1975 779; x_wconf 82' lang='lat' dir='ltr'><strong>poterimus</strong></span> 
     </span>
     <span class='ocr_line' id='line_1_5' title="bbox 325 795 1977 877; baseline 0.001 -19"><span class='ocrx_word' id='word_1_40' title='bbox 325 814 508 870; x_wconf 87' lang='lat' dir='ltr'><strong>manorum,</strong></span> <span class='ocrx_word' id='word_1_41' title='bbox 538 798 663 876; x_wconf 86' lang='lat' dir='ltr'><strong>aliique</strong></span> <span class='ocrx_word' id='word_1_42' title='bbox 684 799 815 875; x_wconf 86' lang='lat' dir='ltr'><strong>praelati</strong></span> <span class='ocrx_word' id='word_1_43' title='bbox 838 800 871 861; x_wconf 92' lang='lat' dir='ltr'><strong>et</strong></span> <span class='ocrx_word' id='word_1_44' title='bbox 892 799 1064 875; x_wconf 89' lang='lat' dir='ltr'><strong>magnates</strong></span> <span class='ocrx_word' id='word_1_45' title='bbox 1087 798 1121 858; x_wconf 89' lang='grc'><strong>10</strong></span> <span class='ocrx_word' id='word_1_46' title='bbox 1176 795 1333 870; x_wconf 81' lang='lat' dir='ltr'><strong>expensis</strong></span> <span class='ocrx_word' id='word_1_47' title='bbox 1353 795 1575 856; x_wconf 80' lang='lat' dir='ltr'><strong>familiaribus</strong></span> <span class='ocrx_word' id='word_1_48' title='bbox 1600 797 1632 857; x_wconf 91' lang='lat' dir='ltr'><strong>et</strong></span> <span class='ocrx_word' id='word_1_49' title='bbox 1654 797 1730 858; x_wconf 90' lang='lat' dir='ltr'><strong>aliis</strong></span> <span class='ocrx_word' id='word_1_50' title='bbox 1754 815 1838 877; x_wconf 89' lang='lat' dir='ltr'><strong>quas</strong></span> <span class='ocrx_word' id='word_1_51' title='bbox 1858 815 1977 860; x_wconf 88' lang='lat' dir='ltr'><strong>neces-</strong></span> 
     </span>
     <span class='ocr_line' id='line_1_6' title="bbox 325 891 1975 973; baseline 0 -18"><span class='ocrx_word' id='word_1_52' title='bbox 325 894 496 956; x_wconf 89' lang='lat' dir='ltr'><strong>obsidione</strong></span> <span class='ocrx_word' id='word_1_53' title='bbox 511 895 669 971; x_wconf 87' lang='lat' dir='ltr'><strong>praedicta</strong></span> <span class='ocrx_word' id='word_1_54' title='bbox 685 896 804 958; x_wconf 89' lang='lat' dir='ltr'><strong>litteris</strong></span> <span class='ocrx_word' id='word_1_55' title='bbox 818 897 888 958; x_wconf 87' lang='lat' dir='ltr'><strong>suis</strong></span> <span class='ocrx_word' id='word_1_56' title='bbox 905 897 937 958; x_wconf 90' lang='lat' dir='ltr'><strong>et</strong></span> <span class='ocrx_word' id='word_1_57' title='bbox 956 895 1119 973; x_wconf 88' lang='lat' dir='ltr'><strong>precibus,</strong></span> <span class='ocrx_word' id='word_1_58' title='bbox 1177 892 1266 952; x_wconf 90' lang='lat' dir='ltr'><strong>sario</strong></span> <span class='ocrx_word' id='word_1_59' title='bbox 1281 891 1394 952; x_wconf 88' lang='lat' dir='ltr'><strong>facere</strong></span> <span class='ocrx_word' id='word_1_60' title='bbox 1410 907 1471 953; x_wconf 89' lang='lat' dir='ltr'><strong>uos</strong></span> <span class='ocrx_word' id='word_1_61' title='bbox 1484 893 1625 968; x_wconf 88' lang='lat' dir='ltr'><strong>oportet.</strong></span> <span class='ocrx_word' id='word_1_62' title='bbox 1648 894 1696 955; x_wconf 81' lang='lat' dir='ltr'><strong>Ad</strong></span> <span class='ocrx_word' id='word_1_63' title='bbox 1713 895 1786 956; x_wconf 79' lang='lat' dir='ltr'><strong>boec</strong></span> <span class='ocrx_word' id='word_1_64' title='bbox 1802 894 1975 972; x_wconf 78' lang='lat' dir='ltr'><strong>diligentia</strong></span> 
     </span>
    </p>
   </div>
   <div class='ocr_carea' id='block_1_3' title="bbox 324 991 2103 1070">
    <p class='ocr_par' dir='ltr' id='par_1_3' title="bbox 324 991 2103 1070">
     <span class='ocr_line' id='line_1_7' title="bbox 324 991 2103 1070; baseline 0.004 -20"><span class='ocrx_word' id='word_1_65' title='bbox 324 1007 397 1067; x_wconf 86' lang='lat' dir='ltr'><strong>quae</strong></span> <span class='ocrx_word' id='word_1_66' title='bbox 412 991 543 1067; x_wconf 88' lang='lat' dir='ltr'><strong>lapidea</strong></span> <span class='ocrx_word' id='word_1_67' title='bbox 558 993 657 1054; x_wconf 91' lang='lat' dir='ltr'><strong>etiam</strong></span> <span class='ocrx_word' id='word_1_68' title='bbox 668 993 768 1054; x_wconf 87' lang='lat' dir='ltr'><strong>corda</strong></span> <span class='ocrx_word' id='word_1_69' title='bbox 777 993 926 1055; x_wconf 89' lang='lat' dir='ltr'><strong>emollire</strong></span> <span class='ocrx_word' id='word_1_70' title='bbox 937 991 1121 1070; x_wconf 89' lang='lat' dir='ltr'><strong>possentad</strong></span> <span class='ocrx_word' id='word_1_71' title='bbox 1176 991 1287 1050; x_wconf 83' lang='lat' dir='ltr'><strong>vestra</strong></span> <span class='ocrx_word' id='word_1_72' title='bbox 1302 1004 1417 1050; x_wconf 90' lang='lat' dir='ltr'><strong>eorum</strong></span> <span class='ocrx_word' id='word_1_73' title='bbox 1432 992 1590 1066; x_wconf 85' lang='lat' dir='ltr'><strong>quaejam</strong></span> <span class='ocrx_word' id='word_1_74' title='bbox 1610 991 1749 1054; x_wconf 87' lang='lat' dir='ltr'><strong>collecta</strong></span> <span class='ocrx_word' id='word_1_75' title='bbox 1765 993 1977 1069; x_wconf 85' lang='lat' dir='ltr'><strong>suntetquae</strong></span> <span class='ocrx_word' id='word_1_76' title='bbox 2102 1050 2103 1058; x_wconf 72' lang='grc'>,</span> 
     </span>
    </p>
   </div>
   <div class='ocr_carea' id='block_1_4' title="bbox 291 1086 2048 2042">
    <p class='ocr_par' dir='ltr' id='par_1_4' title="bbox 322 1086 1978 1456">
     <span class='ocr_line' id='line_1_8' title="bbox 324 1086 1974 1166; baseline 0.002 -19"><span class='ocrx_word' id='word_1_77' title='bbox 324 1089 499 1166; x_wconf 79' lang='lat' dir='ltr'><strong>lacrymas,</strong></span> <span class='ocrx_word' id='word_1_78' title='bbox 517 1089 611 1151; x_wconf 91' lang='lat' dir='ltr'><strong>nobis</strong></span> <span class='ocrx_word' id='word_1_79' title='bbox 623 1090 865 1154; x_wconf 87' lang='lat' dir='ltr'><strong>instantissime</strong></span> <span class='ocrx_word' id='word_1_80' title='bbox 880 1091 1120 1166; x_wconf 84' lang='lat' dir='ltr'><strong>supplicarunt,</strong></span> <span class='ocrx_word' id='word_1_81' title='bbox 1177 1086 1376 1161; x_wconf 87' lang='lat' dir='ltr'><strong>colligentur</strong></span> <span class='ocrx_word' id='word_1_82' title='bbox 1389 1088 1425 1148; x_wconf 91' lang='lat' dir='ltr'><strong>in</strong></span> <span class='ocrx_word' id='word_1_83' title='bbox 1440 1087 1619 1162; x_wconf 87' lang='lat' dir='ltr'><strong>posterum,</strong></span> <span class='ocrx_word' id='word_1_84' title='bbox 1635 1088 1669 1150; x_wconf 90' lang='lat' dir='ltr'><strong>et</strong></span> <span class='ocrx_word' id='word_1_85' title='bbox 1681 1091 1873 1165; x_wconf 87' lang='lat' dir='ltr'><strong>quaemissa</strong></span> <span class='ocrx_word' id='word_1_86' title='bbox 1885 1091 1974 1161; x_wconf 87' lang='lat' dir='ltr'><strong>sunt,</strong></span> 
     </span>
     <span class='ocr_line' id='line_1_9' title="bbox 325 1184 1978 1264; baseline 0.002 -20"><span class='ocrx_word' id='word_1_87' title='bbox 325 1187 372 1257; x_wconf 92' lang='lat' dir='ltr'><strong>ut,</strong></span> <span class='ocrx_word' id='word_1_88' title='bbox 390 1201 465 1246; x_wconf 92' lang='lat' dir='ltr'><strong>cum</strong></span> <span class='ocrx_word' id='word_1_89' title='bbox 476 1200 631 1264; x_wconf 85' lang='lat' dir='ltr'><strong>expensae</strong></span> <span class='ocrx_word' id='word_1_90' title='bbox 642 1203 725 1264; x_wconf 89' lang='lat' dir='ltr'><strong>quas</strong></span> <span class='ocrx_word' id='word_1_91' title='bbox 740 1187 890 1248; x_wconf 88' lang='lat' dir='ltr'><strong>fecerunt</strong></span> <span class='ocrx_word' id='word_1_92' title='bbox 905 1187 1074 1250; x_wconf 89' lang='lat' dir='ltr'><strong>etfaciunt</strong></span> <span class='ocrx_word' id='word_1_93' title='bbox 1087 1188 1122 1249; x_wconf 93' lang='grc'><strong>10</strong></span> <span class='ocrx_word' id='word_1_94' title='bbox 1177 1184 1210 1246; x_wconf 87' lang='grc'><strong>01</strong></span> <span class='ocrx_word' id='word_1_95' title='bbox 1223 1199 1297 1260; x_wconf 84' lang='lat' dir='ltr'><strong>quae</strong></span> <span class='ocrx_word' id='word_1_96' title='bbox 1316 1184 1532 1260; x_wconf 89' lang='lat' dir='ltr'><strong>praesentium</strong></span> <span class='ocrx_word' id='word_1_97' title='bbox 1552 1184 1714 1248; x_wconf 91' lang='lat' dir='ltr'><strong>latoribus</strong></span> <span class='ocrx_word' id='word_1_98' title='bbox 1729 1187 1907 1263; x_wconf 90' lang='lat' dir='ltr'><strong>contigerit</strong></span> <span class='ocrx_word' id='word_1_99' title='bbox 1921 1203 1978 1248; x_wconf 87' lang='lat' dir='ltr'><strong>as-</strong></span> 
     </span>
     <span class='ocr_line' id='line_1_10' title="bbox 322 1282 1976 1361; baseline 0.002 -19"><span class='ocrx_word' id='word_1_100' title='bbox 322 1282 527 1344; x_wconf 88' lang='lat' dir='ltr'><strong>machiniset</strong></span> <span class='ocrx_word' id='word_1_101' title='bbox 541 1284 657 1358; x_wconf 72' lang='lat' dir='ltr'><strong>galeis</strong></span> <span class='ocrx_word' id='word_1_102' title='bbox 675 1300 714 1346; x_wconf 91' lang='lat' dir='ltr'><strong>ac</strong></span> <span class='ocrx_word' id='word_1_103' title='bbox 736 1285 796 1346; x_wconf 92' lang='lat' dir='ltr'><strong>alii</strong></span> <span class='ocrx_word' id='word_1_104' title='bbox 817 1285 930 1346; x_wconf 88' lang='lat' dir='ltr'><strong>bellici</strong></span> <span class='ocrx_word' id='word_1_105' title='bbox 959 1285 1120 1361; x_wconf 88' lang='lat' dir='ltr'><strong>sumptus,</strong></span> <span class='ocrx_word' id='word_1_106' title='bbox 1177 1282 1316 1357; x_wconf 88' lang='lat' dir='ltr'><strong>signari,</strong></span> <span class='ocrx_word' id='word_1_107' title='bbox 1334 1282 1551 1358; x_wconf 85' lang='lat' dir='ltr'><strong>quantitatem</strong></span> <span class='ocrx_word' id='word_1_108' title='bbox 1566 1284 1726 1356; x_wconf 92' lang='lat' dir='ltr'><strong>attendat,</strong></span> <span class='ocrx_word' id='word_1_109' title='bbox 1746 1285 1780 1346; x_wconf 92' lang='lat' dir='ltr'><strong>et</strong></span> <span class='ocrx_word' id='word_1_110' title='bbox 1791 1300 1866 1346; x_wconf 88' lang='lat' dir='ltr'><strong>earn</strong></span> <span class='ocrx_word' id='word_1_111' title='bbox 1880 1285 1976 1346; x_wconf 89' lang='lat' dir='ltr'><strong>nobis</strong></span> 
     </span>
     <span class='ocr_line' id='line_1_11' title="bbox 324 1378 1608 1456; baseline 0.002 -16"><span class='ocrx_word' id='word_1_112' title='bbox 324 1395 381 1441; x_wconf 90' lang='lat' dir='ltr'><strong>eos</strong></span> <span class='ocrx_word' id='word_1_113' title='bbox 396 1380 536 1456; x_wconf 89' lang='lat' dir='ltr'><strong>pecunia</strong></span> <span class='ocrx_word' id='word_1_114' title='bbox 552 1381 600 1443; x_wconf 85' lang='lat' dir='ltr'><strong>sic</strong></span> <span class='ocrx_word' id='word_1_115' title='bbox 615 1381 842 1455; x_wconf 79' lang='lat' dir='ltr'><strong>exhauserim,</strong></span> <span class='ocrx_word' id='word_1_116' title='bbox 872 1384 907 1444; x_wconf 92' lang='lat' dir='ltr'><strong>ut</strong></span> <span class='ocrx_word' id='word_1_117' title='bbox 927 1382 1009 1444; x_wconf 88' lang='lat' dir='ltr'><strong>viris</strong></span> <span class='ocrx_word' id='word_1_118' title='bbox 1035 1382 1122 1444; x_wconf 89' lang='lat' dir='ltr'><strong>bello</strong></span> <span class='ocrx_word' id='word_1_119' title='bbox 1177 1381 1272 1440; x_wconf 91' lang='lat' dir='ltr'><strong>curet</strong></span> <span class='ocrx_word' id='word_1_120' title='bbox 1286 1378 1429 1440; x_wconf 85' lang='lat' dir='ltr'><strong>fideliter</strong></span> <span class='ocrx_word' id='word_1_121' title='bbox 1440 1380 1608 1443; x_wconf 90' lang='lat' dir='ltr'><strong>intimare.</strong></span> 
     </span>
    </p>

    <p class='ocr_par' dir='ltr' id='par_1_5' title="bbox 291 1475 2048 2042">
     <span class='ocr_line' id='line_1_12' title="bbox 324 1475 1978 1556; baseline 0.002 -20"><span class='ocrx_word' id='word_1_122' title='bbox 324 1475 480 1549; x_wconf 88' lang='lat' dir='ltr'><strong>strenuis,</strong></span> <span class='ocrx_word' id='word_1_123' title='bbox 506 1478 569 1554; x_wconf 66' lang='lat' dir='ltr'><strong>&#39;qui</strong></span> <span class='ocrx_word' id='word_1_124' title='bbox 594 1495 653 1556; x_wconf 92' lang='lat' dir='ltr'><strong>pro</strong></span> <span class='ocrx_word' id='word_1_125' title='bbox 682 1479 811 1542; x_wconf 90' lang='lat' dir='ltr'><strong>delectu</strong></span> <span class='ocrx_word' id='word_1_126' title='bbox 836 1495 948 1544; x_wconf 89' lang='lat' dir='ltr'><strong>rerum</strong></span> <span class='ocrx_word' id='word_1_127' title='bbox 973 1495 1122 1540; x_wconf 88' lang='lat' dir='ltr'><strong>remeare</strong></span> <span class='ocrx_word' id='word_1_128' title='bbox 1217 1478 1304 1537; x_wconf 85' lang='lat' dir='ltr'><strong>Sane</strong></span> <span class='ocrx_word' id='word_1_129' title='bbox 1316 1477 1396 1536; x_wconf 92' lang='lat' dir='ltr'><strong>illud</strong></span> <span class='ocrx_word' id='word_1_130' title='bbox 1410 1476 1470 1538; x_wconf 89' lang='lat' dir='ltr'><strong>suh</strong></span> <span class='ocrx_word' id='word_1_131' title='bbox 1481 1477 1614 1540; x_wconf 88' lang='lat' dir='ltr'><strong>silentio</strong></span> <span class='ocrx_word' id='word_1_132' title='bbox 1628 1479 1893 1554; x_wconf 81' lang='lat' dir='ltr'><strong>praetereundum</strong></span> <span class='ocrx_word' id='word_1_133' title='bbox 1909 1495 1978 1541; x_wconf 92' lang='lat' dir='ltr'><strong>non</strong></span> 
     </span>
     <span class='ocr_line' id='line_1_13' title="bbox 324 1571 2048 1663; baseline 0.002 -29"><span class='ocrx_word' id='word_1_134' title='bbox 324 1575 894 1648; x_wconf 87' lang='lat' dir='ltr'><strong>coguntur,necessariaministrare</strong></span> <span class='ocrx_word' id='word_1_135' title='bbox 905 1592 971 1638; x_wconf 95' lang='lat' dir='ltr'><strong>non</strong></span> <span class='ocrx_word' id='word_1_136' title='bbox 982 1578 1119 1654; x_wconf 86' lang='lat' dir='ltr'><strong>possint,</strong></span> <span class='ocrx_word' id='word_1_137' title='bbox 1177 1571 1344 1646; x_wconf 82' lang='lat' dir='ltr'><strong>duximus,</strong></span> <span class='ocrx_word' id='word_1_138' title='bbox 1368 1573 1455 1648; x_wconf 76' lang='lat' dir='ltr'><strong>quod</strong></span> <span class='ocrx_word' id='word_1_139' title='bbox 1476 1574 1679 1650; x_wconf 82' lang='lat' dir='ltr'><strong>patriarcha,</strong></span> <span class='ocrx_word' id='word_1_140' title='bbox 1702 1575 1843 1652; x_wconf 88' lang='lat' dir='ltr'><strong>legatus,</strong></span> <span class='ocrx_word' id='word_1_141' title='bbox 1859 1576 1929 1663; x_wconf 72' lang='lat' dir='ltr'><strong>dun</strong></span> <span class='ocrx_word' id='word_1_142' title='bbox 1944 1576 1978 1637; x_wconf 90' lang='lat' dir='ltr'><strong>et</strong></span> <span class='ocrx_word' id='word_1_143' title='bbox 2045 1578 2048 1582; x_wconf 86' lang='grc'><strong>’</strong></span> 
     </span>
     <span class='ocr_line' id='line_1_14' title="bbox 323 1668 1977 1751; baseline 0.002 -21"><span class='ocrx_word' id='word_1_144' title='bbox 323 1671 356 1731; x_wconf 86' lang='grc'><strong>01</strong></span> <span class='ocrx_word' id='word_1_145' title='bbox 369 1670 418 1731; x_wconf 91' lang='lat' dir='ltr'><strong>sic</strong></span> <span class='ocrx_word' id='word_1_146' title='bbox 433 1672 772 1750; x_wconf 84' lang='lat' dir='ltr'><strong>exercituspaulatim</strong></span> <span class='ocrx_word' id='word_1_147' title='bbox 784 1674 931 1751; x_wconf 84' lang='lat' dir='ltr'><strong>quotidie</strong></span> <span class='ocrx_word' id='word_1_148' title='bbox 943 1672 1120 1744; x_wconf 90' lang='lat' dir='ltr'><strong>dilabatur,</strong></span> <span class='ocrx_word' id='word_1_149' title='bbox 1178 1669 1342 1745; x_wconf 90' lang='lat' dir='ltr'><strong>princeps,</strong></span> <span class='ocrx_word' id='word_1_150' title='bbox 1360 1668 1484 1747; x_wconf 84' lang='lat' dir='ltr'><strong>aliique</strong></span> <span class='ocrx_word' id='word_1_151' title='bbox 1500 1670 1629 1748; x_wconf 90' lang='lat' dir='ltr'><strong>praelati</strong></span> <span class='ocrx_word' id='word_1_152' title='bbox 1644 1672 1677 1733; x_wconf 90' lang='lat' dir='ltr'><strong>et</strong></span> <span class='ocrx_word' id='word_1_153' title='bbox 1689 1673 1861 1748; x_wconf 83' lang='lat' dir='ltr'><strong>magnates</strong></span> <span class='ocrx_word' id='word_1_154' title='bbox 1876 1687 1977 1734; x_wconf 86' lang='lat' dir='ltr'><strong>exer-</strong></span> 
     </span>
     <span class='ocr_line' id='line_1_15' title="bbox 291 1762 1977 1850; baseline 0.006 -23"><span class='ocrx_word' id='word_1_155' title='bbox 291 1762 292 1765; x_wconf 71' lang='grc'>’</span> <span class='ocrx_word' id='word_1_156' title='bbox 324 1767 372 1827; x_wconf 91' lang='lat' dir='ltr'><strong>eis</strong></span> <span class='ocrx_word' id='word_1_157' title='bbox 383 1770 457 1844; x_wconf 89' lang='lat' dir='ltr'><strong>post</strong></span> <span class='ocrx_word' id='word_1_158' title='bbox 467 1771 569 1830; x_wconf 89' lang='lat' dir='ltr'><strong>Deum</strong></span> <span class='ocrx_word' id='word_1_159' title='bbox 581 1771 1121 1834; x_wconf 81' lang='lat' dir='ltr'><strong>incismarinorumauxiliototam</strong></span> <span class='ocrx_word' id='word_1_160' title='bbox 1177 1765 1272 1839; x_wconf 81' lang='lat' dir='ltr'><strong>citus,</strong></span> <span class='ocrx_word' id='word_1_161' title='bbox 1286 1766 1357 1827; x_wconf 76' lang='lat' dir='ltr'><strong>suis</strong></span> <span class='ocrx_word' id='word_1_162' title='bbox 1370 1766 1465 1829; x_wconf 75' lang='lat' dir='ltr'><strong>nohis</strong></span> <span class='ocrx_word' id='word_1_163' title='bbox 1480 1767 1600 1850; x_wconf 72' lang='lat' dir='ltr'><strong>litteris</strong></span> <span class='ocrx_word' id='word_1_164' title='bbox 1613 1769 1811 1832; x_wconf 77' lang='lat' dir='ltr'><strong>intimarunt</strong></span> <span class='ocrx_word' id='word_1_165' title='bbox 1823 1785 1862 1830; x_wconf 78' lang='lat' dir='ltr'><strong>eil</strong></span> <span class='ocrx_word' id='word_1_166' title='bbox 1878 1785 1977 1846; x_wconf 76' lang='lat' dir='ltr'><strong>super</strong></span> 
     </span>
     <span class='ocr_line' id='line_1_16' title="bbox 322 1863 1978 1944; baseline 0.003 -21"><span class='ocrx_word' id='word_1_167' title='bbox 322 1879 414 1940; x_wconf 90' lang='lat' dir='ltr'><strong>spem</strong></span> <span class='ocrx_word' id='word_1_168' title='bbox 427 1865 727 1928; x_wconf 89' lang='lat' dir='ltr'><strong>suamhabentibus</strong></span> <span class='ocrx_word' id='word_1_169' title='bbox 739 1868 805 1929; x_wconf 89' lang='lat' dir='ltr'><strong>tam</strong></span> <span class='ocrx_word' id='word_1_170' title='bbox 814 1867 1012 1930; x_wconf 89' lang='lat' dir='ltr'><strong>bellatorum</strong></span> <span class='ocrx_word' id='word_1_171' title='bbox 1023 1881 1122 1944; x_wconf 84' lang='lat' dir='ltr'><strong>quam</strong></span> <span class='ocrx_word' id='word_1_172' title='bbox 1177 1863 1296 1940; x_wconf 89' lang='lat' dir='ltr'><strong>quibus</strong></span> <span class='ocrx_word' id='word_1_173' title='bbox 1312 1863 1514 1924; x_wconf 84' lang='lat' dir='ltr'><strong>detractores</strong></span> <span class='ocrx_word' id='word_1_174' title='bbox 1530 1867 1597 1926; x_wconf 88' lang='lat' dir='ltr'><strong>Deo</strong></span> <span class='ocrx_word' id='word_1_175' title='bbox 1617 1865 1756 1926; x_wconf 85' lang='lat' dir='ltr'><strong>odibiles</strong></span> <span class='ocrx_word' id='word_1_176' title='bbox 1774 1867 1883 1928; x_wconf 90' lang='lat' dir='ltr'><strong>conati</strong></span> <span class='ocrx_word' id='word_1_177' title='bbox 1899 1868 1978 1928; x_wconf 88' lang='lat' dir='ltr'><strong>sunt</strong></span> 
     </span>
     <span class='ocr_line' id='line_1_17' title="bbox 322 1959 1976 2042; baseline 0.002 -21"><span class='ocrx_word' id='word_1_178' title='bbox 322 1961 472 2038; x_wconf 82' lang='lat' dir='ltr'><strong>pecunlae</strong></span> <span class='ocrx_word' id='word_1_179' title='bbox 513 1979 706 2024; x_wconf 86' lang='lat' dir='ltr'><strong>succursum</strong></span> <span class='ocrx_word' id='word_1_180' title='bbox 745 1965 876 2027; x_wconf 89' lang='lat' dir='ltr'><strong>mittere</strong></span> <span class='ocrx_word' id='word_1_181' title='bbox 913 1965 1120 2026; x_wconf 88' lang='lat' dir='ltr'><strong>festinemus.</strong></span> <span class='ocrx_word' id='word_1_182' title='bbox 1177 1959 1386 2020; x_wconf 90' lang='lat' dir='ltr'><strong>carissimum</strong></span> <span class='ocrx_word' id='word_1_183' title='bbox 1400 1959 1435 2020; x_wconf 93' lang='lat' dir='ltr'><strong>in</strong></span> <span class='ocrx_word' id='word_1_184' title='bbox 1454 1959 1585 2022; x_wconf 86' lang='lat' dir='ltr'><strong>Christo</strong></span> <span class='ocrx_word' id='word_1_185' title='bbox 1597 1960 1701 2021; x_wconf 88' lang='lat' dir='ltr'><strong>fllium</strong></span> <span class='ocrx_word' id='word_1_186' title='bbox 1716 1963 1866 2024; x_wconf 90' lang='lat' dir='ltr'><strong>nostrum</strong></span> <span class='ocrx_word' id='word_1_187' title='bbox 1881 1961 1976 2042; x_wconf 78' lang='lat' dir='ltr'>J.(s)</span> 
     </span>
    </p>
   </div>
   <div class='ocr_carea' id='block_1_5' title="bbox 323 2055 2105 2134">
    <p class='ocr_par' dir='ltr' id='par_1_6' title="bbox 323 2055 2105 2134">
     <span class='ocr_line' id='line_1_18' title="bbox 323 2055 2105 2134; baseline 0.001 -16"><span class='ocrx_word' id='word_1_188' title='bbox 323 2059 496 2119; x_wconf 89' lang='lat' dir='ltr'><strong>Monemus</strong></span> <span class='ocrx_word' id='word_1_189' title='bbox 524 2058 627 2134; x_wconf 88' lang='lat' dir='ltr'><strong>igitur</strong></span> <span class='ocrx_word' id='word_1_190' title='bbox 648 2059 899 2122; x_wconf 82' lang='lat' dir='ltr'><strong>universitatem</strong></span> <span class='ocrx_word' id='word_1_191' title='bbox 918 2062 1062 2122; x_wconf 84' lang='lat' dir='ltr'><strong>uestram</strong></span> <span class='ocrx_word' id='word_1_192' title='bbox 1089 2063 1122 2122; x_wconf 92' lang='lat' dir='ltr'><strong>et</strong></span> <span class='ocrx_word' id='word_1_193' title='bbox 1176 2055 1491 2132; x_wconf 77' lang='lat' dir='ltr'><strong>ierosolymitanum</strong></span> <span class='ocrx_word' id='word_1_194' title='bbox 1503 2070 1615 2132; x_wconf 87' lang='lat' dir='ltr'><strong>regem</strong></span> <span class='ocrx_word' id='word_1_195' title='bbox 1628 2057 1803 2130; x_wconf 90' lang='lat' dir='ltr'><strong>illustrem,</strong></span> <span class='ocrx_word' id='word_1_196' title='bbox 1819 2061 1853 2120; x_wconf 90' lang='lat' dir='ltr'><strong>et</strong></span> <span class='ocrx_word' id='word_1_197' title='bbox 1866 2059 1976 2120; x_wconf 91' lang='lat' dir='ltr'><strong>dilec-</strong></span> <span class='ocrx_word' id='word_1_198' title='bbox 2104 2107 2105 2110; x_wconf 63' lang='lat'><strong>,</strong></span> 
     </span>
    </p>
   </div>
   <div class='ocr_carea' id='block_1_6' title="bbox 321 2151 1976 2526">
    <p class='ocr_par' dir='ltr' id='par_1_7' title="bbox 321 2151 1976 2526">
     <span class='ocr_line' id='line_1_19' title="bbox 324 2151 1975 2233; baseline 0.001 -18"><span class='ocrx_word' id='word_1_199' title='bbox 324 2153 536 2216; x_wconf 91' lang='lat' dir='ltr'><strong>obsecramus</strong></span> <span class='ocrx_word' id='word_1_200' title='bbox 550 2157 1026 2232; x_wconf 85' lang='lat' dir='ltr'><strong>peraspersionemsanguinis</strong></span> <span class='ocrx_word' id='word_1_201' title='bbox 1041 2160 1121 2220; x_wconf 88' lang='lat' dir='ltr'><strong>Jesu</strong></span> <span class='ocrx_word' id='word_1_202' title='bbox 1176 2153 1226 2213; x_wconf 90' lang='lat' dir='ltr'><strong>ios</strong></span> <span class='ocrx_word' id='word_1_203' title='bbox 1246 2151 1334 2213; x_wconf 88' lang='lat' dir='ltr'><strong>tilios</strong></span> <span class='ocrx_word' id='word_1_204' title='bbox 1349 2152 1554 2230; x_wconf 90' lang='lat' dir='ltr'><strong>Templarios</strong></span> <span class='ocrx_word' id='word_1_205' title='bbox 1573 2155 1607 2215; x_wconf 91' lang='lat' dir='ltr'><strong>et</strong></span> <span class='ocrx_word' id='word_1_206' title='bbox 1627 2155 1869 2233; x_wconf 79' lang='lat' dir='ltr'><strong>hospitalarios</strong></span> <span class='ocrx_word' id='word_1_207' title='bbox 1886 2155 1937 2216; x_wconf 92' lang='lat' dir='ltr'><strong>inf</strong></span> <span class='ocrx_word' id='word_1_208' title='bbox 1956 2187 1975 2202; x_wconf 90' lang='lat'>-</span> 
     </span>
     <span class='ocr_line' id='line_1_20' title="bbox 323 2249 1976 2333; baseline 0.001 -21"><span class='ocrx_word' id='word_1_209' title='bbox 323 2251 457 2323; x_wconf 86' lang='lat' dir='ltr'><strong>Christi,</strong></span> <span class='ocrx_word' id='word_1_210' title='bbox 481 2252 539 2328; x_wconf 87' lang='lat' dir='ltr'><strong>qni</strong></span> <span class='ocrx_word' id='word_1_211' title='bbox 557 2269 618 2328; x_wconf 92' lang='lat' dir='ltr'><strong>pro</strong></span> <span class='ocrx_word' id='word_1_212' title='bbox 628 2253 722 2314; x_wconf 88' lang='lat' dir='ltr'><strong>vohis</strong></span> <span class='ocrx_word' id='word_1_213' title='bbox 737 2253 873 2316; x_wconf 85' lang='lat' dir='ltr'><strong>tradidit</strong></span> <span class='ocrx_word' id='word_1_214' title='bbox 894 2254 1119 2330; x_wconf 88' lang='lat' dir='ltr'><strong>semetipsum,</strong></span> <span class='ocrx_word' id='word_1_215' title='bbox 1176 2264 1279 2322; x_wconf 90' lang='lat' dir='ltr'><strong>mare,</strong></span> <span class='ocrx_word' id='word_1_216' title='bbox 1301 2251 1392 2312; x_wconf 92' lang='lat' dir='ltr'><strong>omui</strong></span> <span class='ocrx_word' id='word_1_217' title='bbox 1414 2249 1643 2333; x_wconf 83' lang='lat' dir='ltr'><strong>fuisseuacua</strong></span> <span class='ocrx_word' id='word_1_218' title='bbox 1661 2253 1814 2326; x_wconf 84' lang='lat' dir='ltr'><strong>ueritate,</strong></span> <span class='ocrx_word' id='word_1_219' title='bbox 1834 2253 1891 2330; x_wconf 85' lang='lat' dir='ltr'><strong>qui</strong></span> <span class='ocrx_word' id='word_1_220' title='bbox 1904 2269 1976 2314; x_wconf 76' lang='lat' dir='ltr'><strong>‚non</strong></span> 
     </span>
     <span class='ocr_line' id='line_1_21' title="bbox 322 2347 1976 2426; baseline 0.002 -18"><span class='ocrx_word' id='word_1_221' title='bbox 322 2349 503 2426; x_wconf 87' lang='lat' dir='ltr'><strong>quatenus,</strong></span> <span class='ocrx_word' id='word_1_222' title='bbox 540 2350 698 2425; x_wconf 89' lang='lat' dir='ltr'><strong>ponentes</strong></span> <span class='ocrx_word' id='word_1_223' title='bbox 737 2353 813 2412; x_wconf 89' lang='lat' dir='ltr'><strong>ante</strong></span> <span class='ocrx_word' id='word_1_224' title='bbox 845 2350 959 2412; x_wconf 88' lang='lat' dir='ltr'><strong>oculos</strong></span> <span class='ocrx_word' id='word_1_225' title='bbox 1000 2353 1120 2414; x_wconf 83' lang='lat' dir='ltr'><strong>vestroe</strong></span> <span class='ocrx_word' id='word_1_226' title='bbox 1176 2347 1284 2408; x_wconf 91' lang='lat' dir='ltr'><strong>solum</strong></span> <span class='ocrx_word' id='word_1_227' title='bbox 1305 2363 1419 2409; x_wconf 91' lang='lat' dir='ltr'><strong>eorum</strong></span> <span class='ocrx_word' id='word_1_228' title='bbox 1435 2349 1597 2410; x_wconf 82' lang='lat' dir='ltr'><strong>excusant</strong></span> <span class='ocrx_word' id='word_1_229' title='bbox 1619 2349 1842 2412; x_wconf 89' lang='lat' dir='ltr'><strong>innocentiam</strong></span> <span class='ocrx_word' id='word_1_230' title='bbox 1860 2351 1896 2412; x_wconf 93' lang='grc'><strong>10</strong></span> <span class='ocrx_word' id='word_1_231' title='bbox 1912 2350 1976 2412; x_wconf 93' lang='lat' dir='ltr'><strong>hac</strong></span> 
     </span>
     <span class='ocr_line' id='line_1_22' title="bbox 321 2445 1122 2526; baseline 0.005 -20"><span class='ocrx_word' id='word_1_232' title='bbox 321 2445 441 2507; x_wconf 89' lang='lat' dir='ltr'><strong>mentis</strong></span> <span class='ocrx_word' id='word_1_233' title='bbox 454 2448 612 2522; x_wconf 89' lang='lat' dir='ltr'><strong>quantum</strong></span> <span class='ocrx_word' id='word_1_234' title='bbox 631 2447 788 2523; x_wconf 88' lang='lat' dir='ltr'><strong>gaudium</strong></span> <span class='ocrx_word' id='word_1_235' title='bbox 811 2449 1000 2526; x_wconf 85' lang='lat' dir='ltr'><strong>quantaque</strong></span> <span class='ocrx_word' id='word_1_236' title='bbox 1024 2449 1122 2510; x_wconf 85' lang='lat' dir='ltr'><strong>exul-</strong></span> 
     </span>
    </p>
   </div>
   <div class='ocr_carea' id='block_1_7' title="bbox 321 2541 1976 2622">
    <p class='ocr_par' dir='ltr' id='par_1_8' title="bbox 321 2541 1976 2622">
     <span class='ocr_line' id='line_1_23' title="bbox 321 2541 1976 2622; baseline 0.002 -20"><span class='ocrx_word' id='word_1_237' title='bbox 321 2542 403 2604; x_wconf 90' lang='lat' dir='ltr'><strong>tatio</strong></span> <span class='ocrx_word' id='word_1_238' title='bbox 416 2543 480 2605; x_wconf 91' lang='lat' dir='ltr'><strong>erit</strong></span> <span class='ocrx_word' id='word_1_239' title='bbox 490 2545 590 2620; x_wconf 89' lang='lat' dir='ltr'><strong>justis</strong></span> <span class='ocrx_word' id='word_1_240' title='bbox 605 2545 640 2606; x_wconf 89' lang='lat' dir='ltr'><strong>in</strong></span> <span class='ocrx_word' id='word_1_241' title='bbox 651 2545 801 2618; x_wconf 88' lang='lat' dir='ltr'><strong>Domino,</strong></span> <span class='ocrx_word' id='word_1_242' title='bbox 819 2546 847 2606; x_wconf 92' lang='lat' dir='ltr'><strong>si</strong></span> <span class='ocrx_word' id='word_1_243' title='bbox 864 2549 1005 2622; x_wconf 88' lang='lat' dir='ltr'><strong>coeptum</strong></span> <span class='ocrx_word' id='word_1_244' title='bbox 1017 2561 1122 2621; x_wconf 87' lang='lat' dir='ltr'><strong>nego·</strong></span> <span class='ocrx_word' id='word_1_245' title='bbox 1175 2541 1382 2615; x_wconf 82' lang='lat' dir='ltr'><strong>mandantes,</strong></span> <span class='ocrx_word' id='word_1_246' title='bbox 1395 2543 1562 2606; x_wconf 91' lang='lat' dir='ltr'><strong>ascribere</strong></span> <span class='ocrx_word' id='word_1_247' title='bbox 1577 2544 1731 2606; x_wconf 88' lang='lat' dir='ltr'><strong>videntur</strong></span> <span class='ocrx_word' id='word_1_248' title='bbox 1738 2545 1899 2607; x_wconf 91' lang='lat' dir='ltr'><strong>miraculo</strong></span> <span class='ocrx_word' id='word_1_249' title='bbox 1912 2561 1976 2605; x_wconf 86' lang='lat' dir='ltr'><strong>ex·</strong></span> 
     </span>
    </p>
   </div>
   <div class='ocr_carea' id='block_1_8' title="bbox 1175 2443 2066 2524">
    <p class='ocr_par' dir='ltr' id='par_1_9' title="bbox 1175 2443 2066 2524">
     <span class='ocr_line' id='line_1_24' title="bbox 1175 2443 2066 2524; baseline 0.006 -20"><span class='ocrx_word' id='word_1_250' title='bbox 1175 2447 1279 2520; x_wconf 91' lang='lat' dir='ltr'><strong>parte,</strong></span> <span class='ocrx_word' id='word_1_251' title='bbox 1295 2461 1410 2505; x_wconf 85' lang='lat' dir='ltr'><strong>verum</strong></span> <span class='ocrx_word' id='word_1_252' title='bbox 1425 2446 1536 2519; x_wconf 91' lang='lat' dir='ltr'><strong>etiam,</strong></span> <span class='ocrx_word' id='word_1_253' title='bbox 1550 2446 1626 2508; x_wconf 90' lang='lat' dir='ltr'><strong>illos</strong></span> <span class='ocrx_word' id='word_1_254' title='bbox 1645 2447 1875 2524; x_wconf 88' lang='lat' dir='ltr'><strong>multipliciter</strong></span> <span class='ocrx_word' id='word_1_255' title='bbox 1889 2463 1976 2508; x_wconf 88' lang='lat' dir='ltr'><strong>corn·</strong></span> <span class='ocrx_word' id='word_1_256' title='bbox 2063 2443 2066 2450; x_wconf 86' lang='grc'><strong><em>’</em></strong></span> 
     </span>
    </p>
   </div>
   <div class='ocr_carea' id='block_1_9' title="bbox 320 2639 1121 3882">
    <p class='ocr_par' dir='ltr' id='par_1_10' title="bbox 320 2639 1121 3882">
     <span class='ocr_line' id='line_1_25' title="bbox 320 2639 1118 2720; baseline 0.004 -20"><span class='ocrx_word' id='word_1_257' title='bbox 320 2639 403 2700; x_wconf 89' lang='lat' dir='ltr'><strong>tium</strong></span> <span class='ocrx_word' id='word_1_258' title='bbox 416 2640 529 2714; x_wconf 88' lang='lat' dir='ltr'><strong>finem,</strong></span> <span class='ocrx_word' id='word_1_259' title='bbox 540 2641 610 2718; x_wconf 91' lang='lat' dir='ltr'><strong>ipso</strong></span> <span class='ocrx_word' id='word_1_260' title='bbox 620 2642 731 2715; x_wconf 91' lang='lat' dir='ltr'><strong>dante,</strong></span> <span class='ocrx_word' id='word_1_261' title='bbox 747 2643 901 2706; x_wconf 90' lang='lat' dir='ltr'><strong>hahuerit</strong></span> <span class='ocrx_word' id='word_1_262' title='bbox 915 2645 1118 2720; x_wconf 83' lang='lat' dir='ltr'><strong>exoptatum,</strong></span> 
     </span>
     <span class='ocr_line' id='line_1_26' title="bbox 321 2738 1120 2818; baseline 0.001 -18"><span class='ocrx_word' id='word_1_263' title='bbox 321 2739 354 2800; x_wconf 90' lang='lat' dir='ltr'><strong>et</strong></span> <span class='ocrx_word' id='word_1_264' title='bbox 368 2738 456 2814; x_wconf 90' lang='lat' dir='ltr'><strong>apud</strong></span> <span class='ocrx_word' id='word_1_265' title='bbox 471 2754 530 2798; x_wconf 89' lang='lat' dir='ltr'><strong>vos</strong></span> <span class='ocrx_word' id='word_1_266' title='bbox 544 2741 766 2815; x_wconf 82' lang='lat' dir='ltr'><strong>recogitantes</strong></span> <span class='ocrx_word' id='word_1_267' title='bbox 786 2756 805 2802; x_wconf 95' lang='lat' dir='ltr'><strong>e</strong></span> <span class='ocrx_word' id='word_1_268' title='bbox 830 2741 945 2804; x_wconf 89' lang='lat' dir='ltr'><strong>contra</strong></span> <span class='ocrx_word' id='word_1_269' title='bbox 963 2742 1120 2818; x_wconf 87' lang='lat' dir='ltr'><strong>quantam</strong></span> 
     </span>
     <span class='ocr_line' id='line_1_27' title="bbox 322 2834 1121 2912; baseline 0.006 -18"><span class='ocrx_word' id='word_1_270' title='bbox 322 2834 550 2895; x_wconf 90' lang='lat' dir='ltr'><strong>confusionem</strong></span> <span class='ocrx_word' id='word_1_271' title='bbox 565 2836 789 2912; x_wconf 89' lang='lat' dir='ltr'><strong>quantumque</strong></span> <span class='ocrx_word' id='word_1_272' title='bbox 803 2851 977 2900; x_wconf 84' lang='lat' dir='ltr'><strong>moerorem</strong></span> <span class='ocrx_word' id='word_1_273' title='bbox 993 2837 1121 2898; x_wconf 91' lang='lat' dir='ltr'><strong>contra·</strong></span> 
     </span>
     <span class='ocr_line' id='line_1_28' title="bbox 322 2930 1121 3010; baseline 0.005 -20"><span class='ocrx_word' id='word_1_274' title='bbox 322 2930 408 2990; x_wconf 92' lang='lat' dir='ltr'><strong>rium</strong></span> <span class='ocrx_word' id='word_1_275' title='bbox 424 2930 560 2992; x_wconf 84' lang='lat' dir='ltr'><strong>afferret</strong></span> <span class='ocrx_word' id='word_1_276' title='bbox 570 2932 631 2993; x_wconf 92' lang='lat' dir='ltr'><strong>toti</strong></span> <span class='ocrx_word' id='word_1_277' title='bbox 641 2932 763 3009; x_wconf 92' lang='lat' dir='ltr'><strong>populo</strong></span> <span class='ocrx_word' id='word_1_278' title='bbox 774 2933 969 3005; x_wconf 88' lang='lat' dir='ltr'><strong>christiano,</strong></span> <span class='ocrx_word' id='word_1_279' title='bbox 982 2934 1121 3010; x_wconf 83' lang='lat' dir='ltr'><strong>praesato</strong></span> 
     </span>
     <span class='ocr_line' id='line_1_29' title="bbox 322 3028 1120 3107; baseline 0.008 -20"><span class='ocrx_word' id='word_1_280' title='bbox 322 3028 484 3088; x_wconf 87' lang='lat' dir='ltr'><strong>exercitui</strong></span> <span class='ocrx_word' id='word_1_281' title='bbox 506 3029 720 3098; x_wconf 86' lang='lat' dir='ltr'><strong>succurratis,</strong></span> <span class='ocrx_word' id='word_1_282' title='bbox 753 3029 839 3092; x_wconf 90' lang='lat' dir='ltr'><strong>sicut</strong></span> <span class='ocrx_word' id='word_1_283' title='bbox 853 3046 907 3093; x_wconf 90' lang='lat' dir='ltr'><strong>res</strong></span> <span class='ocrx_word' id='word_1_284' title='bbox 919 3031 1120 3107; x_wconf 79' lang='lat' dir='ltr'><strong>expostulat,</strong></span> 
     </span>
     <span class='ocr_line' id='line_1_30' title="bbox 323 3121 1121 3202; baseline 0.01 -20"><span class='ocrx_word' id='word_1_285' title='bbox 323 3121 532 3196; x_wconf 81' lang='lat' dir='ltr'><strong>festinanter,</strong></span> <span class='ocrx_word' id='word_1_286' title='bbox 549 3126 760 3202; x_wconf 88' lang='lat' dir='ltr'><strong>providentes</strong></span> <span class='ocrx_word' id='word_1_287' title='bbox 776 3127 862 3202; x_wconf 87' lang='lat' dir='ltr'><strong>quod</strong></span> <span class='ocrx_word' id='word_1_288' title='bbox 875 3143 945 3198; x_wconf 83' lang='lat' dir='ltr'><strong>uos,</strong></span> <span class='ocrx_word' id='word_1_289' title='bbox 963 3127 1121 3190; x_wconf 80' lang='grc'><strong>11111000-</strong></span> 
     </span>
     <span class='ocr_line' id='line_1_31' title="bbox 322 3221 1119 3298; baseline 0.01 -18"><span class='ocrx_word' id='word_1_290' title='bbox 322 3221 1119 3298; x_wconf 68' lang='grc' dir='ltr'><strong>000100000000000001110,οο100110000110,</strong></span> 
     </span>
     <span class='ocr_line' id='line_1_32' title="bbox 322 3317 1071 3385; baseline 0.008 -6"><span class='ocrx_word' id='word_1_291' title='bbox 322 3317 554 3382; x_wconf 80' lang='lat' dir='ltr'><strong>transfretetis.</strong></span> <span class='ocrx_word' id='word_1_292' title='bbox 1067 3377 1071 3385; x_wconf 88' lang='lat'><em>.</em></span> 
     </span>
     <span class='ocr_line' id='line_1_33' title="bbox 362 3416 1117 3497; baseline 0.008 -21"><span class='ocrx_word' id='word_1_293' title='bbox 362 3418 505 3492; x_wconf 85' lang='lat' dir='ltr'><strong>vosque,</strong></span> <span class='ocrx_word' id='word_1_294' title='bbox 514 3416 633 3482; x_wconf 88' lang='lat' dir='ltr'><strong>fratres</strong></span> <span class='ocrx_word' id='word_1_295' title='bbox 642 3417 892 3496; x_wconf 87' lang='lat' dir='ltr'><strong>archiepiscope</strong></span> <span class='ocrx_word' id='word_1_296' title='bbox 905 3434 944 3482; x_wconf 89' lang='lat' dir='ltr'><strong>ac</strong></span> <span class='ocrx_word' id='word_1_297' title='bbox 959 3419 1117 3497; x_wconf 90' lang='lat' dir='ltr'><strong>episcopi,</strong></span> 
     </span>
     <span class='ocr_line' id='line_1_34' title="bbox 322 3511 1119 3589; baseline 0.008 -17"><span class='ocrx_word' id='word_1_298' title='bbox 322 3511 447 3588; x_wconf 90' lang='lat' dir='ltr'><strong>singuli</strong></span> <span class='ocrx_word' id='word_1_299' title='bbox 470 3514 619 3589; x_wconf 91' lang='lat' dir='ltr'><strong>signatos</strong></span> <span class='ocrx_word' id='word_1_300' title='bbox 639 3531 708 3578; x_wconf 89' lang='lat' dir='ltr'><strong>suae</strong></span> <span class='ocrx_word' id='word_1_301' title='bbox 728 3517 883 3578; x_wconf 83' lang='lat' dir='ltr'><strong>dioecesis</strong></span> <span class='ocrx_word' id='word_1_302' title='bbox 901 3516 1119 3583; x_wconf 86' lang='lat' dir='ltr'><strong>sollicitantes</strong></span> 
     </span>
     <span class='ocr_line' id='line_1_35' title="bbox 321 3609 1121 3692; baseline 0.009 -23"><span class='ocrx_word' id='word_1_303' title='bbox 321 3609 485 3672; x_wconf 91' lang='lat' dir='ltr'><strong>instanter</strong></span> <span class='ocrx_word' id='word_1_304' title='bbox 506 3627 563 3674; x_wconf 91' lang='lat' dir='ltr'><strong>eos</strong></span> <span class='ocrx_word' id='word_1_305' title='bbox 584 3612 626 3673; x_wconf 91' lang='lat' dir='ltr'><strong>ad</strong></span> <span class='ocrx_word' id='word_1_306' title='bbox 647 3611 691 3682; x_wconf 88' lang='lat' dir='ltr'><strong>id,</strong></span> <span class='ocrx_word' id='word_1_307' title='bbox 712 3613 742 3674; x_wconf 92' lang='lat' dir='ltr'><strong>si</strong></span> <span class='ocrx_word' id='word_1_308' title='bbox 761 3629 899 3676; x_wconf 89' lang='lat' dir='ltr'><strong>necesse</strong></span> <span class='ocrx_word' id='word_1_309' title='bbox 924 3614 1035 3688; x_wconf 89' lang='lat' dir='ltr'><strong>fuerit,</strong></span> <span class='ocrx_word' id='word_1_310' title='bbox 1059 3630 1121 3692; x_wconf 87' lang='lat' dir='ltr'><strong>per</strong></span> 
     </span>
     <span class='ocr_line' id='line_1_36' title="bbox 322 3709 1119 3790; baseline 0.008 -22"><span class='ocrx_word' id='word_1_311' title='bbox 322 3722 497 3768; x_wconf 88' lang='lat' dir='ltr'><strong>censuram</strong></span> <span class='ocrx_word' id='word_1_312' title='bbox 512 3709 784 3783; x_wconf 89' lang='lat' dir='ltr'><strong>ecclesiasticam,</strong></span> <span class='ocrx_word' id='word_1_313' title='bbox 797 3711 1019 3788; x_wconf 90' lang='lat' dir='ltr'><strong>appellatione</strong></span> <span class='ocrx_word' id='word_1_314' title='bbox 1032 3714 1119 3790; x_wconf 91' lang='lat' dir='ltr'><strong>post·</strong></span> 
     </span>
     <span class='ocr_line' id='line_1_37' title="bbox 322 3805 1119 3882; baseline 0.005 -16"><span class='ocrx_word' id='word_1_315' title='bbox 322 3805 441 3880; x_wconf 90' lang='lat' dir='ltr'><strong>posita,</strong></span> <span class='ocrx_word' id='word_1_316' title='bbox 467 3807 684 3882; x_wconf 90' lang='lat' dir='ltr'><strong>compellatis,</strong></span> <span class='ocrx_word' id='word_1_317' title='bbox 712 3809 796 3869; x_wconf 88' lang='lat' dir='ltr'><strong>alios</strong></span> <span class='ocrx_word' id='word_1_318' title='bbox 818 3808 966 3870; x_wconf 88' lang='lat' dir='ltr'><strong>subditos</strong></span> <span class='ocrx_word' id='word_1_319' title='bbox 990 3811 1119 3872; x_wconf 85' lang='lat' dir='ltr'><strong>vestros</strong></span> 
     </span>
    </p>
   </div>
   <div class='ocr_carea' id='block_1_10' title="bbox 321 3901 1123 5538">
    <p class='ocr_par' dir='ltr' id='par_1_11' title="bbox 321 3901 1123 5538">
     <span class='ocr_line' id='line_1_38' title="bbox 323 3901 1121 3980; baseline 0.008 -18"><span class='ocrx_word' id='word_1_320' title='bbox 323 3901 363 3962; x_wconf 91' lang='lat' dir='ltr'><strong>ad</strong></span> <span class='ocrx_word' id='word_1_321' title='bbox 395 3903 561 3965; x_wconf 82' lang='lat' dir='ltr'><strong>exercitus</strong></span> <span class='ocrx_word' id='word_1_322' title='bbox 598 3904 748 3980; x_wconf 89' lang='lat' dir='ltr'><strong>praedicti</strong></span> <span class='ocrx_word' id='word_1_323' title='bbox 764 3921 969 3968; x_wconf 62' lang='lat' dir='ltr'><strong>,succursum</strong></span> <span class='ocrx_word' id='word_1_324' title='bbox 996 3906 1121 3968; x_wconf 89' lang='lat' dir='ltr'><strong>sedulis</strong></span> 
     </span>
     <span class='ocr_line' id='line_1_39' title="bbox 323 3997 1120 4080; baseline 0.006 -23"><span class='ocrx_word' id='word_1_325' title='bbox 323 3997 610 4062; x_wconf 81' lang='lat' dir='ltr'><strong>exhortationibus</strong></span> <span class='ocrx_word' id='word_1_326' title='bbox 639 4000 818 4063; x_wconf 91' lang='lat' dir='ltr'><strong>animando</strong></span> <span class='ocrx_word' id='word_1_327' title='bbox 842 4023 849 4062; x_wconf 90' lang='lat'><strong>:</strong></span> <span class='ocrx_word' id='word_1_328' title='bbox 873 4002 1007 4078; x_wconf 85' lang='lat' dir='ltr'><strong>proviso</strong></span> <span class='ocrx_word' id='word_1_329' title='bbox 1034 4001 1120 4080; x_wconf 87' lang='lat' dir='ltr'><strong>quod</strong></span> 
     </span>
     <span class='ocr_line' id='line_1_40' title="bbox 321 4094 1122 4174; baseline 0.007 -20"><span class='ocrx_word' id='word_1_330' title='bbox 321 4094 480 4157; x_wconf 85' lang='lat' dir='ltr'><strong>uicesima</strong></span> <span class='ocrx_word' id='word_1_331' title='bbox 503 4097 536 4158; x_wconf 92' lang='lat' dir='ltr'><strong>et</strong></span> <span class='ocrx_word' id='word_1_332' title='bbox 557 4097 625 4158; x_wconf 88' lang='lat' dir='ltr'><strong>alia</strong></span> <span class='ocrx_word' id='word_1_333' title='bbox 638 4097 780 4174; x_wconf 91' lang='lat' dir='ltr'><strong>pecunia</strong></span> <span class='ocrx_word' id='word_1_334' title='bbox 803 4098 924 4162; x_wconf 90' lang='lat' dir='ltr'><strong>collata</strong></span> <span class='ocrx_word' id='word_1_335' title='bbox 949 4100 983 4162; x_wconf 91' lang='lat' dir='ltr'><strong>et</strong></span> <span class='ocrx_word' id='word_1_336' title='bbox 1006 4098 1122 4162; x_wconf 87' lang='lat' dir='ltr'><strong>confe-</strong></span> 
     </span>
     <span class='ocr_line' id='line_1_41' title="bbox 322 4191 1121 4270; baseline 0.009 -19"><span class='ocrx_word' id='word_1_337' title='bbox 322 4191 426 4252; x_wconf 91' lang='lat' dir='ltr'><strong>renda</strong></span> <span class='ocrx_word' id='word_1_338' title='bbox 450 4209 510 4270; x_wconf 93' lang='lat' dir='ltr'><strong>pro</strong></span> <span class='ocrx_word' id='word_1_339' title='bbox 534 4196 645 4256; x_wconf 87' lang='lat' dir='ltr'><strong>Terrae</strong></span> <span class='ocrx_word' id='word_1_340' title='bbox 668 4196 798 4257; x_wconf 81' lang='lat' dir='ltr'><strong>Sanctae</strong></span> <span class='ocrx_word' id='word_1_341' title='bbox 819 4194 969 4258; x_wconf 83' lang='lat' dir='ltr'><strong>subsidio</strong></span> <span class='ocrx_word' id='word_1_342' title='bbox 991 4196 1121 4260; x_wconf 85' lang='lat' dir='ltr'><strong>dilectis</strong></span> 
     </span>
     <span class='ocr_line' id='line_1_42' title="bbox 324 4287 1119 4367; baseline 0.01 -19"><span class='ocrx_word' id='word_1_343' title='bbox 324 4287 403 4350; x_wconf 87' lang='lat' dir='ltr'><strong>filiis</strong></span> <span class='ocrx_word' id='word_1_344' title='bbox 415 4291 594 4366; x_wconf 86' lang='lat' dir='ltr'><strong>Stephano,</strong></span> <span class='ocrx_word' id='word_1_345' title='bbox 608 4291 766 4354; x_wconf 76' lang='lat' dir='ltr'><strong>familiari</strong></span> <span class='ocrx_word' id='word_1_346' title='bbox 780 4295 905 4364; x_wconf 88' lang='lat' dir='ltr'><strong>nostro,</strong></span> <span class='ocrx_word' id='word_1_347' title='bbox 921 4295 954 4356; x_wconf 91' lang='lat' dir='ltr'><strong>et</strong></span> <span class='ocrx_word' id='word_1_348' title='bbox 963 4295 1119 4367; x_wconf 86' lang='lat' dir='ltr'><strong>ilenrico,</strong></span> 
     </span>
     <span class='ocr_line' id='line_1_43' title="bbox 324 4383 1121 4467; baseline 0.01 -21"><span class='ocrx_word' id='word_1_349' title='bbox 324 4383 483 4447; x_wconf 89' lang='lat' dir='ltr'><strong>fratribus</strong></span> <span class='ocrx_word' id='word_1_350' title='bbox 514 4387 686 4448; x_wconf 90' lang='lat' dir='ltr'><strong>domorum</strong></span> <span class='ocrx_word' id='word_1_351' title='bbox 719 4391 902 4467; x_wconf 88' lang='lat' dir='ltr'><strong>Hospitalis</strong></span> <span class='ocrx_word' id='word_1_352' title='bbox 931 4391 964 4453; x_wconf 90' lang='lat' dir='ltr'><strong>ei</strong></span> <span class='ocrx_word' id='word_1_353' title='bbox 991 4391 1121 4456; x_wconf 86' lang='lat' dir='ltr'><strong>militiae</strong></span> 
     </span>
     <span class='ocr_line' id='line_1_44' title="bbox 324 4481 1123 4565; baseline 0.011 -23"><span class='ocrx_word' id='word_1_354' title='bbox 324 4481 463 4558; x_wconf 83' lang='lat' dir='ltr'><strong>Templi,</strong></span> <span class='ocrx_word' id='word_1_355' title='bbox 478 4483 693 4560; x_wconf 90' lang='lat' dir='ltr'><strong>praesentium</strong></span> <span class='ocrx_word' id='word_1_356' title='bbox 710 4486 937 4562; x_wconf 88' lang='lat' dir='ltr'><strong>portitoribus,</strong></span> <span class='ocrx_word' id='word_1_357' title='bbox 950 4504 1033 4563; x_wconf 87' lang='lat' dir='ltr'><strong>quos</strong></span> <span class='ocrx_word' id='word_1_358' title='bbox 1048 4505 1123 4565; x_wconf 90' lang='lat' dir='ltr'><strong>pro·</strong></span> 
     </span>
     <span class='ocr_line' id='line_1_45' title="bbox 325 4579 1123 4661; baseline 0.006 -20"><span class='ocrx_word' id='word_1_359' title='bbox 325 4581 397 4656; x_wconf 87' lang='lat' dir='ltr'><strong>pter</strong></span> <span class='ocrx_word' id='word_1_360' title='bbox 412 4579 475 4641; x_wconf 92' lang='lat' dir='ltr'><strong>hoo</strong></span> <span class='ocrx_word' id='word_1_361' title='bbox 485 4580 691 4657; x_wconf 89' lang='lat' dir='ltr'><strong>providimus</strong></span> <span class='ocrx_word' id='word_1_362' title='bbox 701 4581 926 4653; x_wconf 90' lang='lat' dir='ltr'><strong>destinandos,</strong></span> <span class='ocrx_word' id='word_1_363' title='bbox 940 4583 1042 4646; x_wconf 83' lang='lat' dir='ltr'><strong>salvis</strong></span> <span class='ocrx_word' id='word_1_364' title='bbox 1056 4600 1123 4661; x_wconf 83' lang='lat' dir='ltr'><strong>spe</strong></span> 
     </span>
     <span class='ocr_line' id='line_1_46' title="bbox 324 4677 1121 4756; baseline 0.004 -16"><span class='ocrx_word' id='word_1_365' title='bbox 324 4677 465 4740; x_wconf 87' lang='lat' dir='ltr'><strong>cialibus</strong></span> <span class='ocrx_word' id='word_1_366' title='bbox 487 4678 757 4740; x_wconf 87' lang='lat' dir='ltr'><strong>concessionibus</strong></span> <span class='ocrx_word' id='word_1_367' title='bbox 772 4679 813 4741; x_wconf 91' lang='lat' dir='ltr'><strong>ab</strong></span> <span class='ocrx_word' id='word_1_368' title='bbox 827 4679 1018 4756; x_wconf 80' lang='lat' dir='ltr'><strong>apostoliea</strong></span> <span class='ocrx_word' id='word_1_369' title='bbox 1036 4681 1121 4742; x_wconf 88' lang='lat' dir='ltr'><strong>Sede</strong></span> 
     </span>
     <span class='ocr_line' id='line_1_47' title="bbox 325 4774 1121 4854; baseline 0.006 -20"><span class='ocrx_word' id='word_1_370' title='bbox 325 4774 432 4848; x_wconf 84' lang='lat' dir='ltr'><strong>fache,</strong></span> <span class='ocrx_word' id='word_1_371' title='bbox 456 4776 584 4851; x_wconf 84' lang='lat' dir='ltr'><strong>integre</strong></span> <span class='ocrx_word' id='word_1_372' title='bbox 611 4777 802 4852; x_wconf 81' lang='lat' dir='ltr'><strong>assignetur</strong></span> <span class='ocrx_word' id='word_1_373' title='bbox 830 4777 865 4838; x_wconf 92' lang='grc'><strong>10</strong></span> <span class='ocrx_word' id='word_1_374' title='bbox 890 4777 995 4854; x_wconf 90' lang='lat' dir='ltr'><strong>ipsius</strong></span> <span class='ocrx_word' id='word_1_375' title='bbox 1010 4781 1121 4840; x_wconf 88' lang='lat' dir='ltr'><strong>Terrae</strong></span> 
     </span>
     <span class='ocr_line' id='line_1_48' title="bbox 326 4871 1121 4952; baseline 0.005 -20"><span class='ocrx_word' id='word_1_376' title='bbox 326 4871 510 4934; x_wconf 87' lang='lat' dir='ltr'><strong>subsidium</strong></span> <span class='ocrx_word' id='word_1_377' title='bbox 538 4873 734 4936; x_wconf 88' lang='lat' dir='ltr'><strong>destinanda</strong></span> <span class='ocrx_word' id='word_1_378' title='bbox 754 4895 762 4935; x_wconf 90' lang='lat'>:</span> <span class='ocrx_word' id='word_1_379' title='bbox 780 4874 815 4934; x_wconf 94' lang='lat' dir='ltr'><strong>in</strong></span> <span class='ocrx_word' id='word_1_380' title='bbox 837 4874 935 4952; x_wconf 87' lang='lat' dir='ltr'><strong>quod,</strong></span> <span class='ocrx_word' id='word_1_381' title='bbox 961 4875 1039 4938; x_wconf 88' lang='lat' dir='ltr'><strong>licet</strong></span> <span class='ocrx_word' id='word_1_382' title='bbox 1062 4889 1121 4952; x_wconf 91' lang='lat' dir='ltr'><strong>pro</strong></span> 
     </span>
     <span class='ocr_line' id='line_1_49' title="bbox 326 4969 1119 5049; baseline 0.006 -20"><span class='ocrx_word' id='word_1_383' title='bbox 326 4969 461 5045; x_wconf 83' lang='lat' dir='ltr'><strong>navigio</strong></span> <span class='ocrx_word' id='word_1_384' title='bbox 484 4971 605 5034; x_wconf 91' lang='lat' dir='ltr'><strong>etalio</strong></span> <span class='ocrx_word' id='word_1_385' title='bbox 627 4972 934 5049; x_wconf 83' lang='lat' dir='ltr'><strong>crucesignatorum</strong></span> <span class='ocrx_word' id='word_1_386' title='bbox 959 4972 1119 5046; x_wconf 90' lang='lat' dir='ltr'><strong>subsidio,</strong></span> 
     </span>
     <span class='ocr_line' id='line_1_50' title="bbox 326 5067 1121 5145; baseline 0.008 -19"><span class='ocrx_word' id='word_1_387' title='bbox 326 5067 361 5127; x_wconf 92' lang='grc'><strong>10</strong></span> <span class='ocrx_word' id='word_1_388' title='bbox 376 5083 452 5145; x_wconf 88' lang='lat' dir='ltr'><strong>quo,</strong></span> <span class='ocrx_word' id='word_1_389' title='bbox 465 5070 586 5145; x_wconf 88' lang='lat' dir='ltr'><strong>praeter</strong></span> <span class='ocrx_word' id='word_1_390' title='bbox 600 5069 761 5132; x_wconf 91' lang='lat' dir='ltr'><strong>decimam</strong></span> <span class='ocrx_word' id='word_1_391' title='bbox 777 5069 916 5134; x_wconf 83' lang='lat' dir='ltr'><strong>fratrum</strong></span> <span class='ocrx_word' id='word_1_392' title='bbox 933 5071 1121 5134; x_wconf 86' lang='lat' dir='ltr'><strong>nostrorum</strong></span> 
     </span>
     <span class='ocr_line' id='line_1_51' title="bbox 325 5165 1120 5247; baseline 0.004 -21"><span class='ocrx_word' id='word_1_393' title='bbox 325 5165 359 5226; x_wconf 89' lang='lat' dir='ltr'><strong>ot</strong></span> <span class='ocrx_word' id='word_1_394' title='bbox 379 5167 554 5244; x_wconf 90' lang='lat' dir='ltr'><strong>pecuniam</strong></span> <span class='ocrx_word' id='word_1_395' title='bbox 574 5183 594 5228; x_wconf 92' lang='lat' dir='ltr'><strong>a</strong></span> <span class='ocrx_word' id='word_1_396' title='bbox 615 5166 723 5229; x_wconf 88' lang='lat' dir='ltr'><strong>felicis</strong></span> <span class='ocrx_word' id='word_1_397' title='bbox 740 5168 908 5230; x_wconf 88' lang='lat' dir='ltr'><strong>memoriae</strong></span> <span class='ocrx_word' id='word_1_398' title='bbox 923 5170 947 5228; x_wconf 94' lang='grc' dir='ltr'><strong>Ι.</strong></span> <span class='ocrx_word' id='word_1_399' title='bbox 967 5165 1015 5247; x_wconf 85' lang='grc'><strong>(0)</strong></span> <span class='ocrx_word' id='word_1_400' title='bbox 1031 5171 1120 5245; x_wconf 88' lang='lat' dir='ltr'><strong>Papa</strong></span> 
     </span>
     <span class='ocr_line' id='line_1_52' title="bbox 326 5264 1121 5343; baseline 0.005 -20"><span class='ocrx_word' id='word_1_401' title='bbox 326 5264 570 5341; x_wconf 83' lang='lat' dir='ltr'><strong>praedecessore</strong></span> <span class='ocrx_word' id='word_1_402' title='bbox 594 5266 707 5329; x_wconf 88' lang='lat' dir='ltr'><strong>nostro</strong></span> <span class='ocrx_word' id='word_1_403' title='bbox 729 5265 770 5326; x_wconf 89' lang='lat' dir='ltr'><strong>ad</strong></span> <span class='ocrx_word' id='word_1_404' title='bbox 786 5281 868 5343; x_wconf 92' lang='lat' dir='ltr'><strong>opos</strong></span> <span class='ocrx_word' id='word_1_405' title='bbox 881 5266 986 5342; x_wconf 91' lang='lat' dir='ltr'><strong>ipsius</strong></span> <span class='ocrx_word' id='word_1_406' title='bbox 1009 5267 1121 5330; x_wconf 86' lang='lat' dir='ltr'><strong>Terrae</strong></span> 
     </span>
     <span class='ocr_line' id='line_1_53' title="bbox 327 5361 1122 5439; baseline 0.003 -17"><span class='ocrx_word' id='word_1_407' title='bbox 327 5361 491 5434; x_wconf 88' lang='lat' dir='ltr'><strong>collatam,</strong></span> <span class='ocrx_word' id='word_1_408' title='bbox 527 5363 614 5424; x_wconf 91' lang='lat' dir='ltr'><strong>ultra</strong></span> <span class='ocrx_word' id='word_1_409' title='bbox 646 5363 766 5439; x_wconf 81' lang='lat' dir='ltr'><strong>viginti</strong></span> <span class='ocrx_word' id='word_1_410' title='bbox 792 5363 898 5424; x_wconf 89' lang='lat' dir='ltr'><strong>millia</strong></span> <span class='ocrx_word' id='word_1_411' title='bbox 934 5377 1122 5424; x_wconf 78' lang='lat' dir='ltr'><strong>marcarum</strong></span> 
     </span>
     <span class='ocr_line' id='line_1_54' title="bbox 325 5460 1122 5538; baseline 0.001 -18"><span class='ocrx_word' id='word_1_412' title='bbox 325 5460 553 5538; x_wconf 79' lang='lat' dir='ltr'><strong>expendimus,</strong></span> <span class='ocrx_word' id='word_1_413' title='bbox 571 5475 637 5522; x_wconf 91' lang='lat' dir='ltr'><strong>non</strong></span> <span class='ocrx_word' id='word_1_414' title='bbox 653 5461 799 5522; x_wconf 84' lang='lat' dir='ltr'><strong>modicas</strong></span> <span class='ocrx_word' id='word_1_415' title='bbox 812 5460 931 5523; x_wconf 86' lang='lat' dir='ltr'><strong>fecisse</strong></span> <span class='ocrx_word' id='word_1_416' title='bbox 943 5475 1122 5524; x_wconf 84' lang='lat' dir='ltr'><strong>noscamur</strong></span> 
     </span>
    </p>
   </div>
   <div class='ocr_carea' id='block_1_11' title="bbox 1175 2641 2052 3700">
    <p class='ocr_par' dir='ltr' id='par_1_12' title="bbox 1175 2641 2052 3700">
     <span class='ocr_line' id='line_1_55' title="bbox 1175 2641 1974 2719; baseline 0.001 -18"><span class='ocrx_word' id='word_1_417' title='bbox 1175 2655 1295 2716; x_wconf 90' lang='lat' dir='ltr'><strong>pensas</strong></span> <span class='ocrx_word' id='word_1_418' title='bbox 1310 2655 1394 2717; x_wconf 87' lang='lat' dir='ltr'><strong>quas</strong></span> <span class='ocrx_word' id='word_1_419' title='bbox 1410 2641 1559 2703; x_wconf 90' lang='lat' dir='ltr'><strong>fecerunt</strong></span> <span class='ocrx_word' id='word_1_420' title='bbox 1574 2643 1607 2703; x_wconf 91' lang='lat' dir='ltr'><strong>et</strong></span> <span class='ocrx_word' id='word_1_421' title='bbox 1621 2641 1748 2704; x_wconf 90' lang='lat' dir='ltr'><strong>faciunt</strong></span> <span class='ocrx_word' id='word_1_422' title='bbox 1760 2657 1820 2719; x_wconf 91' lang='lat' dir='ltr'><strong>pro</strong></span> <span class='ocrx_word' id='word_1_423' title='bbox 1841 2643 1974 2718; x_wconf 89' lang='lat' dir='ltr'><strong>negotio</strong></span> 
     </span>
     <span class='ocr_line' id='line_1_56' title="bbox 1175 2738 1974 2817; baseline 0.005 -20"><span class='ocrx_word' id='word_1_424' title='bbox 1175 2738 1286 2798; x_wconf 86' lang='lat' dir='ltr'><strong>Terrae</strong></span> <span class='ocrx_word' id='word_1_425' title='bbox 1313 2739 1459 2810; x_wconf 88' lang='lat' dir='ltr'><strong>Sanotae,</strong></span> <span class='ocrx_word' id='word_1_426' title='bbox 1496 2738 1636 2800; x_wconf 86' lang='lat' dir='ltr'><strong>tirmiter</strong></span> <span class='ocrx_word' id='word_1_427' title='bbox 1667 2741 1855 2802; x_wconf 89' lang='lat' dir='ltr'><strong>asserentes</strong></span> <span class='ocrx_word' id='word_1_428' title='bbox 1886 2740 1974 2817; x_wconf 88' lang='lat' dir='ltr'><strong>quod</strong></span> 
     </span>
     <span class='ocr_line' id='line_1_57' title="bbox 1175 2835 1977 2913; baseline 0.002 -19"><span class='ocrx_word' id='word_1_429' title='bbox 1175 2835 1262 2896; x_wconf 90' lang='lat' dir='ltr'><strong>idem</strong></span> <span class='ocrx_word' id='word_1_430' title='bbox 1277 2835 1444 2896; x_wconf 85' lang='lat' dir='ltr'><strong>exercitus</strong></span> <span class='ocrx_word' id='word_1_431' title='bbox 1464 2835 1498 2895; x_wconf 92' lang='lat' dir='ltr'><strong>in</strong></span> <span class='ocrx_word' id='word_1_432' title='bbox 1521 2835 1692 2896; x_wconf 90' lang='lat' dir='ltr'><strong>obsidione</strong></span> <span class='ocrx_word' id='word_1_433' title='bbox 1707 2837 1778 2913; x_wconf 89' lang='lat' dir='ltr'><strong>jam</strong></span> <span class='ocrx_word' id='word_1_434' title='bbox 1794 2835 1881 2898; x_wconf 90' lang='lat' dir='ltr'><strong>diota</strong></span> <span class='ocrx_word' id='word_1_435' title='bbox 1903 2838 1977 2897; x_wconf 89' lang='lat' dir='ltr'><strong>nul·</strong></span> 
     </span>
     <span class='ocr_line' id='line_1_58' title="bbox 1176 2931 2052 3011; baseline 0.002 -19"><span class='ocrx_word' id='word_1_436' title='bbox 1176 2931 1304 2993; x_wconf 86' lang='lat' dir='ltr'><strong>latenus</strong></span> <span class='ocrx_word' id='word_1_437' title='bbox 1326 2932 1437 3008; x_wconf 88' lang='lat' dir='ltr'><strong>posset</strong></span> <span class='ocrx_word' id='word_1_438' title='bbox 1455 2933 1527 2994; x_wconf 89' lang='lat' dir='ltr'><strong>sine</strong></span> <span class='ocrx_word' id='word_1_439' title='bbox 1554 2931 1686 2994; x_wconf 91' lang='lat' dir='ltr'><strong>illorum</strong></span> <span class='ocrx_word' id='word_1_440' title='bbox 1713 2932 1978 3011; x_wconf 73' lang='grc'><strong>0010000000-</strong></span> <span class='ocrx_word' id='word_1_441' title='bbox 2048 2957 2052 2964; x_wconf 51' lang='lat'><strong>⁴</strong></span> 
     </span>
     <span class='ocr_line' id='line_1_59' title="bbox 1176 3016 1972 3112; baseline 0.001 -23"><span class='ocrx_word' id='word_1_442' title='bbox 1176 3045 1267 3090; x_wconf 88' lang='lat' dir='ltr'><strong>nere.</strong></span> <span class='ocrx_word' id='word_1_443' title='bbox 1288 3029 1382 3095; x_wconf 89' lang='lat' dir='ltr'><strong>Unde</strong></span> <span class='ocrx_word' id='word_1_444' title='bbox 1397 3016 1550 3112; x_wconf 86' lang='lat' dir='ltr'><strong>volumus</strong></span> <span class='ocrx_word' id='word_1_445' title='bbox 1571 3032 1604 3092; x_wconf 88' lang='lat' dir='ltr'><strong>at</strong></span> <span class='ocrx_word' id='word_1_446' title='bbox 1623 3030 1833 3108; x_wconf 85' lang='lat' dir='ltr'><strong>praecipimus</strong></span> <span class='ocrx_word' id='word_1_447' title='bbox 1849 3031 1885 3092; x_wconf 91' lang='lat' dir='ltr'><strong>ut</strong></span> <span class='ocrx_word' id='word_1_448' title='bbox 1903 3045 1972 3100; x_wconf 87' lang='lat' dir='ltr'><strong>eos,</strong></span> 
     </span>
     <span class='ocr_line' id='line_1_60' title="bbox 1175 3126 1976 3205; baseline -0.001 -18"><span class='ocrx_word' id='word_1_449' title='bbox 1175 3127 1334 3202; x_wconf 85' lang='lat' dir='ltr'><strong>tanquam</strong></span> <span class='ocrx_word' id='word_1_450' title='bbox 1347 3142 1444 3186; x_wconf 86' lang='lat' dir='ltr'><strong>veros</strong></span> <span class='ocrx_word' id='word_1_451' title='bbox 1455 3127 1577 3187; x_wconf 86' lang='lat' dir='ltr'><strong>Christi</strong></span> <span class='ocrx_word' id='word_1_452' title='bbox 1588 3126 1730 3188; x_wconf 88' lang='lat' dir='ltr'><strong>athletas</strong></span> <span class='ocrx_word' id='word_1_453' title='bbox 1745 3127 1778 3188; x_wconf 92' lang='lat' dir='ltr'><strong>et</strong></span> <span class='ocrx_word' id='word_1_454' title='bbox 1790 3128 1976 3205; x_wconf 75' lang='lat' dir='ltr'><strong>praecipuos</strong></span> 
     </span>
     <span class='ocr_line' id='line_1_61' title="bbox 1176 3223 1973 3297; baseline 0.001 -13"><span class='ocrx_word' id='word_1_455' title='bbox 1176 3223 1367 3285; x_wconf 77' lang='lat' dir='ltr'><strong>christianae</strong></span> <span class='ocrx_word' id='word_1_456' title='bbox 1381 3223 1458 3284; x_wconf 88' lang='lat' dir='ltr'><strong>fidei</strong></span> <span class='ocrx_word' id='word_1_457' title='bbox 1474 3223 1675 3297; x_wconf 89' lang='lat' dir='ltr'><strong>defensores,</strong></span> <span class='ocrx_word' id='word_1_458' title='bbox 1697 3223 1857 3285; x_wconf 91' lang='lat' dir='ltr'><strong>studeatis</strong></span> <span class='ocrx_word' id='word_1_459' title='bbox 1871 3225 1973 3286; x_wconf 94' lang='lat' dir='ltr'><strong>hono·</strong></span> 
     </span>
     <span class='ocr_line' id='line_1_62' title="bbox 1176 3320 1976 3396; baseline 0.003 -16"><span class='ocrx_word' id='word_1_460' title='bbox 1176 3336 1262 3394; x_wconf 92' lang='lat' dir='ltr'><strong>rare,</strong></span> <span class='ocrx_word' id='word_1_461' title='bbox 1285 3320 1425 3396; x_wconf 88' lang='lat' dir='ltr'><strong>diligere</strong></span> <span class='ocrx_word' id='word_1_462' title='bbox 1446 3321 1479 3382; x_wconf 91' lang='lat' dir='ltr'><strong>et</strong></span> <span class='ocrx_word' id='word_1_463' title='bbox 1492 3320 1616 3392; x_wconf 87' lang='lat' dir='ltr'><strong>fovere,</strong></span> <span class='ocrx_word' id='word_1_464' title='bbox 1638 3336 1752 3382; x_wconf 90' lang='lat' dir='ltr'><strong>eorum</strong></span> <span class='ocrx_word' id='word_1_465' title='bbox 1768 3321 1976 3383; x_wconf 88' lang='lat' dir='ltr'><strong>declarantes</strong></span> 
     </span>
     <span class='ocr_line' id='line_1_63' title="bbox 1175 3417 1976 3495; baseline 0.001 -17"><span class='ocrx_word' id='word_1_466' title='bbox 1175 3433 1276 3495; x_wconf 91' lang='lat' dir='ltr'><strong>super</strong></span> <span class='ocrx_word' id='word_1_467' title='bbox 1295 3417 1357 3479; x_wconf 93' lang='lat' dir='ltr'><strong>hoc</strong></span> <span class='ocrx_word' id='word_1_468' title='bbox 1377 3417 1613 3489; x_wconf 89' lang='lat' dir='ltr'><strong>innocentiam,</strong></span> <span class='ocrx_word' id='word_1_469' title='bbox 1635 3419 1668 3481; x_wconf 90' lang='lat' dir='ltr'><strong>et</strong></span> <span class='ocrx_word' id='word_1_470' title='bbox 1686 3417 1764 3480; x_wconf 87' lang='lat' dir='ltr'><strong>fidei</strong></span> <span class='ocrx_word' id='word_1_471' title='bbox 1783 3434 1821 3480; x_wconf 90' lang='lat' dir='ltr'><strong>ac</strong></span> <span class='ocrx_word' id='word_1_472' title='bbox 1842 3419 1976 3481; x_wconf 80' lang='lat' dir='ltr'><strong>virtutis</strong></span> 
     </span>
     <span class='ocr_line' id='line_1_64' title="bbox 1176 3515 1643 3591; baseline -0.002 -15"><span class='ocrx_word' id='word_1_473' title='bbox 1176 3515 1396 3577; x_wconf 88' lang='lat' dir='ltr'><strong>constantiam</strong></span> <span class='ocrx_word' id='word_1_474' title='bbox 1412 3515 1643 3591; x_wconf 90' lang='lat' dir='ltr'><strong>praedicanies.</strong></span> 
     </span>
     <span class='ocr_line' id='line_1_65' title="bbox 1215 3611 1799 3700; baseline 0.002 -27"><span class='ocrx_word' id='word_1_475' title='bbox 1215 3614 1334 3675; x_wconf 92' lang='lat' dir='ltr'><strong>Datum</strong></span> <span class='ocrx_word' id='word_1_476' title='bbox 1347 3611 1504 3674; x_wconf 87' lang='lat' dir='ltr'><strong>Laterani</strong></span> <span class='ocrx_word' id='word_1_477' title='bbox 1508 3655 1567 3675; x_wconf 90' lang='lat'><strong>.....</strong></span> <span class='ocrx_word' id='word_1_478' title='bbox 1589 3628 1676 3674; x_wconf 90' lang='lat' dir='ltr'><strong>anno</strong></span> <span class='ocrx_word' id='word_1_479' title='bbox 1690 3611 1799 3700; x_wconf 87' lang='lat' dir='ltr'><strong>tertio.</strong></span> 
     </span>
    </p>
   </div>
   <div class='ocr_carea' id='block_1_12' title="bbox 1527 3780 1620 3865">
    <p class='ocr_par' dir='ltr' id='par_1_13' title="bbox 1527 3780 1620 3865">
     <span class='ocr_line' id='line_1_66' title="bbox 1527 3780 1620 3865; baseline 0.011 -1"><span class='ocrx_word' id='word_1_480' title='bbox 1527 3780 1620 3865; x_wconf 86' lang='lat' dir='ltr'><strong>XVI</strong></span> 
     </span>
    </p>
   </div>
   <div class='ocr_carea' id='block_1_13' title="bbox 1247 3913 1901 3988">
    <p class='ocr_par' dir='ltr' id='par_1_14' title="bbox 1247 3913 1901 3988">
     <span class='ocr_line' id='line_1_67' title="bbox 1247 3913 1901 3988; baseline -0.002 -15"><span class='ocrx_word' id='word_1_481' title='bbox 1247 3913 1298 3973; x_wconf 81' lang='lat' dir='ltr'><strong>Act</strong></span> <span class='ocrx_word' id='word_1_482' title='bbox 1311 3913 1520 3986; x_wconf 74' lang='lat' dir='ltr'><strong>Philippum,</strong></span> <span class='ocrx_word' id='word_1_483' title='bbox 1539 3915 1758 3973; x_wconf 77' lang='lat' dir='ltr'><strong>Frorrcorom</strong></span> <span class='ocrx_word' id='word_1_484' title='bbox 1772 3925 1901 3988; x_wconf 72' lang='grc'><strong>000010.</strong></span> 
     </span>
    </p>
   </div>
   <div class='ocr_carea' id='block_1_14' title="bbox 1151 4034 1974 4284">
    <p class='ocr_par' dir='ltr' id='par_1_15' title="bbox 1151 4034 1974 4284">
     <span class='ocr_line' id='line_1_68' title="bbox 1151 4034 1678 4114; baseline 0.002 -23"><span class='ocrx_word' id='word_1_485' title='bbox 1151 4111 1152 4114; x_wconf 8' lang='lat'>¹</span> <span class='ocrx_word' id='word_1_486' title='bbox 1472 4034 1490 4091; x_wconf 80' lang='lat' dir='ltr'><strong>o</strong></span> <span class='ocrx_word' id='word_1_487' title='bbox 1508 4041 1581 4107; x_wconf 78' lang='lat' dir='ltr'><strong>sept.</strong></span> <span class='ocrx_word' id='word_1_488' title='bbox 1599 4034 1678 4093; x_wconf 72' lang='lat' dir='ltr'><strong>lale.</strong></span> 
     </span>
     <span class='ocr_line' id='line_1_69' title="bbox 1176 4139 1974 4206; baseline 0 -16"><span class='ocrx_word' id='word_1_489' title='bbox 1176 4139 1604 4206; x_wconf 75' lang='grc' dir='ltr'><strong>[Βο00001,11000011110οΗ10100.,</strong></span> <span class='ocrx_word' id='word_1_490' title='bbox 1620 4144 1639 4190; x_wconf 97' lang='grc'><strong>1.</strong></span> <span class='ocrx_word' id='word_1_491' title='bbox 1656 4139 1725 4199; x_wconf 80' lang='lat' dir='ltr'><strong>xix,</strong></span> <span class='ocrx_word' id='word_1_492' title='bbox 1744 4155 1769 4204; x_wconf 91' lang='lat' dir='ltr'><strong>p.</strong></span> <span class='ocrx_word' id='word_1_493' title='bbox 1790 4139 1846 4189; x_wconf 75' lang='lat' dir='ltr'><strong>ooo.</strong></span> <span class='ocrx_word' id='word_1_494' title='bbox 1866 4139 1974 4204; x_wconf 68' lang='lat' dir='ltr'><strong>aegest..</strong></span> 
     </span>
     <span class='ocr_line' id='line_1_70' title="bbox 1447 4219 1703 4284; baseline -0.008 -14"><span class='ocrx_word' id='word_1_495' title='bbox 1447 4219 1548 4278; x_wconf 85' lang='lat' dir='ltr'><strong>lihill,</strong></span> <span class='ocrx_word' id='word_1_496' title='bbox 1561 4219 1634 4284; x_wconf 83' lang='lat' dir='ltr'><strong>epist.</strong></span> <span class='ocrx_word' id='word_1_497' title='bbox 1650 4219 1703 4283; x_wconf 66' lang='lat' dir='ltr'><strong>eon</strong></span> 
     </span>
    </p>
   </div>
   <div class='ocr_carea' id='block_1_15' title="bbox 1176 4315 1977 4816">
    <p class='ocr_par' dir='ltr' id='par_1_16' title="bbox 1176 4315 1977 4816">
     <span class='ocr_line' id='line_1_71' title="bbox 1176 4315 1976 4392; baseline -0.008 -13"><span class='ocrx_word' id='word_1_498' title='bbox 1176 4321 1212 4380; x_wconf 89' lang='lat' dir='ltr'><strong>Ut</strong></span> <span class='ocrx_word' id='word_1_499' title='bbox 1233 4317 1394 4392; x_wconf 88' lang='lat' dir='ltr'><strong>Philippum</strong></span> <span class='ocrx_word' id='word_1_500' title='bbox 1416 4317 1531 4376; x_wconf 87' lang='lat' dir='ltr'><strong>inducat</strong></span> <span class='ocrx_word' id='word_1_501' title='bbox 1550 4316 1587 4375; x_wconf 87' lang='lat' dir='ltr'><strong>ad</strong></span> <span class='ocrx_word' id='word_1_502' title='bbox 1607 4315 1819 4390; x_wconf 87' lang='lat' dir='ltr'><strong>suscipiendum</strong></span> <span class='ocrx_word' id='word_1_503' title='bbox 1839 4315 1976 4374; x_wconf 87' lang='lat' dir='ltr'><strong>adversus</strong></span> 
     </span>
     <span class='ocr_line' id='line_1_72' title="bbox 1211 4403 1974 4480; baseline -0.004 -16"><span class='ocrx_word' id='word_1_504' title='bbox 1211 4408 1368 4466; x_wconf 85' lang='lat' dir='ltr'><strong>Tolosauos</strong></span> <span class='ocrx_word' id='word_1_505' title='bbox 1391 4409 1421 4464; x_wconf 94' lang='lat' dir='ltr'><strong>in</strong></span> <span class='ocrx_word' id='word_1_506' title='bbox 1447 4408 1570 4480; x_wconf 85' lang='lat' dir='ltr'><strong>gratiam</strong></span> <span class='ocrx_word' id='word_1_507' title='bbox 1592 4403 1974 4474; x_wconf 73' lang='grc'><strong>1001001001100101001,</strong></span> 
     </span>
     <span class='ocr_line' id='line_1_73' title="bbox 1212 4494 1973 4566; baseline -0.005 -12"><span class='ocrx_word' id='word_1_508' title='bbox 1212 4497 1339 4554; x_wconf 86' lang='lat' dir='ltr'><strong>Simonis</strong></span> <span class='ocrx_word' id='word_1_509' title='bbox 1354 4495 1413 4564; x_wconf 88' lang='lat' dir='ltr'><strong>lilii,</strong></span> <span class='ocrx_word' id='word_1_510' title='bbox 1430 4495 1547 4564; x_wconf 89' lang='lat' dir='ltr'><strong>bellum,</strong></span> <span class='ocrx_word' id='word_1_511' title='bbox 1561 4495 1704 4552; x_wconf 87' lang='lat' dir='ltr'><strong>Honorius</strong></span> <span class='ocrx_word' id='word_1_512' title='bbox 1716 4507 1781 4550; x_wconf 92' lang='lat' dir='ltr'><strong>cum</strong></span> <span class='ocrx_word' id='word_1_513' title='bbox 1797 4507 1867 4566; x_wconf 87' lang='lat' dir='ltr'><strong>rege</strong></span> <span class='ocrx_word' id='word_1_514' title='bbox 1881 4494 1973 4565; x_wconf 85' lang='lat' dir='ltr'><strong>pacis·</strong></span> 
     </span>
     <span class='ocr_line' id='line_1_74' title="bbox 1211 4581 1976 4655; baseline -0.001 -17"><span class='ocrx_word' id='word_1_515' title='bbox 1211 4584 1293 4652; x_wconf 83' lang='lat' dir='ltr'><strong>citur,</strong></span> <span class='ocrx_word' id='word_1_516' title='bbox 1315 4591 1345 4640; x_wconf 87' lang='lat' dir='ltr'><strong>ut</strong></span> <span class='ocrx_word' id='word_1_517' title='bbox 1362 4584 1491 4655; x_wconf 82' lang='lat' dir='ltr'><strong>pecuniae</strong></span> <span class='ocrx_word' id='word_1_518' title='bbox 1510 4584 1540 4640; x_wconf 92' lang='grc'><strong>10</strong></span> <span class='ocrx_word' id='word_1_519' title='bbox 1559 4581 1686 4640; x_wconf 85' lang='lat' dir='ltr'><strong>subsidia</strong></span> <span class='ocrx_word' id='word_1_520' title='bbox 1706 4581 1773 4638; x_wconf 88' lang='lat' dir='ltr'><strong>belli</strong></span> <span class='ocrx_word' id='word_1_521' title='bbox 1793 4582 1976 4640; x_wconf 87' lang='lat' dir='ltr'><strong>transmarini</strong></span> 
     </span>
     <span class='ocr_line' id='line_1_75' title="bbox 1211 4667 1977 4743; baseline 0 -16"><span class='ocrx_word' id='word_1_522' title='bbox 1211 4669 1337 4728; x_wconf 81' lang='lat' dir='ltr'><strong>collecte</strong></span> <span class='ocrx_word' id='word_1_523' title='bbox 1349 4669 1519 4727; x_wconf 85' lang='lat' dir='ltr'><strong>dimidiatim</strong></span> <span class='ocrx_word' id='word_1_524' title='bbox 1534 4667 1806 4741; x_wconf 84' lang='lat' dir='ltr'><strong>illiusexpeditionis</strong></span> <span class='ocrx_word' id='word_1_525' title='bbox 1816 4669 1977 4743; x_wconf 87' lang='lat' dir='ltr'><strong>sumptibus</strong></span> 
     </span>
     <span class='ocr_line' id='line_1_76' title="bbox 1212 4757 1410 4816; baseline -0.005 -1"><span class='ocrx_word' id='word_1_526' title='bbox 1212 4757 1410 4816; x_wconf 84' lang='lat' dir='ltr'><strong>attribuantur.</strong></span> 
     </span>
    </p>
   </div>
   <div class='ocr_carea' id='block_1_16' title="bbox 1176 4873 1976 5535">
    <p class='ocr_par' dir='ltr' id='par_1_17' title="bbox 1176 4873 1975 5145">
     <span class='ocr_line' id='line_1_77' title="bbox 1215 4873 1975 4960; baseline -0.003 -24"><span class='ocrx_word' id='word_1_527' title='bbox 1215 4873 1393 4936; x_wconf 86' lang='lat' dir='ltr'><strong>Honorius</strong></span> <span class='ocrx_word' id='word_1_528' title='bbox 1421 4873 1610 4951; x_wconf 88' lang='lat' dir='ltr'><strong>episcopus,</strong></span> <span class='ocrx_word' id='word_1_529' title='bbox 1650 4889 1766 4960; x_wconf 82' lang='lat' dir='ltr'><strong>seruus</strong></span> <span class='ocrx_word' id='word_1_530' title='bbox 1804 4883 1975 4937; x_wconf 89' lang='lat' dir='ltr'><strong>servornm</strong></span> 
     </span>
     <span class='ocr_line' id='line_1_78' title="bbox 1176 4970 1974 5044; baseline -0.003 -10"><span class='ocrx_word' id='word_1_531' title='bbox 1176 4971 1246 5044; x_wconf 86' lang='lat' dir='ltr'><strong>Dei,</strong></span> <span class='ocrx_word' id='word_1_532' title='bbox 1269 4971 1444 5033; x_wconf 90' lang='lat' dir='ltr'><strong>carissimo</strong></span> <span class='ocrx_word' id='word_1_533' title='bbox 1467 4971 1502 5032; x_wconf 91' lang='lat' dir='ltr'><strong>ln</strong></span> <span class='ocrx_word' id='word_1_534' title='bbox 1525 4971 1655 5032; x_wconf 86' lang='lat' dir='ltr'><strong>Christo</strong></span> <span class='ocrx_word' id='word_1_535' title='bbox 1678 4970 1746 5033; x_wconf 89' lang='lat' dir='ltr'><strong>filio</strong></span> <span class='ocrx_word' id='word_1_536' title='bbox 1772 4975 1887 5033; x_wconf 89' lang='lat' dir='ltr'><strong>nostro</strong></span> <span class='ocrx_word' id='word_1_537' title='bbox 1911 4971 1974 5032; x_wconf 89' lang='lat' dir='ltr'><strong>Ph.</strong></span> 
     </span>
     <span class='ocr_line' id='line_1_79' title="bbox 1176 5067 1860 5145; baseline -0.001 -16"><span class='ocrx_word' id='word_1_538' title='bbox 1176 5069 1248 5145; x_wconf 88' lang='lat' dir='ltr'><strong>regi</strong></span> <span class='ocrx_word' id='word_1_539' title='bbox 1260 5071 1465 5132; x_wconf 81' lang='lat' dir='ltr'><strong>Francorum</strong></span> <span class='ocrx_word' id='word_1_540' title='bbox 1478 5069 1614 5136; x_wconf 87' lang='lat' dir='ltr'><strong>illustri,</strong></span> <span class='ocrx_word' id='word_1_541' title='bbox 1629 5067 1781 5140; x_wconf 88' lang='lat' dir='ltr'><strong>salutem,</strong></span> <span class='ocrx_word' id='word_1_542' title='bbox 1799 5070 1860 5130; x_wconf 89' lang='lat' dir='ltr'><strong>eto.</strong></span> 
     </span>
    </p>

    <p class='ocr_par' dir='ltr' id='par_1_18' title="bbox 1176 5163 1976 5535">
     <span class='ocr_line' id='line_1_80' title="bbox 1216 5163 1973 5243; baseline -0.004 -16"><span class='ocrx_word' id='word_1_543' title='bbox 1216 5169 1295 5240; x_wconf 90' lang='lat' dir='ltr'><strong>Deo,</strong></span> <span class='ocrx_word' id='word_1_544' title='bbox 1311 5165 1347 5227; x_wconf 92' lang='lat' dir='ltr'><strong>in</strong></span> <span class='ocrx_word' id='word_1_545' title='bbox 1362 5163 1456 5243; x_wconf 80' lang='lat' dir='ltr'><strong>qu&#39;us</strong></span> <span class='ocrx_word' id='word_1_546' title='bbox 1474 5167 1551 5226; x_wconf 91' lang='lat' dir='ltr'><strong>sunt</strong></span> <span class='ocrx_word' id='word_1_547' title='bbox 1564 5164 1716 5228; x_wconf 85' lang='lat' dir='ltr'><strong>manibus</strong></span> <span class='ocrx_word' id='word_1_548' title='bbox 1731 5165 1831 5228; x_wconf 89' lang='lat' dir='ltr'><strong>corda</strong></span> <span class='ocrx_word' id='word_1_549' title='bbox 1845 5179 1973 5240; x_wconf 89' lang='lat' dir='ltr'><strong>regum,</strong></span> 
     </span>
     <span class='ocr_line' id='line_1_81' title="bbox 1176 5261 1976 5340; baseline -0.005 -14"><span class='ocrx_word' id='word_1_550' title='bbox 1176 5265 1360 5340; x_wconf 89' lang='lat' dir='ltr'><strong>gratiarum</strong></span> <span class='ocrx_word' id='word_1_551' title='bbox 1386 5261 1561 5326; x_wconf 89' lang='lat' dir='ltr'><strong>referimus</strong></span> <span class='ocrx_word' id='word_1_552' title='bbox 1582 5263 1746 5335; x_wconf 89' lang='lat' dir='ltr'><strong>actiones,</strong></span> <span class='ocrx_word' id='word_1_553' title='bbox 1764 5262 1862 5339; x_wconf 86' lang='lat' dir='ltr'><strong>quod,</strong></span> <span class='ocrx_word' id='word_1_554' title='bbox 1880 5263 1976 5323; x_wconf 90' lang='lat' dir='ltr'><strong>ante-</strong></span> 
     </span>
     <span class='ocr_line' id='line_1_82' title="bbox 1176 5359 1975 5439; baseline -0.006 -14"><span class='ocrx_word' id='word_1_555' title='bbox 1176 5377 1275 5439; x_wconf 86' lang='lat' dir='ltr'><strong>quam</strong></span> <span class='ocrx_word' id='word_1_556' title='bbox 1293 5360 1413 5424; x_wconf 88' lang='lat' dir='ltr'><strong>litterae</strong></span> <span class='ocrx_word' id='word_1_557' title='bbox 1433 5360 1567 5432; x_wconf 86' lang='lat' dir='ltr'><strong>nostrae,</strong></span> <span class='ocrx_word' id='word_1_558' title='bbox 1591 5359 1710 5437; x_wconf 86' lang='lat' dir='ltr'><strong>quibus</strong></span> <span class='ocrx_word' id='word_1_559' title='bbox 1724 5361 1816 5420; x_wconf 92' lang='lat' dir='ltr'><strong>tuam</strong></span> <span class='ocrx_word' id='word_1_560' title='bbox 1833 5359 1975 5421; x_wconf 91' lang='lat' dir='ltr'><strong>incitare</strong></span> 
     </span>
     <span class='ocr_line' id='line_1_83' title="bbox 1176 5456 1976 5535; baseline -0.003 -15"><span class='ocrx_word' id='word_1_561' title='bbox 1176 5458 1458 5535; x_wconf 82' lang='lat' dir='ltr'><strong>magnificentiam</strong></span> <span class='ocrx_word' id='word_1_562' title='bbox 1479 5456 1690 5522; x_wconf 86' lang='lat' dir='ltr'><strong>studebamus</strong></span> <span class='ocrx_word' id='word_1_563' title='bbox 1710 5457 1751 5518; x_wconf 90' lang='lat' dir='ltr'><strong>ad</strong></span> <span class='ocrx_word' id='word_1_564' title='bbox 1774 5457 1976 5533; x_wconf 86' lang='lat' dir='ltr'><strong>perfidorum</strong></span> 
     </span>
    </p>
   </div>
   <div class='ocr_carea' id='block_1_17' title="bbox 363 5627 1864 5720">
    <p class='ocr_par' dir='ltr' id='par_1_19' title="bbox 363 5627 1864 5720">
     <span class='ocr_line' id='line_1_84' title="bbox 363 5627 1864 5720; baseline -0.001 -21"><span class='ocrx_word' id='word_1_565' title='bbox 363 5645 405 5720; x_wconf 85' lang='grc'><strong>(0)</strong></span> <span class='ocrx_word' id='word_1_566' title='bbox 421 5646 570 5704; x_wconf 79' lang='lat' dir='ltr'><strong>Guarinus.</strong></span> <span class='ocrx_word' id='word_1_567' title='bbox 610 5643 837 5720; x_wconf 79' lang='grc'><strong>(1)(1011101000.</strong></span> <span class='ocrx_word' id='word_1_568' title='bbox 876 5643 913 5719; x_wconf 81' lang='lat' dir='ltr'><strong>(c)</strong></span> <span class='ocrx_word' id='word_1_569' title='bbox 926 5647 1061 5704; x_wconf 84' lang='grc'><strong>1100000.</strong></span> <span class='ocrx_word' id='word_1_570' title='bbox 1102 5643 1148 5720; x_wconf 77' lang='lat' dir='ltr'><strong>(u)</strong></span> <span class='ocrx_word' id='word_1_571' title='bbox 1163 5642 1333 5719; x_wconf 74' lang='lat' dir='ltr'><strong>leopoldus.</strong></span> <span class='ocrx_word' id='word_1_572' title='bbox 1372 5641 1410 5718; x_wconf 79' lang='lat' dir='ltr'><strong>(a)</strong></span> <span class='ocrx_word' id='word_1_573' title='bbox 1427 5627 1605 5702; x_wconf 86' lang='lat' dir='ltr'><strong>Innocentio.</strong></span> <span class='ocrx_word' id='word_1_574' title='bbox 1645 5637 1864 5715; x_wconf 71' lang='grc'><strong>(1110000001.</strong></span> 
     </span>
    </p>
   </div>
   <div class='ocr_carea' id='block_1_18' title="bbox 0 0 2132 6404">
    <p class='ocr_par' dir='ltr' id='par_1_20' title="bbox 0 0 2132 6404">
     <span class='ocr_line' id='line_1_85' title="bbox 0 0 2132 6404; baseline 0 0"><span class='ocrx_word' id='word_1_575' title='bbox 0 0 2132 6404; x_wconf 95' lang='lat' dir='ltr'><strong> </strong></span> 
     </span>
    </p>
   </div>
  </div>
 </body>
</html>
