4280 6404
305 317 362 374 227
921 313 1097 376 HONORII
1119 313 1164 376 111
1186 313 1333 378 opulis.
1889 314 1950 376 228

304 475 365 546 tes,
380 487 442 534 nac
456 471 609 536 serentes
630 471 775 535 studium
791 470 993 543 Parisiense,
1010 469 1096 550 quod
1151 471 1216 550 ipsi
1240 472 1391 540 doctores
1416 483 1482 536 non
1505 472 1614 534 solum
1638 470 1755 545 verbo,
1778 469 1836 536 sed
1862 470 1950 534 iacto

306 569 465 634 doctrinae
489 569 697 632 suaelluenta
717 584 954 646 usquequaque
973 568 1100 630 diffun-
1152 584 1303 646 quoque,
1326 571 1474 632 nostram
1498 570 1702 633 audientiam
1729 569 1948 646 appellarant,

304 667 396 738 dens,
414 666 613 728 universalis
629 665 779 728 ecclesiae
793 666 917 728 terram
934 665 1054 741 irrigat
1065 667 1098 727 et
1152 681 1247 727 suum
1264 666 1304 727 ad
1321 682 1391 738 nos,
1408 668 1443 727 ut
1462 665 1661 735 dictumest,
1679 667 1836 728 nuncium
1852 666 1952 728 desti·

305 763 525 835 loecundatin
538 765 666 826 montes
681 762 814 834 Gelboe,
826 777 926 839 super
938 778 1020 839 quos
1035 778 1098 826 nac
1152 763 1273 835 nando,
1288 763 1395 838 prima
1415 763 1583 824 dominica
1601 764 1866 840 quadragesimae
1882 764 1949 824 tam

304 876 360 922 ros
376 860 474 930 cadit,
491 875 552 922 nec
571 859 696 936 pluvia,
715 859 918 922 commutare
938 859 1097 936 impetum
1153 860 1330 936 magistros
1343 876 1441 938 quam
1457 861 1639 932 scholares,
1656 861 1713 938 qui
1725 859 1951 922 fecerautcol·

303 957 450 1018 fluminis
488 957 544 1035 qui
575 957 743 1018 civitatem
772 957 903 1018 Domini
931 956 1095 1028 laetificat,
1151 956 1270 1018 lectam
1292 957 1347 1020 rel
1366 957 1537 1020 solverant
1558 958 1599 1019 ad
1616 957 1879 1035 prosequendam
1896 973 1952 1034 ap·

302 1069 435 1116 cursum
445 1054 604 1118 doctrinae
612 1053 768 1116 videlicet
779 1054 908 1126 sistere,
919 1069 1098 1131 praesump·
1153 1053 1365 1130 pollutionem
1406 1054 1611 1132 predictam,
1647 1054 1952 1117 excommunicatos

302 1152 428 1214 serunt.
1153 1148 1625 1226 ieceruntpuhlicenunciari,
1643 1149 1954 1212 undenecadcon-

345 1248 437 1310 Sicut
451 1247 540 1310 enim
560 1247 674 1324 gravis
691 1247 787 1312 nohis
807 1247 1001 1309 eorumdem
1010 1245 1098 1312 doc·
1154 1244 1310 1306 fessionis
1321 1246 1503 1309 remedium
1518 1247 1596 1308 sunt
1617 1245 1766 1308 admissi.
1784 1248 1871 1308 Sane
1886 1246 1951 1323 ipsi

303 1348 413 1409 torum
432 1345 640 1423 querimonia
657 1343 822 1423 patefecit,
844 1361 917 1406 cum
934 1359 1098 1421 procura·
1153 1341 1315 1414 doctores,
1330 1327 1430 1420 super
1445 1344 1497 1406 sui
1522 1344 1620 1404 ruina
1642 1343 1742 1406 studii
1762 1341 1950 1415 anxiantes,

302 1443 393 1504 tores
416 1442 566 1519 praedicti
590 1442 639 1504 eis
670 1441 775 1519 ipsius
796 1443 943 1519 episcopi
969 1441 1098 1504 litteras
1153 1439 1217 1515 ipsi
1230 1440 1432 1501 cancellario
1444 1442 1477 1502 et
1493 1441 1594 1504 sociis
1609 1443 1693 1518 eius,
1710 1455 1799 1502 nuno
1814 1440 1954 1502 univer-

303 1539 512 1613 0btulissent,
528 1540 736 1603 continentes
752 1539 839 1618 quod
860 1539 947 1600 idem
968 1540 1100 1616 episco-
1153 1536 1210 1608 sis,
1225 1552 1313 1598 nrinc
1328 1536 1481 1613 singulis,
1495 1537 1726 1615 supplicarunt
1738 1535 1953 1600 humiliteret

303 1653 375 1715 pus,
404 1637 568 1699 innovans
594 1637 628 1698 id
650 1637 737 1714 quod
763 1652 783 1698 a
807 1636 904 1698 honae
929 1635 1098 1698 memoria
1152 1633 1327 1705 instanter,
1346 1634 1381 1696 ut
1395 1635 1540 1711 rigorem
1563 1633 1754 1712 hujusmodi
1776 1634 1948 1710 tempera-

303 1734 483 1796 Ootaviano
509 1733 681 1796 Hostiensi
705 1734 873 1811 episcopo,
900 1732 1098 1810 Apostolicm
1152 1731 1243 1804 rent3
1270 1730 1327 1791 sed
1347 1746 1409 1792 nec
1433 1731 1513 1804 suis,
1536 1746 1598 1793 nec
1616 1730 1819 1792 venerahilis
1834 1730 1948 1792 fratris

302 1831 398 1892 Sedis
412 1831 532 1908 legate,
551 1833 584 1896 et
602 1831 847 1909 praedecessore
863 1830 1015 1907 jamdicti
1033 1833 1099 1894 Pa·
1153 1827 1259 1888 nostri
1270 1827 1530 1890 Silvanectensis
1539 1827 1698 1906 episcopi,
1711 1828 1744 1889 et
1753 1827 1948 1892 dilectorum

298 1929 452 1990 risiensis
467 1928 615 2006 episcopi
626 1925 753 2006 (odone
770 1927 810 1990 de
832 1926 1005 2006 sulliaco),
1022 1926 1097 1988 lac·
1153 1923 1297 1984 illiorum
1312 1924 1430 1986 decani
1453 1927 1487 1988 ot
1503 1925 1640 2002 capituli
1656 1924 1869 1994 parisiensis,
1891 1925 1948 2002 qui

300 2025 469 2097 tumeret,
486 2024 795 2087 excommunicabat
818 2040 933 2086 omnes
950 2025 1025 2086 illos
1041 2023 1097 2100 qui
1152 2036 1211 2096 pro
1226 2020 1275 2081 eis
1296 2021 1535 2084 intercessores
1555 2013 1698 2082 humiles
1722 2022 1946 2092 accesserunt,

302 2121 342 2182 de
358 2123 477 2184 caetero
492 2121 565 2182 sina
584 2137 747 2184 consensu
769 2121 802 2182 et
823 2121 1019 2184 auctoritate
1045 2121 1099 2197 ip·
1152 2117 1329 2192 potuerunt
1347 2117 1501 2194 precihus
1511 2117 1671 2190 obtinere,
1685 2121 1720 2180 ut
1730 2118 1861 2196 praesati
1875 2134 1951 2180 ma-

302 2218 383 2289 sius,
399 2215 452 2280 vel
468 2217 668 2283 Parisiensis
682 2217 845 2289 scobsiae,
868 2216 957 2280 circa
975 2217 1098 2280 statum
1151 2213 1249 2289 gistri
1262 2215 1296 2276 et
1309 2215 1479 2278 scholares
1495 2216 1618 2278 artium
1630 2217 1817 2293 reciperent
1829 2215 1951 2293 adpoe-

302 2314 549 2378 scholarumvel
556 2313 944 2391 magistrorumiacerent
951 2313 1097 2391 aliquam
1150 2311 1337 2382 nitentium,
1352 2327 1418 2372 non
1433 2311 1584 2374 obstante
1596 2312 1846 2375 denuntiatione
1860 2327 1949 2390 prm-

303 2411 657 2490 conspirationem‚seu
669 2411 938 2474 constitutionem
949 2410 1007 2494 qut
1018 2409 1099 2472 obli·
1151 2406 1250 2479 dicta,
1261 2423 1386 2470 cumea
1404 2406 1583 2486 appellatio
1599 2407 1748 2485 legitima
1763 2409 1949 2486 processis·

301 2502 467 2585 gationem
481 2508 869 2587 quemlihetjuramento
880 2507 935 2570 vel
954 2506 1097 2580 tide,seu
1152 2504 1212 2566 set.
1228 2499 1322 2566 Unda
1336 2519 1405 2581 prae
1434 2505 1629 2568 confusione
1648 2505 1748 2568 faciei
1769 2506 1803 2568 et
1825 2507 1946 2569 meniis

302 2607 369 2668 alia
385 2621 590 2686 quacumque
605 2621 714 2683 poena,
728 2603 903 2678 vallatam3
927 2603 990 2681 ipsi
1012 2603 1096 2666 doc·
1151 2600 1306 2676 angustia
1319 2600 1441 2664 defecit
1452 2601 1488 2663 in
1502 2602 1585 2679 ipsis
1601 2601 1794 2666 doctoribus
1810 2603 1948 2680 spiritus

303 2703 408 2776 toros,
437 2702 643 2764 attendentes
671 2701 756 2779 quod
779 2700 927 2779 aJusdam
949 2700 1096 2777 episcopi
1151 2696 1392 2774 adlegandum,
1410 2700 1452 2771 et,
1468 2699 1554 2776 quod
1571 2700 1668 2762 valde
1682 2700 1833 2762 dolentes
1851 2700 1950 2762 audi·

303 2799 427 2862 iactum
456 2797 659 2862 innitebatur
684 2797 771 2860 iacto
796 2797 979 2876 supradicti
1000 2796 1096 2874 opis·
1151 2795 1270 2867 rimus,
1287 2793 1427 2857 inomni
1448 2795 1604 2859 facultate
1624 2797 1700 2859 silet
1715 2797 1867 2860 Parisius
1882 2813 1949 2860 vox

305 2897 380 2974 copi
394 2895 591 2967 Hostiensis,
609 2898 681 2972 ejus
697 2910 798 2972 super
811 2895 875 2956 hoc
889 2895 1017 2956 litteras
1032 2893 1097 2955 sibi
1151 2889 1321 2964 doctrinae,
1348 2893 1391 2965 et,
1416 2897 1536 2970 negata
1555 2894 1819 2957 desiderantibus
1843 2894 1947 2970 poeni·

302 2991 801 3070 exhiheripetierunthumiliter
810 2992 844 3053 et
853 2991 1025 3063 instanter,
1035 3006 1097 3052 nec
1150 2987 1265 3057 tentia,
1284 2990 1452 3066 perceptio
1469 2991 1631 3052 Dominici
1653 2991 1803 3068 corporis
1820 2989 1951 3054 eisdem

301 3086 1096 3168 potueruntullatenusobtinere(1).Deiudecum
1152 3086 1186 3146 in
1201 3085 1273 3162 ipso
1284 3086 1464 3148 Dominicae
1478 3087 1733 3149 resurrectionis
1750 3087 1804 3148 dia
1814 3086 1946 3167 luitper

300 3185 415 3250 eadem
426 3185 612 3249 constantia
631 3185 834 3263 quaesierunt
852 3184 1097 3263 interpretatio·
1151 3184 1540 3261 consequensdenegata.
1552 3184 1714 3246 Gaeterum
1725 3184 1948 3246 cancellarius

300 3299 377 3346 uem
393 3284 526 3346 illorum
541 3280 728 3354 verborum,
749 3282 1017 3344 constitutionem
1039 3282 1097 3344 aut
1151 3278 1234 3356 ipsa,
1251 3293 1350 3357 super
1364 3279 1512 3342 dolorem
1531 3295 1645 3342 eorum
1660 3280 1782 3342 addere
1796 3295 1863 3342 non
1888 3280 1951 3344 de-

301 3379 536 3458 obligationem
553 3377 744 3456 quemlihet,
753 3379 863 3440 utrum
873 3377 1097 3440 videlicetin·
1152 3375 1283 3449 sistens,
1308 3377 1505 3453 contemptis
1527 3376 1659 3439 statutis
1674 3393 1748 3454 quae
1776 3391 1877 3454 super
1891 3377 1945 3438 his

300 3477 490 3554 telligerent
499 3475 702 3552 generaliter
720 3476 788 3536 tam
803 3474 843 3536 de
861 3475 1096 3538 constitutions
1152 3471 1238 3536 iacta
1254 3473 1388 3536 luerunt
1402 3487 1461 3552 per
1471 3473 1601 3550 judices
1616 3489 1637 3536 a
1657 3474 1742 3536 Sede
1756 3474 1949 3552 apostoliea

300 3574 403 3646 licita,
417 3574 492 3636 utili
511 3574 544 3636 et
561 3573 713 3644 honesta,
729 3587 827 3652 quam
843 3571 883 3634 de
897 3571 1027 3645 illicita,
1042 3588 1098 3636 er-
1151 3568 1332 3648 delegatos‚
1347 3571 1523 3648 magistros
1538 3569 1579 3632 ab
1592 3570 1701 3634 oliicio
1722 3587 1783 3636 suo
1805 3587 1950 3650 suspen-

301 3685 405 3734 rouea
434 3671 467 3732 et
494 3668 630 3745 injusta.
659 3667 784 3742 Quibus
809 3666 1094 3746 respondentibus,
1151 3664 1230 3730 dere
1251 3669 1285 3730 et
1311 3669 1480 3730 scholares
1511 3669 1703 3747 mancipare
1728 3669 1857 3733 carceri
1882 3684 1950 3732 non

302 3767 388 3844 quod
404 3764 843 3842 intelligebantgeneraliter
853 3765 895 3826 de
907 3766 996 3827 omni
1005 3765 1096 3830 licita
1151 3764 1296 3826 veretur.

302 3864 355 3926 vel
376 3863 505 3934 illicita,
526 3862 613 3924 bona
632 3861 685 3924 vel
709 3861 807 3932 mala,
832 3861 896 3938 ipsi
916 3877 1096 3938 gravamen
1192 3859 1351 3924 Nolentes
1366 3861 1469 3938 igitur
1480 3861 1608 3924 tantum
1622 3861 1841 3926 doctorumst
1855 3861 1950 3925 scho

301 3976 369 4022 non
384 3959 519 4021 dubium
530 3959 747 4028 attendentes,
759 3973 796 4019 se
805 3958 847 4018 ad
864 3957 1096 4036 appellationis
1152 3956 1274 4020 larium
1307 3959 1560 4036 saepedictorum
1587 3975 1786 4037 gravamen,
1821 3961 1950 4024 unum

301 4057 467 4134 retugium
482 4057 728 4118 converterunt.
1151 4066 1231 4114 vero
1248 4053 1355 4130 ipsius
1370 4053 1564 4116 cancellarii
1574 4055 1607 4116 at
1617 4054 1831 4132 praelatorum
1846 4054 1951 4118 socio-

339 4158 537 4227 Porro,oum
544 4153 585 4218 ad
590 4152 1098 4232 prosecutionemappallationis
1152 4165 1227 4210 rum
1242 4152 1315 4228 eJus
1329 4149 1554 4223 insolentiam,
1569 4151 1709 4214 ulterius
1721 4151 1781 4212 sub
1792 4151 1951 4213 dissimu-

301 4251 469 4329 praedictae
484 4251 570 4314 soret
581 4252 722 4313 nuncius
740 4251 782 4314 ad
798 4251 916 4314 sedem
930 4250 1100 4328 Apostoli·
1153 4245 1276 4310 latione
1286 4247 1442 4319 transire,
1454 4247 1814 4326 parapostolicavobis
1827 4249 1950 4326 scripta

301 4364 374 4412 cam
389 4347 617 4420 destinandus,
629 4350 663 4410 ot
677 4350 751 4410 sine
765 4349 904 4411 collecta
925 4348 1097 4410 universi·
1153 4343 1359 4416 mandamus,
1371 4345 1534 4422 quatenus
1544 4345 1721 4422 magistros
1732 4346 1765 4410 et
1777 4346 1950 4408 scholares

301 4445 354 4507 tas
367 4459 434 4518 pon
453 4441 591 4504 haberet
606 4459 780 4520 expensas,
797 4443 949 4519 magistri
973 4443 1100 4506 libera·
1154 4440 1255 4518 ipsos,
1270 4440 1400 4505 sublato
1414 4442 1648 4520 appellationis
1669 4442 1852 4514 obstaculo,
1868 4459 1951 4506 auc-

303 4541 386 4602 lium
401 4535 605 4614 artium,llde
617 4539 824 4616 interposita,
837 4555 873 4600 sa
886 4555 927 4602 ac
941 4555 1018 4602 suos
1029 4540 1100 4602 dis·
1153 4537 1287 4600 toritato
1312 4539 1427 4601 nostra
1448 4538 1579 4615 publica
1607 4540 1806 4602 nunciantes
1819 4540 1951 4626 'hujus-

305 4637 435 4716 cipulos
460 4635 690 4698 astrinxerunt
719 4634 761 4696 ad
790 4635 987 4698 servandum
1012 4637 1098 4714 quod
1154 4634 1243 4695 modi
1265 4636 1429 4698 sententia
1452 4651 1520 4697 non
1545 4636 1682 4713 ligatos,
1698 4652 1739 4698 ac
1762 4635 1952 4702 inhibentes

306 4749 405 4810 super
419 4733 513 4794 hoca
526 4733 597 4794 suis
609 4731 881 4809 procuratoribus
893 4734 1101 4810 contingeret
1155 4729 1316 4804 districte,
1339 4748 1381 4792 110
1407 4733 1481 4810 quis
1508 4732 1548 4793 de
1570 4736 1691 4796 caelero
1717 4734 1789 4796 siue
1813 4734 1950 4810 speciali

306 4829 466 4893 ordinari.
503 4831 648 4907 Cumque
677 4827 756 4890 dicti
785 4831 1017 4905 procuratores
1046 4831 1101 4893 in·
1154 4827 1463 4908 apostolicaesedis
1485 4830 1855 4907 mandatoinipscrum
1868 4831 1950 4892 uni-

302 4926 494 5005 junxissent
519 4925 656 4998 eisdem,
677 4926 714 4987 ut
734 4924 775 4986 ad
797 4940 961 5002 expensas
985 4929 1100 4990 nuncii
1154 4925 1347 4991 versitatem
1359 4926 1444 4988 tales
1457 4925 1601 4990 audeant
1616 4927 1952 5006 sentemiaspromul-

307 5023 493 5086 destinandi
508 5023 754 5100 contingentem
777 5021 962 5086 tribuerent
975 5025 1101 5101 portio-
1154 5038 1245 5100 gara,
1274 5022 1458 5100 injungatis
1484 5023 1671 5102 saepedictis
1695 5025 1896 5089 cancellario
1918 5026 1952 5088 et

305 5119 443 5191 namet,
454 5119 548 5198 ipsis,
561 5120 646 5196 quod
662 5121 846 5197 injunctum
863 5119 981 5192 iuerat,
993 5121 1102 5182 adim·
1155 5120 1255 5196 sociis
1266 5121 1349 5195 ejus,
1358 5121 1394 5182 ut
1403 5119 1475 5196 ipse
1483 5119 1706 5184 cancellarius
1716 5121 1949 5198 personaliter,

306 5217 482 5296 plentihus,
497 5217 640 5278 nuncius
654 5217 726 5294 ipse
738 5217 802 5280 iter
814 5213 855 5279 ad
869 5231 931 5280 nos
945 5217 1101 5280 veniendi
1155 5215 1332 5294 complices
1353 5231 1435 5280 uero
1453 5220 1528 5294 ejus
1546 5233 1606 5296 per
1623 5219 1855 5296 procuratores
1871 5217 1950 5282 ido·

302 5314 498 5392 jamdudum
509 5315 597 5377 esset
611 5328 798 5390 aggressus,
809 5312 958 5390 praedicti
973 5314 1102 5376 caucel-
1155 5329 1246 5384 neos,
1259 5312 1295 5374 in
1306 5313 1432 5376 octavis
1446 5315 1482 5376 B.
1495 5314 1669 5378 Michaelis
1682 5315 1855 5392 proximis,
1867 5330 1951 5393 quas

305 5412 412 5476 larius
434 5411 467 5476 et
490 5410 668 5488 complices
689 5411 777 5486 ejus,
803 5411 991 5488 contempto
1015 5413 1100 5490 quod
1155 5410 1204 5472 eis
1219 5409 1475 5488 peremptorium
1488 5411 1901 5490 assignamusapostollco
1914 5427 1951 5474 sa

341 5613 381 5685 (l)
396 5613 607 5672 Recurrendum
620 5611 654 5670 ad
666 5613 736 5670 elias
747 5611 863 5670 lionorii
873 5611 982 5672 litteras
997 5611 1032 5672 ad
1044 5611 1212 5685 archiepisc.
1223 5611 1445 5686 liothomagen„
1455 5627 1502 5685 ep.
1513 5612 1565 5670 llo
1578 5611 1663 5686 huius
1674 5612 1842 5684 lib.1ll,col.
1852 5614 1912 5672 lli.
