<?xml version="1.0" encoding="UTF-8"?>
<!DOCTYPE html PUBLIC "-//W3C//DTD XHTML 1.0 Transitional//EN"
    "http://www.w3.org/TR/xhtml1/DTD/xhtml1-transitional.dtd">
<html xmlns="http://www.w3.org/1999/xhtml" xml:lang="en" lang="en">
 <head>
  <title>
</title>
<meta http-equiv="Content-Type" content="text/html;charset=utf-8" />
  <meta name='ocr-system' content='tesseract 3.04.00' />
  <meta name='ocr-capabilities' content='ocr_page ocr_carea ocr_par ocr_line ocrx_word'/>
</head>
<body>
  <div class='ocr_page' id='page_1' title='image "./mediiaevibiblio03bottgoog_0126.png"; bbox 0 0 4280 6404; ppageno 0'>
   <div class='ocr_carea' id='block_1_1' title="bbox 180 317 1828 384">
    <p class='ocr_par' dir='ltr' id='par_1_1' title="bbox 180 317 1828 384">
     <span class='ocr_line' id='line_1_1' title="bbox 180 317 1828 384; baseline -0.001 0"><span class='ocrx_word' id='word_1_1' title='bbox 180 322 239 384; x_wconf 81' lang='lat'>229</span> <span class='ocrx_word' id='word_1_2' title='bbox 803 317 1031 380; x_wconf 80' lang='lat' dir='ltr'>EPISTOLAE.</span> <span class='ocrx_word' id='word_1_3' title='bbox 1055 319 1133 380; x_wconf 87' lang='lat' dir='ltr'>LIB.</span> <span class='ocrx_word' id='word_1_4' title='bbox 1157 321 1213 382; x_wconf 89' lang='lat'>111.</span> <span class='ocrx_word' id='word_1_5' title='bbox 1767 324 1828 382; x_wconf 73' lang='lat'>230</span> 
     </span>
    </p>
   </div>
   <div class='ocr_carea' id='block_1_2' title="bbox 180 476 1826 848">
    <p class='ocr_par' dir='ltr' id='par_1_2' title="bbox 180 476 1826 848">
     <span class='ocr_line' id='line_1_2' title="bbox 183 476 1824 558; baseline 0.001 -16"><span class='ocrx_word' id='word_1_6' title='bbox 183 477 376 556; x_wconf 87' lang='lat' dir='ltr'>conspectui</span> <span class='ocrx_word' id='word_1_7' title='bbox 394 477 644 556; x_wconf 71' lang='lat' dir='ltr'>repraesentent,</span> <span class='ocrx_word' id='word_1_8' title='bbox 657 478 693 540; x_wconf 91' lang='grc'>31</span> <span class='ocrx_word' id='word_1_9' title='bbox 707 492 807 556; x_wconf 90' lang='lat' dir='ltr'>super</span> <span class='ocrx_word' id='word_1_10' title='bbox 819 476 976 554; x_wconf 80' lang='grc'>33311313</span> <span class='ocrx_word' id='word_1_11' title='bbox 1031 477 1158 556; x_wconf 89' lang='lat' dir='ltr'>inqua</span> <span class='ocrx_word' id='word_1_12' title='bbox 1186 476 1300 540; x_wconf 80' lang='lat' dir='ltr'>divino</span> <span class='ocrx_word' id='word_1_13' title='bbox 1326 477 1408 539; x_wconf 90' lang='lat' dir='ltr'>estis</span> <span class='ocrx_word' id='word_1_14' title='bbox 1442 477 1600 558; x_wconf 87' lang='lat' dir='ltr'>obsequio</span> <span class='ocrx_word' id='word_1_15' title='bbox 1632 481 1824 558; x_wconf 88' lang='lat' dir='ltr'>mancipati,</span> 
     </span>
     <span class='ocr_line' id='line_1_3' title="bbox 180 573 1826 654; baseline 0.001 -16"><span class='ocrx_word' id='word_1_16' title='bbox 180 575 974 652; x_wconf 72' lang='grc'>1333311133333333,3133133331,3333333331,</span> <span class='ocrx_word' id='word_1_17' title='bbox 1031 590 1105 636; x_wconf 92' lang='lat' dir='ltr'>cum</span> <span class='ocrx_word' id='word_1_18' title='bbox 1122 573 1275 636; x_wconf 89' lang='lat' dir='ltr'>omnibus</span> <span class='ocrx_word' id='word_1_19' title='bbox 1298 574 1405 642; x_wconf 87' lang='lat' dir='ltr'>bonis,</span> <span class='ocrx_word' id='word_1_20' title='bbox 1420 590 1494 652; x_wconf 87' lang='lat' dir='ltr'>qnae</span> <span class='ocrx_word' id='word_1_21' title='bbox 1512 575 1548 636; x_wconf 93' lang='lat' dir='ltr'>in</span> <span class='ocrx_word' id='word_1_22' title='bbox 1574 577 1826 654; x_wconf 70' lang='lat' dir='ltr'>presentiarum</span> 
     </span>
     <span class='ocr_line' id='line_1_4' title="bbox 181 671 1826 750; baseline 0.001 -16"><span class='ocrx_word' id='word_1_23' title='bbox 181 674 241 735; x_wconf 91' lang='grc'>331</span> <span class='ocrx_word' id='word_1_24' title='bbox 272 673 424 733; x_wconf 88' lang='lat' dir='ltr'>meritam</span> <span class='ocrx_word' id='word_1_25' title='bbox 460 672 606 734; x_wconf 89' lang='lat' dir='ltr'>sentiant</span> <span class='ocrx_word' id='word_1_26' title='bbox 634 672 809 744; x_wconf 91' lang='lat' dir='ltr'>ultionem,</span> <span class='ocrx_word' id='word_1_27' title='bbox 839 672 977 750; x_wconf 87' lang='lat' dir='ltr'>ipseque</span> <span class='ocrx_word' id='word_1_28' title='bbox 1030 671 1274 735; x_wconf 86' lang='lat' dir='ltr'>rationabiliter</span> <span class='ocrx_word' id='word_1_29' title='bbox 1281 671 1437 750; x_wconf 90' lang='lat' dir='ltr'>possidat,</span> <span class='ocrx_word' id='word_1_30' title='bbox 1451 674 1508 734; x_wconf 89' lang='grc'>331</span> <span class='ocrx_word' id='word_1_31' title='bbox 1521 673 1555 734; x_wconf 90' lang='grc'>13</span> <span class='ocrx_word' id='word_1_32' title='bbox 1567 671 1715 734; x_wconf 84' lang='lat' dir='ltr'>futurum</span> <span class='ocrx_word' id='word_1_33' title='bbox 1725 675 1826 750; x_wconf 90' lang='lat' dir='ltr'>justis</span> 
     </span>
     <span class='ocr_line' id='line_1_5' title="bbox 182 768 1825 848; baseline -0.001 -16"><span class='ocrx_word' id='word_1_34' title='bbox 182 769 403 832; x_wconf 87' lang='lat' dir='ltr'>cancellarius</span> <span class='ocrx_word' id='word_1_35' title='bbox 429 768 551 830; x_wconf 86' lang='lat' dir='ltr'>samam</span> <span class='ocrx_word' id='word_1_36' title='bbox 575 785 680 842; x_wconf 88' lang='lat' dir='ltr'>suam,</span> <span class='ocrx_word' id='word_1_37' title='bbox 706 785 780 846; x_wconf 89' lang='lat' dir='ltr'>quae</span> <span class='ocrx_word' id='word_1_38' title='bbox 806 769 892 847; x_wconf 89' lang='lat' dir='ltr'>apud</span> <span class='ocrx_word' id='word_1_39' title='bbox 916 785 976 830; x_wconf 88' lang='lat' dir='ltr'>nos</span> <span class='ocrx_word' id='word_1_40' title='bbox 1031 769 1148 838; x_wconf 91' lang='lat' dir='ltr'>modis,</span> <span class='ocrx_word' id='word_1_41' title='bbox 1163 769 1340 846; x_wconf 88' lang='lat' dir='ltr'>praestante</span> <span class='ocrx_word' id='word_1_42' title='bbox 1365 769 1515 842; x_wconf 88' lang='lat' dir='ltr'>Domino,</span> <span class='ocrx_word' id='word_1_43' title='bbox 1539 770 1661 846; x_wconf 88' lang='lat' dir='ltr'>poterit</span> <span class='ocrx_word' id='word_1_44' title='bbox 1672 770 1825 848; x_wconf 90' lang='lat' dir='ltr'>adipisci,</span> 
     </span>
    </p>
   </div>
   <div class='ocr_carea' id='block_1_3' title="bbox 181 863 1934 950">
    <p class='ocr_par' dir='ltr' id='par_1_3' title="bbox 181 863 1934 950">
     <span class='ocr_line' id='line_1_6' title="bbox 181 863 1934 950; baseline 0 -21"><span class='ocrx_word' id='word_1_45' title='bbox 181 867 410 943; x_wconf 90' lang='lat' dir='ltr'>multipliciter</span> <span class='ocrx_word' id='word_1_46' title='bbox 420 868 470 929; x_wconf 89' lang='lat' dir='ltr'>est</span> <span class='ocrx_word' id='word_1_47' title='bbox 481 868 631 942; x_wconf 82' lang='lat' dir='ltr'>gravata,</span> <span class='ocrx_word' id='word_1_48' title='bbox 644 868 787 938; x_wconf 89' lang='lat' dir='ltr'>tueatur,</span> <span class='ocrx_word' id='word_1_49' title='bbox 805 867 833 928; x_wconf 90' lang='lat' dir='ltr'>si</span> <span class='ocrx_word' id='word_1_50' title='bbox 844 865 974 944; x_wconf 86' lang='lat' dir='ltr'>poterit,</span> <span class='ocrx_word' id='word_1_51' title='bbox 1031 863 1092 926; x_wconf 88' lang='lat' dir='ltr'>sub</span> <span class='ocrx_word' id='word_1_52' title='bbox 1113 863 1201 928; x_wconf 90' lang='lat' dir='ltr'>beati</span> <span class='ocrx_word' id='word_1_53' title='bbox 1217 864 1308 926; x_wconf 91' lang='lat' dir='ltr'>Patri</span> <span class='ocrx_word' id='word_1_54' title='bbox 1324 865 1359 926; x_wconf 91' lang='lat' dir='ltr'>et</span> <span class='ocrx_word' id='word_1_55' title='bbox 1372 866 1485 926; x_wconf 87' lang='lat' dir='ltr'>nostra</span> <span class='ocrx_word' id='word_1_56' title='bbox 1501 865 1705 942; x_wconf 85' lang='lat' dir='ltr'>protectione</span> <span class='ocrx_word' id='word_1_57' title='bbox 1720 867 1828 929; x_wconf 89' lang='lat' dir='ltr'>susci·</span> <span class='ocrx_word' id='word_1_58' title='bbox 1932 945 1934 950; x_wconf 16' lang='grc' dir='ltr'><strong><em>Δ</em></strong></span> 
     </span>
    </p>
   </div>
   <div class='ocr_carea' id='block_1_4' title="bbox 182 961 1829 1333">
    <p class='ocr_par' dir='ltr' id='par_1_4' title="bbox 182 961 1829 1333">
     <span class='ocr_line' id='line_1_7' title="bbox 183 961 1827 1042; baseline -0.001 -14"><span class='ocrx_word' id='word_1_59' title='bbox 183 965 241 1028; x_wconf 89' lang='grc'>331</span> <span class='ocrx_word' id='word_1_60' title='bbox 261 964 449 1042; x_wconf 89' lang='lat' dir='ltr'>iniquitatis</span> <span class='ocrx_word' id='word_1_61' title='bbox 469 979 538 1026; x_wconf 85' lang='lat' dir='ltr'>suae</span> <span class='ocrx_word' id='word_1_62' title='bbox 553 963 697 1026; x_wconf 86' lang='lat' dir='ltr'>vinculis</span> <span class='ocrx_word' id='word_1_63' title='bbox 717 964 974 1039; x_wconf 81' lang='lat' dir='ltr'>constringatur.</span> <span class='ocrx_word' id='word_1_64' title='bbox 1032 961 1156 1038; x_wconf 83' lang='lat' dir='ltr'>pimus3</span> <span class='ocrx_word' id='word_1_65' title='bbox 1169 961 1360 1038; x_wconf 87' lang='lat' dir='ltr'>specialiter</span> <span class='ocrx_word' id='word_1_66' title='bbox 1369 962 1652 1025; x_wconf 85' lang='lat' dir='ltr'>autemdecimam</span> <span class='ocrx_word' id='word_1_67' title='bbox 1668 966 1827 1042; x_wconf 88' lang='lat' dir='ltr'>majorem</span> 
     </span>
     <span class='ocr_line' id='line_1_8' title="bbox 182 1058 1829 1139; baseline -0.001 -15"><span class='ocrx_word' id='word_1_68' title='bbox 182 1062 232 1124; x_wconf 86' lang='lat' dir='ltr'>Ad</span> <span class='ocrx_word' id='word_1_69' title='bbox 255 1061 328 1124; x_wconf 85' lang='grc'>1333</span> <span class='ocrx_word' id='word_1_70' title='bbox 351 1061 533 1139; x_wconf 80' lang='lat' dir='ltr'>injungatis</span> <span class='ocrx_word' id='word_1_71' title='bbox 560 1061 770 1124; x_wconf 84' lang='lat' dir='ltr'>universitati</span> <span class='ocrx_word' id='word_1_72' title='bbox 793 1061 975 1129; x_wconf 88' lang='lat' dir='ltr'>doctorum,</span> <span class='ocrx_word' id='word_1_73' title='bbox 1031 1073 1071 1120; x_wconf 90' lang='lat' dir='ltr'>ac</span> <span class='ocrx_word' id='word_1_74' title='bbox 1085 1058 1258 1130; x_wconf 89' lang='lat' dir='ltr'>minutam,</span> <span class='ocrx_word' id='word_1_75' title='bbox 1272 1074 1334 1120; x_wconf 88' lang='lat' dir='ltr'>nec</span> <span class='ocrx_word' id='word_1_76' title='bbox 1357 1073 1423 1120; x_wconf 92' lang='lat' dir='ltr'>non</span> <span class='ocrx_word' id='word_1_77' title='bbox 1436 1074 1556 1122; x_wconf 91' lang='lat' dir='ltr'>census</span> <span class='ocrx_word' id='word_1_78' title='bbox 1570 1059 1612 1121; x_wconf 88' lang='grc'>31</span> <span class='ocrx_word' id='word_1_79' title='bbox 1634 1060 1829 1122; x_wconf 86' lang='grc'>131311133-</span> 
     </span>
     <span class='ocr_line' id='line_1_9' title="bbox 183 1155 1829 1235; baseline 0.001 -16"><span class='ocrx_word' id='word_1_80' title='bbox 183 1159 268 1222; x_wconf 90' lang='lat' dir='ltr'>utet</span> <span class='ocrx_word' id='word_1_81' title='bbox 285 1157 350 1234; x_wconf 84' lang='grc'>1331</span> <span class='ocrx_word' id='word_1_82' title='bbox 365 1159 597 1234; x_wconf 82' lang='lat' dir='ltr'>procuratores</span> <span class='ocrx_word' id='word_1_83' title='bbox 619 1174 696 1220; x_wconf 90' lang='lat' dir='ltr'>suos</span> <span class='ocrx_word' id='word_1_84' title='bbox 710 1159 843 1235; x_wconf 89' lang='lat' dir='ltr'>propter</span> <span class='ocrx_word' id='word_1_85' title='bbox 857 1157 920 1220; x_wconf 89' lang='lat' dir='ltr'>hoc</span> <span class='ocrx_word' id='word_1_86' title='bbox 935 1158 976 1220; x_wconf 87' lang='lat' dir='ltr'>ad</span> <span class='ocrx_word' id='word_1_87' title='bbox 1030 1155 1119 1218; x_wconf 86' lang='lat' dir='ltr'>tibus</span> <span class='ocrx_word' id='word_1_88' title='bbox 1129 1156 1218 1216; x_wconf 86' lang='lat' dir='ltr'>villae</span> <span class='ocrx_word' id='word_1_89' title='bbox 1230 1155 1300 1216; x_wconf 89' lang='lat' dir='ltr'>sive</span> <span class='ocrx_word' id='word_1_90' title='bbox 1316 1155 1482 1234; x_wconf 86' lang='lat' dir='ltr'>parochiae</span> <span class='ocrx_word' id='word_1_91' title='bbox 1498 1155 1736 1231; x_wconf 89' lang='lat' dir='ltr'>Thoraltensis,</span> <span class='ocrx_word' id='word_1_92' title='bbox 1750 1159 1829 1220; x_wconf 91' lang='lat' dir='ltr'>red-</span> 
     </span>
     <span class='ocr_line' id='line_1_10' title="bbox 183 1253 1827 1333; baseline -0.001 -15"><span class='ocrx_word' id='word_1_93' title='bbox 183 1273 247 1318; x_wconf 87' lang='grc'>333</span> <span class='ocrx_word' id='word_1_94' title='bbox 268 1255 401 1318; x_wconf 86' lang='lat' dir='ltr'>mittant</span> <span class='ocrx_word' id='word_1_95' title='bbox 417 1255 559 1318; x_wconf 90' lang='lat' dir='ltr'>termino</span> <span class='ocrx_word' id='word_1_96' title='bbox 579 1255 817 1333; x_wconf 85' lang='lat' dir='ltr'>suprascripto.</span> <span class='ocrx_word' id='word_1_97' title='bbox 837 1255 928 1328; x_wconf 87' lang='lat' dir='ltr'>Quod</span> <span class='ocrx_word' id='word_1_98' title='bbox 948 1255 977 1316; x_wconf 90' lang='lat' dir='ltr'>si</span> <span class='ocrx_word' id='word_1_99' title='bbox 1031 1253 1120 1315; x_wconf 87' lang='lat' dir='ltr'>ditus</span> <span class='ocrx_word' id='word_1_100' title='bbox 1137 1253 1372 1324; x_wconf 90' lang='lat' dir='ltr'>nundinarum,</span> <span class='ocrx_word' id='word_1_101' title='bbox 1383 1253 1481 1330; x_wconf 89' lang='lat' dir='ltr'>atqua</span> <span class='ocrx_word' id='word_1_102' title='bbox 1492 1253 1576 1316; x_wconf 90' lang='lat' dir='ltr'>alios</span> <span class='ocrx_word' id='word_1_103' title='bbox 1587 1255 1642 1332; x_wconf 92' lang='lat' dir='ltr'>qui</span> <span class='ocrx_word' id='word_1_104' title='bbox 1656 1256 1827 1318; x_wconf 87' lang='lat' dir='ltr'>Kermisse</span> 
     </span>
    </p>
   </div>
   <div class='ocr_carea' id='block_1_5' title="bbox 184 1353 974 1528">
    <p class='ocr_par' dir='ltr' id='par_1_5' title="bbox 184 1353 974 1528">
     <span class='ocr_line' id='line_1_11' title="bbox 184 1353 974 1429; baseline 0.003 -15"><span class='ocrx_word' id='word_1_105' title='bbox 184 1369 252 1414; x_wconf 90' lang='lat' dir='ltr'>non</span> <span class='ocrx_word' id='word_1_106' title='bbox 264 1368 387 1414; x_wconf 88' lang='lat' dir='ltr'>omnes</span> <span class='ocrx_word' id='word_1_107' title='bbox 395 1397 415 1413; x_wconf 92' lang='lat'>..</span> <span class='ocrx_word' id='word_1_108' title='bbox 424 1355 543 1414; x_wconf 87' lang='lat' dir='ltr'>Datum</span> <span class='ocrx_word' id='word_1_109' title='bbox 555 1355 679 1425; x_wconf 87' lang='lat' dir='ltr'>Romae,</span> <span class='ocrx_word' id='word_1_110' title='bbox 690 1353 776 1429; x_wconf 92' lang='lat' dir='ltr'>apud</span> <span class='ocrx_word' id='word_1_111' title='bbox 788 1355 821 1416; x_wconf 87' lang='lat' dir='ltr'>S.</span> <span class='ocrx_word' id='word_1_112' title='bbox 829 1354 974 1424; x_wconf 89' lang='lat' dir='ltr'>Petrum,</span> 
     </span>
     <span class='ocr_line' id='line_1_12' title="bbox 184 1449 974 1528; baseline -0.001 -17"><span class='ocrx_word' id='word_1_113' title='bbox 184 1452 213 1511; x_wconf 87' lang='lat' dir='ltr'>V</span> <span class='ocrx_word' id='word_1_114' title='bbox 225 1449 300 1512; x_wconf 88' lang='lat' dir='ltr'>idus</span> <span class='ocrx_word' id='word_1_115' title='bbox 314 1449 405 1522; x_wconf 86' lang='lat' dir='ltr'>maii,</span> <span class='ocrx_word' id='word_1_116' title='bbox 417 1449 629 1528; x_wconf 86' lang='lat' dir='ltr'>pontificatus</span> <span class='ocrx_word' id='word_1_117' title='bbox 641 1450 748 1512; x_wconf 88' lang='lat' dir='ltr'>nostri</span> <span class='ocrx_word' id='word_1_118' title='bbox 763 1465 850 1512; x_wconf 90' lang='lat' dir='ltr'>anno</span> <span class='ocrx_word' id='word_1_119' title='bbox 865 1449 974 1513; x_wconf 87' lang='grc'>133113.</span> 
     </span>
    </p>
   </div>
   <div class='ocr_carea' id='block_1_6' title="bbox 485 1615 677 1704">
    <p class='ocr_par' dir='ltr' id='par_1_6' title="bbox 485 1615 677 1704">
     <span class='ocr_line' id='line_1_13' title="bbox 485 1615 677 1704; baseline 0.01 -2"><span class='ocrx_word' id='word_1_120' title='bbox 485 1615 677 1704; x_wconf 80' lang='lat' dir='ltr'>CCXVIII</span> 
     </span>
    </p>
   </div>
   <div class='ocr_carea' id='block_1_7' title="bbox 203 1751 955 1824">
    <p class='ocr_par' dir='ltr' id='par_1_7' title="bbox 203 1751 955 1824">
     <span class='ocr_line' id='line_1_14' title="bbox 203 1751 955 1824; baseline -0.003 -12"><span class='ocrx_word' id='word_1_121' title='bbox 203 1752 256 1812; x_wconf 82' lang='lat' dir='ltr'>Ad</span> <span class='ocrx_word' id='word_1_122' title='bbox 272 1751 465 1812; x_wconf 72' lang='grc'>1133113333</span> <span class='ocrx_word' id='word_1_123' title='bbox 482 1753 684 1824; x_wconf 78' lang='grc'>3331133133.</span> <span class='ocrx_word' id='word_1_124' title='bbox 708 1753 955 1812; x_wconf 66' lang='lat' dir='ltr'>carcanensem.</span> 
     </span>
    </p>
   </div>
   <div class='ocr_carea' id='block_1_8' title="bbox 275 1862 899 2034">
    <p class='ocr_par' dir='ltr' id='par_1_8' title="bbox 275 1862 899 2034">
     <span class='ocr_line' id='line_1_15' title="bbox 478 1862 685 1920; baseline 0.01 -2"><span class='ocrx_word' id='word_1_125' title='bbox 478 1863 510 1918; x_wconf 96' lang='grc'>11</span> <span class='ocrx_word' id='word_1_126' title='bbox 524 1862 593 1919; x_wconf 81' lang='lat' dir='ltr'>maii</span> <span class='ocrx_word' id='word_1_127' title='bbox 606 1863 685 1920; x_wconf 78' lang='lat' dir='ltr'>lala.</span> 
     </span>
     <span class='ocr_line' id='line_1_16' title="bbox 275 1967 899 2034; baseline 0 -16"><span class='ocrx_word' id='word_1_128' title='bbox 275 1967 404 2034; x_wconf 75' lang='grc'>11131333,</span> <span class='ocrx_word' id='word_1_129' title='bbox 422 1967 587 2018; x_wconf 81' lang='grc'>1133333313</span> <span class='ocrx_word' id='word_1_130' title='bbox 600 1967 725 2026; x_wconf 82' lang='lat' dir='ltr'>Potonie,</span> <span class='ocrx_word' id='word_1_131' title='bbox 738 1967 759 2026; x_wconf 93' lang='lat' dir='ltr'>l,</span> <span class='ocrx_word' id='word_1_132' title='bbox 767 1968 791 2026; x_wconf 83' lang='grc'>1,</span> <span class='ocrx_word' id='word_1_133' title='bbox 812 1981 838 2022; x_wconf 88' lang='lat' dir='ltr'>n.</span> <span class='ocrx_word' id='word_1_134' title='bbox 848 1967 899 2034; x_wconf 86' lang='grc'>11,]</span> 
     </span>
    </p>
   </div>
   <div class='ocr_carea' id='block_1_9' title="bbox 182 2059 1000 3319">
    <p class='ocr_par' dir='ltr' id='par_1_9' title="bbox 184 2059 978 2235">
     <span class='ocr_line' id='line_1_17' title="bbox 184 2059 978 2149; baseline -0.003 -15"><span class='ocrx_word' id='word_1_135' title='bbox 184 2059 439 2147; x_wconf 76' lang='lat' dir='ltr'>archiepiscopum</span> <span class='ocrx_word' id='word_1_136' title='bbox 458 2075 656 2132; x_wconf 86' lang='lat' dir='ltr'>Gnezneuscm</span> <span class='ocrx_word' id='word_1_137' title='bbox 673 2089 689 2132; x_wconf 91' lang='grc'>3</span> <span class='ocrx_word' id='word_1_138' title='bbox 708 2075 861 2149; x_wconf 79' lang='lat' dir='ltr'>legationis</span> <span class='ocrx_word' id='word_1_139' title='bbox 883 2073 978 2132; x_wconf 88' lang='grc'>311313</span> 
     </span>
     <span class='ocr_line' id='line_1_18' title="bbox 352 2162 813 2235; baseline 0.004 -15"><span class='ocrx_word' id='word_1_140' title='bbox 352 2163 381 2220; x_wconf 88' lang='grc'>13</span> <span class='ocrx_word' id='word_1_141' title='bbox 399 2162 526 2235; x_wconf 84' lang='lat' dir='ltr'>partibus</span> <span class='ocrx_word' id='word_1_142' title='bbox 544 2165 667 2220; x_wconf 86' lang='lat' dir='ltr'>Prussiae</span> <span class='ocrx_word' id='word_1_143' title='bbox 683 2163 813 2224; x_wconf 81' lang='lat' dir='ltr'>absolvit.</span> 
     </span>
    </p>

    <p class='ocr_par' dir='ltr' id='par_1_10' title="bbox 186 2270 1000 2541">
     <span class='ocr_line' id='line_1_19' title="bbox 226 2270 978 2347; baseline 0 -15"><span class='ocrx_word' id='word_1_144' title='bbox 226 2270 395 2332; x_wconf 88' lang='lat' dir='ltr'>Honorius</span> <span class='ocrx_word' id='word_1_145' title='bbox 409 2270 713 2347; x_wconf 83' lang='lat' dir='ltr'>episcopusservus</span> <span class='ocrx_word' id='word_1_146' title='bbox 735 2287 906 2335; x_wconf 84' lang='lat' dir='ltr'>servorum</span> <span class='ocrx_word' id='word_1_147' title='bbox 919 2271 978 2333; x_wconf 88' lang='lat' dir='ltr'>Dei</span> 
     </span>
     <span class='ocr_line' id='line_1_20' title="bbox 187 2366 977 2446; baseline -0.003 -16"><span class='ocrx_word' id='word_1_148' title='bbox 187 2366 771 2446; x_wconf 82' lang='lat' dir='ltr'>venerabililratri...archiepiscopo</span> <span class='ocrx_word' id='word_1_149' title='bbox 779 2369 977 2441; x_wconf 77' lang='lat' dir='ltr'>tineznensi,</span> 
     </span>
     <span class='ocr_line' id='line_1_21' title="bbox 186 2449 1000 2541; baseline 0.004 -15"><span class='ocrx_word' id='word_1_150' title='bbox 186 2465 327 2528; x_wconf 88' lang='lat' dir='ltr'>salutem</span> <span class='ocrx_word' id='word_1_151' title='bbox 345 2466 378 2527; x_wconf 90' lang='lat' dir='ltr'>et</span> <span class='ocrx_word' id='word_1_152' title='bbox 391 2465 608 2541; x_wconf 88' lang='lat' dir='ltr'>apostolicam</span> <span class='ocrx_word' id='word_1_153' title='bbox 623 2465 896 2528; x_wconf 86' lang='lat' dir='ltr'>benedictionem.</span> <span class='ocrx_word' id='word_1_154' title='bbox 990 2449 1000 2468; x_wconf 73' lang='lat'>⁸</span> 
     </span>
    </p>

    <p class='ocr_par' dir='ltr' id='par_1_11' title="bbox 182 2561 982 3319">
     <span class='ocr_line' id='line_1_22' title="bbox 226 2561 978 2640; baseline 0.001 -17"><span class='ocrx_word' id='word_1_155' title='bbox 226 2563 305 2624; x_wconf 86' lang='lat' dir='ltr'>Cum</span> <span class='ocrx_word' id='word_1_156' title='bbox 327 2561 388 2623; x_wconf 87' lang='lat' dir='ltr'>tibi</span> <span class='ocrx_word' id='word_1_157' title='bbox 401 2561 480 2623; x_wconf 95' lang='lat' dir='ltr'>olim</span> <span class='ocrx_word' id='word_1_158' title='bbox 501 2577 561 2638; x_wconf 90' lang='lat' dir='ltr'>pro</span> <span class='ocrx_word' id='word_1_159' title='bbox 577 2563 708 2624; x_wconf 84' lang='lat' dir='ltr'>novella</span> <span class='ocrx_word' id='word_1_160' title='bbox 723 2563 929 2640; x_wconf 88' lang='lat' dir='ltr'>plantatione</span> <span class='ocrx_word' id='word_1_161' title='bbox 943 2563 978 2624; x_wconf 91' lang='lat' dir='ltr'>in</span> 
     </span>
     <span class='ocr_line' id='line_1_23' title="bbox 186 2658 979 2742; baseline -0.001 -21"><span class='ocrx_word' id='word_1_162' title='bbox 186 2660 334 2742; x_wconf 85' lang='lat' dir='ltr'>Prnssiae</span> <span class='ocrx_word' id='word_1_163' title='bbox 345 2658 494 2735; x_wconf 87' lang='lat' dir='ltr'>partibus</span> <span class='ocrx_word' id='word_1_164' title='bbox 509 2659 586 2720; x_wconf 84' lang='lat' dir='ltr'>ildei</span> <span class='ocrx_word' id='word_1_165' title='bbox 595 2658 786 2722; x_wconf 84' lang='lat' dir='ltr'>christianae</span> <span class='ocrx_word' id='word_1_166' title='bbox 801 2660 979 2736; x_wconf 80' lang='lat' dir='ltr'>legationis</span> 
     </span>
     <span class='ocr_line' id='line_1_24' title="bbox 185 2755 980 2834; baseline 0 -17"><span class='ocrx_word' id='word_1_167' title='bbox 185 2755 286 2818; x_wconf 87' lang='grc'>133311</span> <span class='ocrx_word' id='word_1_168' title='bbox 297 2755 442 2817; x_wconf 84' lang='lat' dir='ltr'>cilicium</span> <span class='ocrx_word' id='word_1_169' title='bbox 456 2755 500 2817; x_wconf 89' lang='lat' dir='ltr'>ab</span> <span class='ocrx_word' id='word_1_170' title='bbox 512 2756 702 2834; x_wconf 83' lang='lat' dir='ltr'>Apostolica</span> <span class='ocrx_word' id='word_1_171' title='bbox 725 2757 809 2818; x_wconf 87' lang='lat' dir='ltr'>Sada</span> <span class='ocrx_word' id='word_1_172' title='bbox 824 2757 980 2819; x_wconf 88' lang='lat' dir='ltr'>commis-</span> 
     </span>
     <span class='ocr_line' id='line_1_25' title="bbox 188 2853 977 2929; baseline 0 -15"><span class='ocrx_word' id='word_1_173' title='bbox 188 2869 272 2925; x_wconf 85' lang='lat' dir='ltr'>sum,</span> <span class='ocrx_word' id='word_1_174' title='bbox 302 2867 344 2914; x_wconf 90' lang='lat' dir='ltr'>ne</span> <span class='ocrx_word' id='word_1_175' title='bbox 362 2853 396 2915; x_wconf 86' lang='lat' dir='ltr'>te</span> <span class='ocrx_word' id='word_1_176' title='bbox 423 2853 518 2929; x_wconf 78' lang='lat' dir='ltr'>grani</span> <span class='ocrx_word' id='word_1_177' title='bbox 547 2853 642 2925; x_wconf 87' lang='grc'>13313,</span> <span class='ocrx_word' id='word_1_178' title='bbox 672 2854 758 2915; x_wconf 87' lang='grc'>31331</span> <span class='ocrx_word' id='word_1_179' title='bbox 779 2855 977 2926; x_wconf 87' lang='lat' dir='ltr'>audivimus,</span> 
     </span>
     <span class='ocr_line' id='line_1_26' title="bbox 186 2949 981 3028; baseline 0 -18"><span class='ocrx_word' id='word_1_180' title='bbox 186 2950 349 3026; x_wconf 79' lang='lat' dir='ltr'>languora</span> <span class='ocrx_word' id='word_1_181' title='bbox 361 2951 512 3027; x_wconf 86' lang='lat' dir='ltr'>correpto</span> <span class='ocrx_word' id='word_1_182' title='bbox 521 2949 631 3010; x_wconf 90' lang='lat' dir='ltr'>minus</span> <span class='ocrx_word' id='word_1_183' title='bbox 646 2966 745 3027; x_wconf 90' lang='lat' dir='ltr'>quam</span> <span class='ocrx_word' id='word_1_184' title='bbox 758 2951 914 3028; x_wconf 80' lang='lat' dir='ltr'>expediat</span> <span class='ocrx_word' id='word_1_185' title='bbox 927 2953 981 3011; x_wconf 89' lang='lat' dir='ltr'>in-</span> 
     </span>
     <span class='ocr_line' id='line_1_27' title="bbox 182 3045 980 3124; baseline 0 -16"><span class='ocrx_word' id='word_1_186' title='bbox 182 3049 331 3124; x_wconf 88' lang='lat' dir='ltr'>jnnctam</span> <span class='ocrx_word' id='word_1_187' title='bbox 343 3045 403 3107; x_wconf 88' lang='lat' dir='ltr'>tibi</span> <span class='ocrx_word' id='word_1_188' title='bbox 416 3062 516 3123; x_wconf 90' lang='grc'>33333</span> <span class='ocrx_word' id='word_1_189' title='bbox 528 3046 712 3110; x_wconf 81' lang='lat' dir='ltr'>hocvaleas</span> <span class='ocrx_word' id='word_1_190' title='bbox 723 3046 980 3110; x_wconf 84' lang='lat' dir='ltr'>sollicitudinem</span> 
     </span>
     <span class='ocr_line' id='line_1_28' title="bbox 187 3142 982 3212; baseline 0.003 -8"><span class='ocrx_word' id='word_1_191' title='bbox 187 3157 357 3212; x_wconf 84' lang='lat' dir='ltr'>exercere,</span> <span class='ocrx_word' id='word_1_192' title='bbox 383 3142 619 3207; x_wconf 86' lang='lat' dir='ltr'>absolvendum</span> <span class='ocrx_word' id='word_1_193' title='bbox 644 3143 678 3206; x_wconf 91' lang='lat' dir='ltr'>te</span> <span class='ocrx_word' id='word_1_194' title='bbox 692 3145 848 3208; x_wconf 83' lang='lat' dir='ltr'>duximus</span> <span class='ocrx_word' id='word_1_195' title='bbox 866 3144 908 3206; x_wconf 90' lang='lat' dir='ltr'>ab</span> <span class='ocrx_word' id='word_1_196' title='bbox 923 3160 982 3206; x_wconf 89' lang='lat' dir='ltr'>aa·</span> 
     </span>
     <span class='ocr_line' id='line_1_29' title="bbox 189 3240 981 3319; baseline 0 -18"><span class='ocrx_word' id='word_1_197' title='bbox 189 3240 274 3312; x_wconf 91' lang='lat' dir='ltr'>dem,</span> <span class='ocrx_word' id='word_1_198' title='bbox 291 3240 440 3302; x_wconf 83' lang='lat' dir='ltr'>volentes</span> <span class='ocrx_word' id='word_1_199' title='bbox 466 3243 503 3304; x_wconf 91' lang='lat' dir='ltr'>ut</span> <span class='ocrx_word' id='word_1_200' title='bbox 523 3240 565 3302; x_wconf 90' lang='lat' dir='ltr'>ab</span> <span class='ocrx_word' id='word_1_201' title='bbox 585 3241 776 3318; x_wconf 87' lang='lat' dir='ltr'>hujusmodi</span> <span class='ocrx_word' id='word_1_202' title='bbox 805 3241 981 3319; x_wconf 79' lang='lat' dir='ltr'>legationis</span> 
     </span>
    </p>
   </div>
   <div class='ocr_carea' id='block_1_10' title="bbox 1030 1350 1829 2688">
    <p class='ocr_par' dir='ltr' id='par_1_12' title="bbox 1030 1350 1827 1816">
     <span class='ocr_line' id='line_1_30' title="bbox 1030 1350 1827 1429; baseline 0.005 -17"><span class='ocrx_word' id='word_1_203' title='bbox 1030 1351 1203 1423; x_wconf 79' lang='lat' dir='ltr'>vocantur,</span> <span class='ocrx_word' id='word_1_204' title='bbox 1219 1350 1314 1412; x_wconf 84' lang='lat' dir='ltr'>vobis</span> <span class='ocrx_word' id='word_1_205' title='bbox 1338 1351 1573 1429; x_wconf 84' lang='lat' dir='ltr'>competentes,</span> <span class='ocrx_word' id='word_1_206' title='bbox 1590 1367 1630 1414; x_wconf 89' lang='lat' dir='ltr'>ac</span> <span class='ocrx_word' id='word_1_207' title='bbox 1650 1351 1718 1414; x_wconf 92' lang='grc'>3113</span> <span class='ocrx_word' id='word_1_208' title='bbox 1739 1353 1827 1417; x_wconf 88' lang='lat' dir='ltr'>bona</span> 
     </span>
     <span class='ocr_line' id='line_1_31' title="bbox 1030 1448 1825 1528; baseline 0.005 -20"><span class='ocrx_word' id='word_1_209' title='bbox 1030 1448 1152 1520; x_wconf 83' lang='lat' dir='ltr'>vestra,</span> <span class='ocrx_word' id='word_1_210' title='bbox 1166 1449 1299 1510; x_wconf 88' lang='lat' dir='ltr'>sicutoa</span> <span class='ocrx_word' id='word_1_211' title='bbox 1310 1448 1401 1526; x_wconf 88' lang='lat' dir='ltr'>juste</span> <span class='ocrx_word' id='word_1_212' title='bbox 1420 1464 1459 1510; x_wconf 91' lang='grc'>33</span> <span class='ocrx_word' id='word_1_213' title='bbox 1485 1448 1623 1526; x_wconf 88' lang='grc'>3331133</span> <span class='ocrx_word' id='word_1_214' title='bbox 1638 1449 1825 1528; x_wconf 87' lang='grc'>3333113113,</span> 
     </span>
     <span class='ocr_line' id='line_1_32' title="bbox 1030 1544 1825 1624; baseline 0.003 -18"><span class='ocrx_word' id='word_1_215' title='bbox 1030 1544 1124 1606; x_wconf 88' lang='lat' dir='ltr'>vobis</span> <span class='ocrx_word' id='word_1_216' title='bbox 1137 1547 1170 1608; x_wconf 91' lang='lat' dir='ltr'>et</span> <span class='ocrx_word' id='word_1_217' title='bbox 1184 1545 1351 1624; x_wconf 86' lang='lat' dir='ltr'>praedictae</span> <span class='ocrx_word' id='word_1_218' title='bbox 1366 1545 1518 1607; x_wconf 91' lang='lat' dir='ltr'>ecclesiae</span> <span class='ocrx_word' id='word_1_219' title='bbox 1532 1549 1652 1608; x_wconf 88' lang='lat' dir='ltr'>vestrae</span> <span class='ocrx_word' id='word_1_220' title='bbox 1675 1548 1825 1611; x_wconf 89' lang='lat' dir='ltr'>auctori-</span> 
     </span>
     <span class='ocr_line' id='line_1_33' title="bbox 1030 1641 1826 1721; baseline 0.005 -19"><span class='ocrx_word' id='word_1_221' title='bbox 1030 1641 1099 1704; x_wconf 87' lang='lat' dir='ltr'>tate</span> <span class='ocrx_word' id='word_1_222' title='bbox 1125 1642 1315 1720; x_wconf 80' lang='grc'>1333131133</span> <span class='ocrx_word' id='word_1_223' title='bbox 1340 1642 1574 1704; x_wconf 82' lang='lat' dir='ltr'>confirmamus</span> <span class='ocrx_word' id='word_1_224' title='bbox 1600 1645 1633 1706; x_wconf 90' lang='lat' dir='ltr'>at</span> <span class='ocrx_word' id='word_1_225' title='bbox 1651 1645 1826 1721; x_wconf 85' lang='lat' dir='ltr'>praesentis</span> 
     </span>
     <span class='ocr_line' id='line_1_34' title="bbox 1032 1739 1613 1816; baseline 0 -17"><span class='ocrx_word' id='word_1_226' title='bbox 1032 1739 1146 1816; x_wconf 92' lang='lat' dir='ltr'>scripti</span> <span class='ocrx_word' id='word_1_227' title='bbox 1162 1739 1348 1816; x_wconf 88' lang='lat' dir='ltr'>patrocinio</span> <span class='ocrx_word' id='word_1_228' title='bbox 1361 1739 1613 1804; x_wconf 85' lang='lat' dir='ltr'>communimus.</span> 
     </span>
    </p>

    <p class='ocr_par' dir='ltr' id='par_1_13' title="bbox 1032 1835 1829 2479">
     <span class='ocr_line' id='line_1_35' title="bbox 1072 1835 1827 1914; baseline 0.001 -16"><span class='ocrx_word' id='word_1_229' title='bbox 1072 1835 1163 1898; x_wconf 92' lang='lat' dir='ltr'>Nulli</span> <span class='ocrx_word' id='word_1_230' title='bbox 1178 1852 1257 1914; x_wconf 82' lang='lat' dir='ltr'>ergo</span> <span class='ocrx_word' id='word_1_231' title='bbox 1272 1837 1407 1899; x_wconf 89' lang='lat' dir='ltr'>omnino</span> <span class='ocrx_word' id='word_1_232' title='bbox 1422 1837 1593 1898; x_wconf 89' lang='lat' dir='ltr'>hominnm</span> <span class='ocrx_word' id='word_1_233' title='bbox 1617 1836 1717 1900; x_wconf 89' lang='lat' dir='ltr'>liceat</span> <span class='ocrx_word' id='word_1_234' title='bbox 1741 1837 1827 1900; x_wconf 90' lang='lat' dir='ltr'>hanc</span> 
     </span>
     <span class='ocr_line' id='line_1_36' title="bbox 1032 1933 1827 2012; baseline 0.004 -17"><span class='ocrx_word' id='word_1_235' title='bbox 1032 1933 1189 2012; x_wconf 84' lang='lat' dir='ltr'>paginam</span> <span class='ocrx_word' id='word_1_236' title='bbox 1204 1937 1326 1996; x_wconf 73' lang='lat' dir='ltr'>nostre</span> <span class='ocrx_word' id='word_1_237' title='bbox 1348 1933 1563 2010; x_wconf 88' lang='lat' dir='ltr'>protectionis</span> <span class='ocrx_word' id='word_1_238' title='bbox 1585 1949 1625 1995; x_wconf 91' lang='grc'>33</span> <span class='ocrx_word' id='word_1_239' title='bbox 1646 1935 1827 1998; x_wconf 83' lang='lat' dir='ltr'>conflrma-</span> 
     </span>
     <span class='ocr_line' id='line_1_37' title="bbox 1032 2029 1829 2106; baseline 0 -14"><span class='ocrx_word' id='word_1_240' title='bbox 1032 2029 1133 2092; x_wconf 90' lang='lat' dir='ltr'>tionis</span> <span class='ocrx_word' id='word_1_241' title='bbox 1145 2030 1340 2106; x_wconf 78' lang='lat' dir='ltr'>infringere,</span> <span class='ocrx_word' id='word_1_242' title='bbox 1357 2031 1410 2092; x_wconf 85' lang='lat' dir='ltr'>val</span> <span class='ocrx_word' id='word_1_243' title='bbox 1425 2031 1456 2091; x_wconf 93' lang='grc'>31</span> <span class='ocrx_word' id='word_1_244' title='bbox 1466 2046 1551 2092; x_wconf 87' lang='grc'>3333</span> <span class='ocrx_word' id='word_1_245' title='bbox 1565 2032 1743 2094; x_wconf 85' lang='grc'>1313333313</span> <span class='ocrx_word' id='word_1_246' title='bbox 1753 2048 1829 2094; x_wconf 87' lang='grc'>333·</span> 
     </span>
     <span class='ocr_line' id='line_1_38' title="bbox 1032 2125 1828 2204; baseline 0.003 -18"><span class='ocrx_word' id='word_1_247' title='bbox 1032 2125 1146 2187; x_wconf 90' lang='grc'>133133.</span> <span class='ocrx_word' id='word_1_248' title='bbox 1165 2127 1200 2187; x_wconf 90' lang='lat' dir='ltr'>Si</span> <span class='ocrx_word' id='word_1_249' title='bbox 1228 2127 1303 2202; x_wconf 89' lang='lat' dir='ltr'>quis</span> <span class='ocrx_word' id='word_1_250' title='bbox 1327 2128 1439 2187; x_wconf 88' lang='lat' dir='ltr'>autem</span> <span class='ocrx_word' id='word_1_251' title='bbox 1465 2126 1528 2187; x_wconf 91' lang='lat' dir='ltr'>hoc</span> <span class='ocrx_word' id='word_1_252' title='bbox 1551 2128 1715 2189; x_wconf 87' lang='lat' dir='ltr'>attentare</span> <span class='ocrx_word' id='word_1_253' title='bbox 1736 2141 1828 2204; x_wconf 89' lang='lat' dir='ltr'>prae·</span> 
     </span>
     <span class='ocr_line' id='line_1_39' title="bbox 1033 2221 1828 2301; baseline 0.001 -18"><span class='ocrx_word' id='word_1_254' title='bbox 1033 2223 1212 2300; x_wconf 88' lang='lat' dir='ltr'>sumpserit</span> <span class='ocrx_word' id='word_1_255' title='bbox 1233 2221 1494 2300; x_wconf 82' lang='lat' dir='ltr'>indignationem</span> <span class='ocrx_word' id='word_1_256' title='bbox 1520 2223 1754 2301; x_wconf 89' lang='lat' dir='ltr'>omnipotentis</span> <span class='ocrx_word' id='word_1_257' title='bbox 1769 2223 1828 2286; x_wconf 80' lang='grc'>1131</span> 
     </span>
     <span class='ocr_line' id='line_1_40' title="bbox 1033 2319 1828 2398; baseline 0 -18"><span class='ocrx_word' id='word_1_258' title='bbox 1033 2321 1066 2382; x_wconf 89' lang='grc'>31</span> <span class='ocrx_word' id='word_1_259' title='bbox 1077 2319 1249 2382; x_wconf 87' lang='lat' dir='ltr'>beatorum</span> <span class='ocrx_word' id='word_1_260' title='bbox 1264 2319 1394 2382; x_wconf 87' lang='lat' dir='ltr'>Petriet</span> <span class='ocrx_word' id='word_1_261' title='bbox 1407 2319 1505 2382; x_wconf 87' lang='lat' dir='ltr'>Pauli</span> <span class='ocrx_word' id='word_1_262' title='bbox 1520 2321 1712 2398; x_wconf 89' lang='lat' dir='ltr'>apostoloru</span> <span class='ocrx_word' id='word_1_263' title='bbox 1724 2337 1746 2382; x_wconf 88' lang='grc'>3</span> <span class='ocrx_word' id='word_1_264' title='bbox 1756 2323 1828 2398; x_wconf 90' lang='lat' dir='ltr'>ejus</span> 
     </span>
     <span class='ocr_line' id='line_1_41' title="bbox 1034 2418 1446 2479; baseline -0.002 -2"><span class='ocrx_word' id='word_1_265' title='bbox 1034 2433 1070 2478; x_wconf 90' lang='lat' dir='ltr'>sa</span> <span class='ocrx_word' id='word_1_266' title='bbox 1083 2418 1446 2479; x_wconf 82' lang='lat' dir='ltr'>novaritincnrsurum.</span> 
     </span>
    </p>

    <p class='ocr_par' dir='ltr' id='par_1_14' title="bbox 1033 2512 1827 2688">
     <span class='ocr_line' id='line_1_42' title="bbox 1073 2512 1827 2590; baseline -0.003 -14"><span class='ocrx_word' id='word_1_267' title='bbox 1073 2517 1192 2576; x_wconf 90' lang='lat' dir='ltr'>Datum</span> <span class='ocrx_word' id='word_1_268' title='bbox 1200 2517 1312 2576; x_wconf 83' lang='lat' dir='ltr'>Romae</span> <span class='ocrx_word' id='word_1_269' title='bbox 1321 2514 1407 2590; x_wconf 89' lang='lat' dir='ltr'>apud</span> <span class='ocrx_word' id='word_1_270' title='bbox 1418 2513 1575 2576; x_wconf 88' lang='lat' dir='ltr'>Sanctum</span> <span class='ocrx_word' id='word_1_271' title='bbox 1586 2515 1720 2576; x_wconf 89' lang='lat' dir='ltr'>Petrum</span> <span class='ocrx_word' id='word_1_272' title='bbox 1728 2512 1827 2575; x_wconf 90' lang='lat' dir='ltr'>tertio</span> 
     </span>
     <span class='ocr_line' id='line_1_43' title="bbox 1033 2609 1789 2688; baseline -0.007 -15"><span class='ocrx_word' id='word_1_273' title='bbox 1033 2611 1109 2673; x_wconf 91' lang='lat' dir='ltr'>idus</span> <span class='ocrx_word' id='word_1_274' title='bbox 1124 2611 1216 2684; x_wconf 86' lang='lat' dir='ltr'>maii,</span> <span class='ocrx_word' id='word_1_275' title='bbox 1233 2611 1445 2688; x_wconf 83' lang='lat' dir='ltr'>pontificatus</span> <span class='ocrx_word' id='word_1_276' title='bbox 1460 2609 1564 2673; x_wconf 89' lang='lat' dir='ltr'>nostri</span> <span class='ocrx_word' id='word_1_277' title='bbox 1577 2625 1665 2671; x_wconf 90' lang='lat' dir='ltr'>anno</span> <span class='ocrx_word' id='word_1_278' title='bbox 1679 2609 1789 2672; x_wconf 89' lang='lat' dir='ltr'>tertio.</span> 
     </span>
    </p>
   </div>
   <div class='ocr_carea' id='block_1_11' title="bbox 1368 2768 1498 2856">
    <p class='ocr_par' dir='ltr' id='par_1_15' title="bbox 1368 2768 1498 2856">
     <span class='ocr_line' id='line_1_44' title="bbox 1368 2768 1498 2856; baseline 0.008 -1"><span class='ocrx_word' id='word_1_279' title='bbox 1368 2768 1498 2856; x_wconf 90' lang='lat' dir='ltr'>CCXX</span> 
     </span>
    </p>
   </div>
   <div class='ocr_carea' id='block_1_12' title="bbox 1100 2904 1749 2980">
    <p class='ocr_par' dir='ltr' id='par_1_16' title="bbox 1100 2904 1749 2980">
     <span class='ocr_line' id='line_1_45' title="bbox 1100 2904 1749 2980; baseline -0.005 -15"><span class='ocrx_word' id='word_1_280' title='bbox 1100 2905 1152 2965; x_wconf 86' lang='lat' dir='ltr'>Ad</span> <span class='ocrx_word' id='word_1_281' title='bbox 1166 2904 1363 2978; x_wconf 72' lang='lat' dir='ltr'>Philippum</span> <span class='ocrx_word' id='word_1_282' title='bbox 1381 2907 1600 2964; x_wconf 68' lang='lat' dir='ltr'>Francorum</span> <span class='ocrx_word' id='word_1_283' title='bbox 1619 2913 1749 2980; x_wconf 76' lang='lat' dir='ltr'>repara.</span> 
     </span>
    </p>
   </div>
   <div class='ocr_carea' id='block_1_13' title="bbox 1036 3013 1894 3286">
    <p class='ocr_par' dir='ltr' id='par_1_17' title="bbox 1036 3013 1894 3286">
     <span class='ocr_line' id='line_1_46' title="bbox 1329 3013 1538 3072; baseline -0.01 0"><span class='ocrx_word' id='word_1_284' title='bbox 1329 3015 1363 3072; x_wconf 82' lang='grc'>15</span> <span class='ocrx_word' id='word_1_285' title='bbox 1377 3015 1444 3071; x_wconf 79' lang='lat' dir='ltr'>maii</span> <span class='ocrx_word' id='word_1_286' title='bbox 1459 3013 1538 3072; x_wconf 75' lang='grc'>1119.</span> 
     </span>
     <span class='ocr_line' id='line_1_47' title="bbox 1183 3117 1687 3186; baseline -0.008 -14"><span class='ocrx_word' id='word_1_287' title='bbox 1183 3122 1319 3186; x_wconf 68' lang='lat' dir='ltr'>[conquat</span> <span class='ocrx_word' id='word_1_288' title='bbox 1330 3121 1388 3172; x_wconf 83' lang='grc'>1133.</span> <span class='ocrx_word' id='word_1_289' title='bbox 1399 3119 1442 3170; x_wconf 84' lang='lat' dir='ltr'>dea</span> <span class='ocrx_word' id='word_1_290' title='bbox 1460 3121 1525 3172; x_wconf 86' lang='lat' dir='ltr'>llist.</span> <span class='ocrx_word' id='word_1_291' title='bbox 1538 3117 1606 3178; x_wconf 84' lang='lat' dir='ltr'>x1x,</span> <span class='ocrx_word' id='word_1_292' title='bbox 1618 3118 1687 3183; x_wconf 83' lang='grc'>111]</span> 
     </span>
     <span class='ocr_line' id='line_1_48' title="bbox 1036 3206 1894 3286; baseline -0.006 -8"><span class='ocrx_word' id='word_1_293' title='bbox 1036 3221 1132 3278; x_wconf 83' lang='lat' dir='ltr'>Monet</span> <span class='ocrx_word' id='word_1_294' title='bbox 1145 3219 1297 3284; x_wconf 84' lang='lat' dir='ltr'>Honorius,</span> <span class='ocrx_word' id='word_1_295' title='bbox 1310 3223 1341 3273; x_wconf 90' lang='grc'>31</span> <span class='ocrx_word' id='word_1_296' title='bbox 1349 3222 1451 3274; x_wconf 88' lang='lat' dir='ltr'>caveat</span> <span class='ocrx_word' id='word_1_297' title='bbox 1462 3230 1521 3286; x_wconf 85' lang='lat' dir='ltr'>rex,</span> <span class='ocrx_word' id='word_1_298' title='bbox 1533 3227 1579 3284; x_wconf 90' lang='grc'>33,</span> <span class='ocrx_word' id='word_1_299' title='bbox 1591 3228 1608 3272; x_wconf 96' lang='grc'>3</span> <span class='ocrx_word' id='word_1_300' title='bbox 1619 3214 1768 3274; x_wconf 80' lang='lat' dir='ltr'>Tolosanis</span> <span class='ocrx_word' id='word_1_301' title='bbox 1779 3213 1830 3274; x_wconf 89' lang='lat' dir='ltr'>ds·</span> <span class='ocrx_word' id='word_1_302' title='bbox 1891 3206 1894 3214; x_wconf 89' lang='grc'>’</span> 
     </span>
    </p>
   </div>
   <div class='ocr_carea' id='block_1_14' title="bbox 1071 3302 1834 3630">
    <p class='ocr_par' dir='ltr' id='par_1_18' title="bbox 1071 3302 1834 3630">
     <span class='ocr_line' id='line_1_49' title="bbox 1071 3302 1834 3376; baseline -0.007 -12"><span class='ocrx_word' id='word_1_303' title='bbox 1071 3307 1178 3376; x_wconf 81' lang='lat' dir='ltr'>linitam,</span> <span class='ocrx_word' id='word_1_304' title='bbox 1190 3307 1220 3362; x_wconf 92' lang='lat' dir='ltr'>in</span> <span class='ocrx_word' id='word_1_305' title='bbox 1230 3306 1316 3364; x_wconf 88' lang='lat' dir='ltr'>alium</span> <span class='ocrx_word' id='word_1_306' title='bbox 1330 3304 1603 3376; x_wconf 69' lang='lat' dir='ltr'>conscripsitquem</span> <span class='ocrx_word' id='word_1_307' title='bbox 1613 3302 1785 3360; x_wconf 84' lang='lat' dir='ltr'>llmalricum</span> <span class='ocrx_word' id='word_1_308' title='bbox 1797 3302 1834 3361; x_wconf 91' lang='lat' dir='ltr'>de</span> 
     </span>
     <span class='ocr_line' id='line_1_50' title="bbox 1072 3390 1832 3463; baseline -0.007 -10"><span class='ocrx_word' id='word_1_309' title='bbox 1072 3392 1244 3462; x_wconf 83' lang='lat' dir='ltr'>llontelorti,</span> <span class='ocrx_word' id='word_1_310' title='bbox 1270 3393 1423 3450; x_wconf 87' lang='lat' dir='ltr'>comitatus</span> <span class='ocrx_word' id='word_1_311' title='bbox 1446 3390 1580 3450; x_wconf 80' lang='lat' dir='ltr'>Tolosani</span> <span class='ocrx_word' id='word_1_312' title='bbox 1605 3391 1832 3463; x_wconf 86' lang='lat' dir='ltr'>possessionem,</span> 
     </span>
     <span class='ocr_line' id='line_1_51' title="bbox 1072 3477 1833 3556; baseline -0.009 -14"><span class='ocrx_word' id='word_1_313' title='bbox 1072 3498 1159 3556; x_wconf 89' lang='lat' dir='ltr'>quam</span> <span class='ocrx_word' id='word_1_314' title='bbox 1175 3481 1243 3540; x_wconf 90' lang='lat' dir='ltr'>olim</span> <span class='ocrx_word' id='word_1_315' title='bbox 1258 3495 1307 3538; x_wconf 83' lang='lat' dir='ltr'>rex</span> <span class='ocrx_word' id='word_1_316' title='bbox 1327 3481 1388 3553; x_wconf 91' lang='lat' dir='ltr'>ipse</span> <span class='ocrx_word' id='word_1_317' title='bbox 1409 3479 1521 3538; x_wconf 87' lang='lat' dir='ltr'>Simoni</span> <span class='ocrx_word' id='word_1_318' title='bbox 1538 3477 1574 3536; x_wconf 88' lang='lat' dir='ltr'>de</span> <span class='ocrx_word' id='word_1_319' title='bbox 1590 3477 1750 3540; x_wconf 85' lang='lat' dir='ltr'>llontelorti</span> <span class='ocrx_word' id='word_1_320' title='bbox 1764 3491 1833 3536; x_wconf 88' lang='lat' dir='ltr'>con·</span> 
     </span>
     <span class='ocr_line' id='line_1_52' title="bbox 1074 3578 1211 3630; baseline -0.022 0"><span class='ocrx_word' id='word_1_321' title='bbox 1074 3578 1211 3630; x_wconf 84' lang='grc'>33333331.</span> 
     </span>
    </p>
   </div>
   <div class='ocr_carea' id='block_1_15' title="bbox 188 3337 980 3607">
    <p class='ocr_par' dir='ltr' id='par_1_19' title="bbox 188 3337 980 3607">
     <span class='ocr_line' id='line_1_53' title="bbox 188 3337 759 3423; baseline 0.005 -25"><span class='ocrx_word' id='word_1_322' title='bbox 188 3353 291 3398; x_wconf 88' lang='grc'>33333</span> <span class='ocrx_word' id='word_1_323' title='bbox 305 3337 346 3398; x_wconf 89' lang='grc'>13</span> <span class='ocrx_word' id='word_1_324' title='bbox 361 3339 480 3400; x_wconf 88' lang='lat' dir='ltr'>caetero</span> <span class='ocrx_word' id='word_1_325' title='bbox 495 3338 722 3415; x_wconf 86' lang='lat' dir='ltr'>conquiescas.</span> <span class='ocrx_word' id='word_1_326' title='bbox 758 3419 759 3423; x_wconf 7' lang='grc' dir='ltr'><strong>Ἰ</strong></span> 
     </span>
     <span class='ocr_line' id='line_1_54' title="bbox 229 3435 980 3511; baseline 0.004 -16"><span class='ocrx_word' id='word_1_327' title='bbox 229 3436 348 3496; x_wconf 85' lang='lat' dir='ltr'>Datum</span> <span class='ocrx_word' id='word_1_328' title='bbox 381 3437 494 3496; x_wconf 87' lang='lat' dir='ltr'>Romae</span> <span class='ocrx_word' id='word_1_329' title='bbox 529 3435 615 3511; x_wconf 90' lang='lat' dir='ltr'>apud</span> <span class='ocrx_word' id='word_1_330' title='bbox 646 3435 803 3498; x_wconf 87' lang='lat' dir='ltr'>Sanctum</span> <span class='ocrx_word' id='word_1_331' title='bbox 835 3437 980 3508; x_wconf 89' lang='lat' dir='ltr'>Petrum,</span> 
     </span>
     <span class='ocr_line' id='line_1_55' title="bbox 188 3528 980 3607; baseline 0 -15"><span class='ocrx_word' id='word_1_332' title='bbox 188 3528 302 3592; x_wconf 83' lang='lat' dir='ltr'>Vidua</span> <span class='ocrx_word' id='word_1_333' title='bbox 317 3531 409 3603; x_wconf 88' lang='lat' dir='ltr'>maii,</span> <span class='ocrx_word' id='word_1_334' title='bbox 427 3531 638 3607; x_wconf 80' lang='lat' dir='ltr'>pontificatus</span> <span class='ocrx_word' id='word_1_335' title='bbox 651 3533 756 3595; x_wconf 91' lang='lat' dir='ltr'>nostri</span> <span class='ocrx_word' id='word_1_336' title='bbox 769 3548 856 3594; x_wconf 90' lang='lat' dir='ltr'>anno</span> <span class='ocrx_word' id='word_1_337' title='bbox 871 3533 980 3596; x_wconf 90' lang='grc'>133113.</span> 
     </span>
    </p>
   </div>
   <div class='ocr_carea' id='block_1_16' title="bbox 511 3708 662 3796">
    <p class='ocr_par' dir='ltr' id='par_1_20' title="bbox 511 3708 662 3796">
     <span class='ocr_line' id='line_1_56' title="bbox 511 3708 662 3796; baseline 0 -1"><span class='ocrx_word' id='word_1_338' title='bbox 511 3708 662 3796; x_wconf 82' lang='lat' dir='ltr'>CCXIX</span> 
     </span>
    </p>
   </div>
   <div class='ocr_carea' id='block_1_17' title="bbox 188 3842 980 4230">
    <p class='ocr_par' dir='ltr' id='par_1_21' title="bbox 188 3842 980 4118">
     <span class='ocr_line' id='line_1_57' title="bbox 234 3842 936 3916; baseline 0.01 -14"><span class='ocrx_word' id='word_1_339' title='bbox 234 3842 286 3903; x_wconf 80' lang='lat' dir='ltr'>Ad</span> <span class='ocrx_word' id='word_1_340' title='bbox 304 3842 530 3916; x_wconf 73' lang='lat' dir='ltr'>praepositum</span> <span class='ocrx_word' id='word_1_341' title='bbox 543 3843 577 3903; x_wconf 85' lang='lat' dir='ltr'>et</span> <span class='ocrx_word' id='word_1_342' title='bbox 588 3843 777 3916; x_wconf 68' lang='lat' dir='ltr'>cepaticum</span> <span class='ocrx_word' id='word_1_343' title='bbox 786 3845 936 3909; x_wconf 76' lang='lat' dir='ltr'>ecclesiae</span> 
     </span>
     <span class='ocr_line' id='line_1_58' title="bbox 188 3947 980 4026; baseline 0 -17"><span class='ocrx_word' id='word_1_344' title='bbox 188 3947 225 4009; x_wconf 78' lang='lat' dir='ltr'>S.</span> <span class='ocrx_word' id='word_1_345' title='bbox 236 3947 637 4019; x_wconf 56' lang='lat' dir='ltr'>retransmisissem</span> <span class='ocrx_word' id='word_1_346' title='bbox 651 3951 789 4011; x_wconf 84' lang='grc'>11333331</span> <span class='ocrx_word' id='word_1_347' title='bbox 797 3950 980 4026; x_wconf 75' lang='grc'>13333331.</span> 
     </span>
     <span class='ocr_line' id='line_1_59' title="bbox 482 4059 684 4118; baseline 0.01 -1"><span class='ocrx_word' id='word_1_348' title='bbox 482 4059 516 4118; x_wconf 85' lang='grc'>13</span> <span class='ocrx_word' id='word_1_349' title='bbox 526 4060 594 4116; x_wconf 90' lang='lat' dir='ltr'>maii</span> <span class='ocrx_word' id='word_1_350' title='bbox 606 4059 684 4118; x_wconf 83' lang='lat' dir='ltr'>talo.</span> 
     </span>
    </p>

    <p class='ocr_par' dir='ltr' id='par_1_22' title="bbox 377 4163 802 4230">
     <span class='ocr_line' id='line_1_60' title="bbox 377 4163 802 4230; baseline -0.002 -12"><span class='ocrx_word' id='word_1_351' title='bbox 377 4163 490 4230; x_wconf 71' lang='grc'>[1113333</span> <span class='ocrx_word' id='word_1_352' title='bbox 502 4164 566 4230; x_wconf 86' lang='grc'>033.</span> <span class='ocrx_word' id='word_1_353' title='bbox 581 4164 687 4230; x_wconf 92' lang='lat' dir='ltr'>diplom.</span> <span class='ocrx_word' id='word_1_354' title='bbox 698 4165 742 4224; x_wconf 93' lang='lat' dir='ltr'>lll,</span> <span class='ocrx_word' id='word_1_355' title='bbox 749 4167 802 4228; x_wconf 86' lang='grc'>11,]</span> 
     </span>
    </p>
   </div>
   <div class='ocr_carea' id='block_1_18' title="bbox 231 4261 946 4424">
    <p class='ocr_par' dir='ltr' id='par_1_23' title="bbox 231 4261 946 4424">
     <span class='ocr_line' id='line_1_61' title="bbox 231 4261 946 4336; baseline -0.003 -12"><span class='ocrx_word' id='word_1_356' title='bbox 231 4261 368 4324; x_wconf 75' lang='lat' dir='ltr'>Ecclesia</span> <span class='ocrx_word' id='word_1_357' title='bbox 381 4262 540 4336; x_wconf 79' lang='lat' dir='ltr'>collegiatae</span> <span class='ocrx_word' id='word_1_358' title='bbox 553 4263 650 4322; x_wconf 84' lang='lat' dir='ltr'>Sancti</span> <span class='ocrx_word' id='word_1_359' title='bbox 664 4265 740 4321; x_wconf 85' lang='lat' dir='ltr'>Petri</span> <span class='ocrx_word' id='word_1_360' title='bbox 753 4263 946 4324; x_wconf 83' lang='lat' dir='ltr'>Thoraltensls</span> 
     </span>
     <span class='ocr_line' id='line_1_62' title="bbox 403 4351 779 4424; baseline 0.005 -16"><span class='ocrx_word' id='word_1_361' title='bbox 403 4353 601 4424; x_wconf 86' lang='lat' dir='ltr'>possessiones</span> <span class='ocrx_word' id='word_1_362' title='bbox 619 4351 779 4410; x_wconf 86' lang='grc'>33313331.</span> 
     </span>
    </p>
   </div>
   <div class='ocr_carea' id='block_1_19' title="bbox 1038 3673 1886 4438">
    <p class='ocr_par' dir='ltr' id='par_1_24' title="bbox 1038 3673 1886 3944">
     <span class='ocr_line' id='line_1_63' title="bbox 1077 3673 1834 3755; baseline -0.007 -14"><span class='ocrx_word' id='word_1_363' title='bbox 1077 3678 1244 3741; x_wconf 84' lang='lat' dir='ltr'>Honorius</span> <span class='ocrx_word' id='word_1_364' title='bbox 1281 3677 1469 3755; x_wconf 89' lang='lat' dir='ltr'>episcopus,</span> <span class='ocrx_word' id='word_1_365' title='bbox 1499 3675 1575 3748; x_wconf 90' lang='grc'>313.,</span> <span class='ocrx_word' id='word_1_366' title='bbox 1599 3673 1773 3736; x_wconf 90' lang='lat' dir='ltr'>carissimo</span> <span class='ocrx_word' id='word_1_367' title='bbox 1798 3674 1834 3736; x_wconf 91' lang='lat' dir='ltr'>in</span> 
     </span>
     <span class='ocr_line' id='line_1_64' title="bbox 1038 3767 1886 3852; baseline -0.011 -13"><span class='ocrx_word' id='word_1_368' title='bbox 1038 3777 1169 3839; x_wconf 83' lang='lat' dir='ltr'>Christo</span> <span class='ocrx_word' id='word_1_369' title='bbox 1195 3775 1264 3837; x_wconf 89' lang='lat' dir='ltr'>illio</span> <span class='ocrx_word' id='word_1_370' title='bbox 1281 3772 1447 3852; x_wconf 87' lang='lat' dir='ltr'>Philippo,</span> <span class='ocrx_word' id='word_1_371' title='bbox 1471 3771 1543 3848; x_wconf 79' lang='lat' dir='ltr'>regi</span> <span class='ocrx_word' id='word_1_372' title='bbox 1559 3773 1763 3834; x_wconf 80' lang='lat' dir='ltr'>Francorum</span> <span class='ocrx_word' id='word_1_373' title='bbox 1786 3771 1833 3832; x_wconf 89' lang='lat' dir='ltr'>il·</span> <span class='ocrx_word' id='word_1_374' title='bbox 1880 3767 1886 3778; x_wconf 88' lang='lat'><em>&#39;</em></span> 
     </span>
     <span class='ocr_line' id='line_1_65' title="bbox 1038 3872 1395 3944; baseline -0.008 -10"><span class='ocrx_word' id='word_1_375' title='bbox 1038 3873 1146 3944; x_wconf 87' lang='lat' dir='ltr'>lustri,</span> <span class='ocrx_word' id='word_1_376' title='bbox 1164 3872 1315 3944; x_wconf 86' lang='lat' dir='ltr'>salutem,</span> <span class='ocrx_word' id='word_1_377' title='bbox 1333 3872 1395 3932; x_wconf 90' lang='grc'>313.</span> 
     </span>
    </p>

    <p class='ocr_par' dir='ltr' id='par_1_25' title="bbox 1038 3961 1834 4438">
     <span class='ocr_line' id='line_1_66' title="bbox 1079 3961 1834 4048; baseline -0.012 -15"><span class='ocrx_word' id='word_1_378' title='bbox 1079 3973 1159 4034; x_wconf 89' lang='lat' dir='ltr'>Gnm</span> <span class='ocrx_word' id='word_1_379' title='bbox 1171 3985 1231 4048; x_wconf 92' lang='lat' dir='ltr'>pro</span> <span class='ocrx_word' id='word_1_380' title='bbox 1245 3969 1378 4045; x_wconf 81' lang='lat' dir='ltr'>negotio</span> <span class='ocrx_word' id='word_1_381' title='bbox 1393 3965 1485 4044; x_wconf 86' lang='lat' dir='ltr'>pacis</span> <span class='ocrx_word' id='word_1_382' title='bbox 1500 3964 1533 4027; x_wconf 89' lang='grc'>31</span> <span class='ocrx_word' id='word_1_383' title='bbox 1545 3961 1727 4041; x_wconf 70' lang='grc'>11313331</span> <span class='ocrx_word' id='word_1_384' title='bbox 1742 3963 1834 4039; x_wconf 81' lang='lat' dir='ltr'>gari-</span> 
     </span>
     <span class='ocr_line' id='line_1_67' title="bbox 1040 4058 1832 4144; baseline -0.015 -13"><span class='ocrx_word' id='word_1_385' title='bbox 1040 4069 1094 4132; x_wconf 88' lang='lat' dir='ltr'>tur</span> <span class='ocrx_word' id='word_1_386' title='bbox 1119 4067 1155 4128; x_wconf 89' lang='grc'>13</span> <span class='ocrx_word' id='word_1_387' title='bbox 1180 4064 1330 4144; x_wconf 89' lang='lat' dir='ltr'>partibus</span> <span class='ocrx_word' id='word_1_388' title='bbox 1355 4060 1539 4132; x_wconf 76' lang='grc'>1131333313,</span> <span class='ocrx_word' id='word_1_389' title='bbox 1574 4075 1695 4135; x_wconf 81' lang='lat' dir='ltr'>magna</span> <span class='ocrx_word' id='word_1_390' title='bbox 1722 4058 1832 4122; x_wconf 83' lang='grc'>133333</span> 
     </span>
     <span class='ocr_line' id='line_1_68' title="bbox 1039 4156 1831 4238; baseline -0.014 -11"><span class='ocrx_word' id='word_1_391' title='bbox 1039 4163 1220 4227; x_wconf 90' lang='lat' dir='ltr'>secundum</span> <span class='ocrx_word' id='word_1_392' title='bbox 1237 4159 1518 4238; x_wconf 79' lang='lat' dir='ltr'>magnificentiam</span> <span class='ocrx_word' id='word_1_393' title='bbox 1539 4158 1630 4219; x_wconf 88' lang='lat' dir='ltr'>tuam</span> <span class='ocrx_word' id='word_1_394' title='bbox 1642 4156 1831 4233; x_wconf 87' lang='lat' dir='ltr'>incoeperis,</span> 
     </span>
     <span class='ocr_line' id='line_1_69' title="bbox 1038 4251 1831 4338; baseline -0.016 -14"><span class='ocrx_word' id='word_1_395' title='bbox 1038 4261 1133 4338; x_wconf 82' lang='lat' dir='ltr'>vigili</span> <span class='ocrx_word' id='word_1_396' title='bbox 1146 4275 1226 4322; x_wconf 88' lang='lat' dir='ltr'>cura</span> <span class='ocrx_word' id='word_1_397' title='bbox 1238 4258 1298 4320; x_wconf 89' lang='lat' dir='ltr'>tibi</span> <span class='ocrx_word' id='word_1_398' title='bbox 1313 4258 1363 4319; x_wconf 88' lang='lat' dir='ltr'>est</span> <span class='ocrx_word' id='word_1_399' title='bbox 1375 4253 1625 4333; x_wconf 85' lang='lat' dir='ltr'>providendum,</span> <span class='ocrx_word' id='word_1_400' title='bbox 1643 4268 1686 4314; x_wconf 90' lang='lat' dir='ltr'>ne</span> <span class='ocrx_word' id='word_1_401' title='bbox 1698 4251 1831 4326; x_wconf 87' lang='lat' dir='ltr'>bonum,</span> 
     </span>
     <span class='ocr_line' id='line_1_70' title="bbox 1039 4349 1832 4438; baseline -0.015 -16"><span class='ocrx_word' id='word_1_402' title='bbox 1039 4358 1125 4438; x_wconf 90' lang='lat' dir='ltr'>quod</span> <span class='ocrx_word' id='word_1_403' title='bbox 1147 4355 1313 4433; x_wconf 91' lang='lat' dir='ltr'>incoepisti</span> <span class='ocrx_word' id='word_1_404' title='bbox 1339 4369 1398 4431; x_wconf 87' lang='lat' dir='ltr'>spe</span> <span class='ocrx_word' id='word_1_405' title='bbox 1428 4349 1657 4413; x_wconf 87' lang='lat' dir='ltr'>retributionis</span> <span class='ocrx_word' id='word_1_406' title='bbox 1680 4349 1832 4422; x_wconf 83' lang='lat' dir='ltr'>aeternae,</span> 
     </span>
    </p>
   </div>
   <div class='ocr_carea' id='block_1_20' title="bbox 191 4447 1839 5512">
    <p class='ocr_par' dir='ltr' id='par_1_26' title="bbox 191 4447 1837 4812">
     <span class='ocr_line' id='line_1_71' title="bbox 230 4447 1835 4538; baseline -0.011 -14"><span class='ocrx_word' id='word_1_407' title='bbox 230 4459 397 4524; x_wconf 87' lang='lat' dir='ltr'>Honorius</span> <span class='ocrx_word' id='word_1_408' title='bbox 406 4459 591 4538; x_wconf 90' lang='lat' dir='ltr'>episcopus,</span> <span class='ocrx_word' id='word_1_409' title='bbox 605 4475 720 4522; x_wconf 82' lang='lat' dir='ltr'>servus</span> <span class='ocrx_word' id='word_1_410' title='bbox 729 4475 901 4522; x_wconf 88' lang='lat' dir='ltr'>servorum</span> <span class='ocrx_word' id='word_1_411' title='bbox 911 4459 982 4532; x_wconf 89' lang='lat' dir='ltr'>Dei,</span> <span class='ocrx_word' id='word_1_412' title='bbox 1039 4457 1208 4534; x_wconf 86' lang='lat' dir='ltr'>respectus</span> <span class='ocrx_word' id='word_1_413' title='bbox 1219 4453 1369 4530; x_wconf 79' lang='lat' dir='ltr'>denigret</span> <span class='ocrx_word' id='word_1_414' title='bbox 1383 4451 1415 4512; x_wconf 90' lang='lat' dir='ltr'>et</span> <span class='ocrx_word' id='word_1_415' title='bbox 1429 4449 1559 4510; x_wconf 88' lang='lat' dir='ltr'>minuat</span> <span class='ocrx_word' id='word_1_416' title='bbox 1573 4447 1736 4509; x_wconf 91' lang='lat' dir='ltr'>commodi</span> <span class='ocrx_word' id='word_1_417' title='bbox 1754 4449 1835 4510; x_wconf 89' lang='lat' dir='ltr'>tenr-</span> 
     </span>
     <span class='ocr_line' id='line_1_72' title="bbox 191 4541 1833 4633; baseline -0.008 -16"><span class='ocrx_word' id='word_1_418' title='bbox 191 4557 321 4619; x_wconf 89' lang='lat' dir='ltr'>dilectis</span> <span class='ocrx_word' id='word_1_419' title='bbox 331 4555 420 4629; x_wconf 83' lang='lat' dir='ltr'>illlis,</span> <span class='ocrx_word' id='word_1_420' title='bbox 429 4556 649 4633; x_wconf 90' lang='lat' dir='ltr'>praepositoet</span> <span class='ocrx_word' id='word_1_421' title='bbox 659 4557 803 4633; x_wconf 87' lang='lat' dir='ltr'>capitulo</span> <span class='ocrx_word' id='word_1_422' title='bbox 815 4557 985 4618; x_wconf 87' lang='lat' dir='ltr'>eccclesiae</span> <span class='ocrx_word' id='word_1_423' title='bbox 1040 4553 1174 4632; x_wconf 85' lang='lat' dir='ltr'>poralis.</span> <span class='ocrx_word' id='word_1_424' title='bbox 1198 4541 1394 4628; x_wconf 75' lang='lat' dir='ltr'>Accepimus</span> <span class='ocrx_word' id='word_1_425' title='bbox 1422 4545 1596 4624; x_wconf 87' lang='lat' dir='ltr'>siquidem,</span> <span class='ocrx_word' id='word_1_426' title='bbox 1617 4542 1704 4622; x_wconf 91' lang='lat' dir='ltr'>qnod</span> <span class='ocrx_word' id='word_1_427' title='bbox 1730 4543 1833 4605; x_wconf 85' lang='lat' dir='ltr'>Tolo-</span> 
     </span>
     <span class='ocr_line' id='line_1_73' title="bbox 192 4640 1836 4732; baseline -0.01 -15"><span class='ocrx_word' id='word_1_428' title='bbox 192 4657 227 4716; x_wconf 89' lang='lat' dir='ltr'>S.</span> <span class='ocrx_word' id='word_1_429' title='bbox 244 4653 335 4716; x_wconf 90' lang='grc' dir='ltr'>Ρ3131</span> <span class='ocrx_word' id='word_1_430' title='bbox 354 4652 593 4722; x_wconf 84' lang='lat' dir='ltr'>Thoraltensis,</span> <span class='ocrx_word' id='word_1_431' title='bbox 614 4652 754 4724; x_wconf 82' lang='lat' dir='ltr'>salutem</span> <span class='ocrx_word' id='word_1_432' title='bbox 776 4655 809 4716; x_wconf 87' lang='lat' dir='ltr'>et</span> <span class='ocrx_word' id='word_1_433' title='bbox 826 4653 986 4732; x_wconf 88' lang='lat' dir='ltr'>apostoli·</span> <span class='ocrx_word' id='word_1_434' title='bbox 1040 4651 1114 4713; x_wconf 88' lang='lat' dir='ltr'>sani</span> <span class='ocrx_word' id='word_1_435' title='bbox 1129 4651 1286 4712; x_wconf 85' lang='lat' dir='ltr'>eteorum</span> <span class='ocrx_word' id='word_1_436' title='bbox 1314 4643 1493 4722; x_wconf 86' lang='lat' dir='ltr'>complices</span> <span class='ocrx_word' id='word_1_437' title='bbox 1506 4641 1547 4704; x_wconf 88' lang='grc'>31</span> <span class='ocrx_word' id='word_1_438' title='bbox 1562 4640 1748 4702; x_wconf 80' lang='lat' dir='ltr'>taciendam</span> <span class='ocrx_word' id='word_1_439' title='bbox 1772 4655 1836 4702; x_wconf 90' lang='lat' dir='ltr'>no-</span> 
     </span>
     <span class='ocr_line' id='line_1_74' title="bbox 191 4735 1837 4812; baseline -0.009 0"><span class='ocrx_word' id='word_1_440' title='bbox 191 4766 265 4812; x_wconf 88' lang='lat' dir='ltr'>cam</span> <span class='ocrx_word' id='word_1_441' title='bbox 277 4748 555 4812; x_wconf 84' lang='lat' dir='ltr'>henedictionem.</span> <span class='ocrx_word' id='word_1_442' title='bbox 1039 4765 1115 4810; x_wconf 82' lang='lat' dir='ltr'>vam</span> <span class='ocrx_word' id='word_1_443' title='bbox 1128 4744 1375 4809; x_wconf 85' lang='lat' dir='ltr'>concessionem</span> <span class='ocrx_word' id='word_1_444' title='bbox 1390 4742 1432 4802; x_wconf 89' lang='grc'>13</span> <span class='ocrx_word' id='word_1_445' title='bbox 1446 4738 1605 4803; x_wconf 89' lang='lat' dir='ltr'>comltatu</span> <span class='ocrx_word' id='word_1_446' title='bbox 1623 4735 1789 4798; x_wconf 83' lang='lat' dir='ltr'>Tolosano</span> <span class='ocrx_word' id='word_1_447' title='bbox 1804 4738 1837 4798; x_wconf 88' lang='lat' dir='ltr'>at</span> 
     </span>
    </p>

    <p class='ocr_par' dir='ltr' id='par_1_27' title="bbox 192 4831 1839 5512">
     <span class='ocr_line' id='line_1_75' title="bbox 233 4831 1834 4927; baseline -0.011 -19"><span class='ocrx_word' id='word_1_448' title='bbox 233 4846 857 4927; x_wconf 71' lang='grc'>0333333113331113333311331313</span> <span class='ocrx_word' id='word_1_449' title='bbox 878 4847 987 4910; x_wconf 89' lang='grc'>3113-</span> <span class='ocrx_word' id='word_1_450' title='bbox 1041 4847 1166 4909; x_wconf 90' lang='lat' dir='ltr'>circum</span> <span class='ocrx_word' id='word_1_451' title='bbox 1190 4838 1418 4920; x_wconf 87' lang='lat' dir='ltr'>adjacentibus</span> <span class='ocrx_word' id='word_1_452' title='bbox 1445 4835 1545 4899; x_wconf 87' lang='lat' dir='ltr'>terris</span> <span class='ocrx_word' id='word_1_453' title='bbox 1574 4835 1606 4896; x_wconf 90' lang='lat' dir='ltr'>ta</span> <span class='ocrx_word' id='word_1_454' title='bbox 1630 4831 1834 4894; x_wconf 89' lang='lat' dir='ltr'>multimodis</span> 
     </span>
     <span class='ocr_line' id='line_1_76' title="bbox 192 4929 1837 5024; baseline -0.011 -18"><span class='ocrx_word' id='word_1_455' title='bbox 192 4944 321 5006; x_wconf 87' lang='lat' dir='ltr'>nestum</span> <span class='ocrx_word' id='word_1_456' title='bbox 337 4943 398 5016; x_wconf 89' lang='lat' dir='ltr'>est,</span> <span class='ocrx_word' id='word_1_457' title='bbox 410 4942 547 5020; x_wconf 81' lang='lat' dir='ltr'>dignum</span> <span class='ocrx_word' id='word_1_458' title='bbox 557 4945 678 5006; x_wconf 88' lang='grc'>331333</span> <span class='ocrx_word' id='word_1_459' title='bbox 693 4944 825 5008; x_wconf 85' lang='lat' dir='ltr'>facilem</span> <span class='ocrx_word' id='word_1_460' title='bbox 837 4945 987 5024; x_wconf 87' lang='lat' dir='ltr'>praehere</span> <span class='ocrx_word' id='word_1_461' title='bbox 1040 4941 1200 5005; x_wconf 89' lang='lat' dir='ltr'>inducere</span> <span class='ocrx_word' id='word_1_462' title='bbox 1211 4937 1414 5000; x_wconf 89' lang='lat' dir='ltr'>moliuntur:</span> <span class='ocrx_word' id='word_1_463' title='bbox 1431 4931 1518 5011; x_wconf 91' lang='lat' dir='ltr'>quod</span> <span class='ocrx_word' id='word_1_464' title='bbox 1533 4930 1621 4993; x_wconf 89' lang='lat' dir='ltr'>esset</span> <span class='ocrx_word' id='word_1_465' title='bbox 1635 4931 1751 4992; x_wconf 85' lang='lat' dir='ltr'>contm</span> <span class='ocrx_word' id='word_1_466' title='bbox 1766 4929 1837 4991; x_wconf 87' lang='lat' dir='ltr'>sta-</span> 
     </span>
     <span class='ocr_line' id='line_1_77' title="bbox 192 5023 1837 5118; baseline -0.009 -16"><span class='ocrx_word' id='word_1_467' title='bbox 192 5055 404 5112; x_wconf 89' lang='lat' dir='ltr'>consensum,</span> <span class='ocrx_word' id='word_1_468' title='bbox 435 5041 468 5102; x_wconf 90' lang='lat' dir='ltr'>et</span> <span class='ocrx_word' id='word_1_469' title='bbox 487 5055 528 5102; x_wconf 88' lang='lat' dir='ltr'>aa</span> <span class='ocrx_word' id='word_1_470' title='bbox 552 5056 666 5118; x_wconf 85' lang='lat' dir='ltr'>quasa</span> <span class='ocrx_word' id='word_1_471' title='bbox 688 5041 830 5105; x_wconf 89' lang='lat' dir='ltr'>rationis</span> <span class='ocrx_word' id='word_1_472' title='bbox 854 5041 988 5103; x_wconf 85' lang='lat' dir='ltr'>tramite</span> <span class='ocrx_word' id='word_1_473' title='bbox 1040 5039 1111 5102; x_wconf 87' lang='lat' dir='ltr'>tnta</span> <span class='ocrx_word' id='word_1_474' title='bbox 1136 5036 1288 5100; x_wconf 90' lang='lat' dir='ltr'>ecclesiae</span> <span class='ocrx_word' id='word_1_475' title='bbox 1313 5045 1415 5110; x_wconf 92' lang='lat' dir='ltr'>super</span> <span class='ocrx_word' id='word_1_476' title='bbox 1439 5030 1503 5092; x_wconf 90' lang='grc'>133</span> <span class='ocrx_word' id='word_1_477' title='bbox 1527 5027 1651 5089; x_wconf 91' lang='lat' dir='ltr'>dudum</span> <span class='ocrx_word' id='word_1_478' title='bbox 1675 5025 1776 5098; x_wconf 85' lang='grc'>13313,</span> <span class='ocrx_word' id='word_1_479' title='bbox 1803 5023 1837 5088; x_wconf 87' lang='grc'>31</span> 
     </span>
     <span class='ocr_line' id='line_1_78' title="bbox 192 5124 1839 5215; baseline -0.01 -17"><span class='ocrx_word' id='word_1_480' title='bbox 192 5151 260 5198; x_wconf 88' lang='grc'>333</span> <span class='ocrx_word' id='word_1_481' title='bbox 283 5134 486 5208; x_wconf 87' lang='lat' dir='ltr'>discordant,</span> <span class='ocrx_word' id='word_1_482' title='bbox 509 5135 630 5199; x_wconf 85' lang='lat' dir='ltr'>effectu</span> <span class='ocrx_word' id='word_1_483' title='bbox 651 5137 870 5215; x_wconf 84' lang='lat' dir='ltr'>prosequente</span> <span class='ocrx_word' id='word_1_484' title='bbox 894 5153 988 5199; x_wconf 91' lang='lat' dir='ltr'>com·</span> <span class='ocrx_word' id='word_1_485' title='bbox 1042 5137 1142 5200; x_wconf 87' lang='lat' dir='ltr'>etiam</span> <span class='ocrx_word' id='word_1_486' title='bbox 1163 5133 1280 5212; x_wconf 89' lang='lat' dir='ltr'>contra</span> <span class='ocrx_word' id='word_1_487' title='bbox 1305 5127 1515 5191; x_wconf 87' lang='lat' dir='ltr'>honestatem</span> <span class='ocrx_word' id='word_1_488' title='bbox 1528 5124 1636 5195; x_wconf 89' lang='lat' dir='ltr'>tuam,</span> <span class='ocrx_word' id='word_1_489' title='bbox 1661 5137 1736 5184; x_wconf 91' lang='lat' dir='ltr'>cum</span> <span class='ocrx_word' id='word_1_490' title='bbox 1751 5137 1839 5199; x_wconf 78' lang='lat' dir='ltr'>pre-</span> 
     </span>
     <span class='ocr_line' id='line_1_79' title="bbox 193 5217 1835 5310; baseline -0.011 -16"><span class='ocrx_word' id='word_1_491' title='bbox 193 5232 989 5310; x_wconf 75' lang='grc'>31333.133333133111331113113311331111333-</span> <span class='ocrx_word' id='word_1_492' title='bbox 1042 5231 1129 5294; x_wconf 88' lang='grc'>11313</span> <span class='ocrx_word' id='word_1_493' title='bbox 1149 5225 1355 5292; x_wconf 87' lang='lat' dir='ltr'>concesseris</span> <span class='ocrx_word' id='word_1_494' title='bbox 1381 5224 1482 5284; x_wconf 89' lang='lat' dir='ltr'>clarae</span> <span class='ocrx_word' id='word_1_495' title='bbox 1500 5219 1670 5282; x_wconf 88' lang='lat' dir='ltr'>memoriae</span> <span class='ocrx_word' id='word_1_496' title='bbox 1695 5217 1835 5288; x_wconf 87' lang='lat' dir='ltr'>Simoni,</span> 
     </span>
     <span class='ocr_line' id='line_1_80' title="bbox 192 5313 1838 5408; baseline -0.012 -16"><span class='ocrx_word' id='word_1_497' title='bbox 192 5329 255 5392; x_wconf 89' lang='lat' dir='ltr'>tris</span> <span class='ocrx_word' id='word_1_498' title='bbox 275 5329 377 5407; x_wconf 90' lang='lat' dir='ltr'>justis</span> <span class='ocrx_word' id='word_1_499' title='bbox 401 5329 678 5404; x_wconf 85' lang='lat' dir='ltr'>postulationihus</span> <span class='ocrx_word' id='word_1_500' title='bbox 710 5331 805 5408; x_wconf 77' lang='lat' dir='ltr'>grato</span> <span class='ocrx_word' id='word_1_501' title='bbox 842 5345 987 5394; x_wconf 91' lang='lat' dir='ltr'>concur·</span> <span class='ocrx_word' id='word_1_502' title='bbox 1043 5325 1261 5392; x_wconf 82' lang='lat' dir='ltr'>Montisiortls</span> <span class='ocrx_word' id='word_1_503' title='bbox 1273 5321 1387 5385; x_wconf 89' lang='lat' dir='ltr'>comiti</span> <span class='ocrx_word' id='word_1_504' title='bbox 1397 5322 1431 5381; x_wconf 92' lang='lat' dir='ltr'>et</span> <span class='ocrx_word' id='word_1_505' title='bbox 1444 5317 1565 5380; x_wconf 88' lang='lat' dir='ltr'>dilecto</span> <span class='ocrx_word' id='word_1_506' title='bbox 1576 5314 1645 5377; x_wconf 88' lang='lat' dir='ltr'>lilio</span> <span class='ocrx_word' id='word_1_507' title='bbox 1653 5313 1838 5376; x_wconf 81' lang='lat' dir='ltr'>nohiliriro</span> 
     </span>
     <span class='ocr_line' id='line_1_81' title="bbox 193 5408 1837 5512; baseline -0.013 -24"><span class='ocrx_word' id='word_1_508' title='bbox 193 5424 444 5512; x_wconf 82' lang='lat' dir='ltr'>rantasaffectu,</span> <span class='ocrx_word' id='word_1_509' title='bbox 454 5427 760 5504; x_wconf 84' lang='lat' dir='ltr'>personasvestras,</span> <span class='ocrx_word' id='word_1_510' title='bbox 771 5427 804 5490; x_wconf 89' lang='lat' dir='ltr'>et</span> <span class='ocrx_word' id='word_1_511' title='bbox 814 5427 989 5488; x_wconf 89' lang='lat' dir='ltr'>ecclesiam</span> <span class='ocrx_word' id='word_1_512' title='bbox 1042 5425 1220 5494; x_wconf 74' lang='lat' dir='ltr'>amalrico,</span> <span class='ocrx_word' id='word_1_513' title='bbox 1247 5419 1361 5484; x_wconf 89' lang='lat' dir='ltr'>comltl</span> <span class='ocrx_word' id='word_1_514' title='bbox 1385 5415 1550 5479; x_wconf 85' lang='lat' dir='ltr'>Tolosano</span> <span class='ocrx_word' id='word_1_515' title='bbox 1577 5409 1635 5490; x_wconf 92' lang='lat'>(1).</span> <span class='ocrx_word' id='word_1_516' title='bbox 1658 5408 1837 5471; x_wconf 77' lang='lat' dir='ltr'>Excellen-</span> 
     </span>
    </p>
   </div>
   <div class='ocr_carea' id='block_1_21' title="bbox 194 5537 1838 5700">
    <p class='ocr_par' dir='ltr' id='par_1_28' title="bbox 194 5537 1838 5700">
     <span class='ocr_line' id='line_1_82' title="bbox 244 5537 1838 5681; baseline -0.012 -67"><span class='ocrx_word' id='word_1_517' title='bbox 244 5553 526 5640; x_wconf 71' lang='grc'>1111311111.</span> <span class='ocrx_word' id='word_1_518' title='bbox 546 5556 683 5639; x_wconf 74' lang='grc'>1133131.</span> <span class='ocrx_word' id='word_1_519' title='bbox 699 5556 795 5625; x_wconf 80' lang='lat' dir='ltr'>xcvi,</span> <span class='ocrx_word' id='word_1_520' title='bbox 809 5556 866 5639; x_wconf 71' lang='lat' dir='ltr'>col.</span> <span class='ocrx_word' id='word_1_521' title='bbox 883 5556 946 5626; x_wconf 85' lang='grc'>171,</span> <span class='ocrx_word' id='word_1_522' title='bbox 962 5563 991 5613; x_wconf 87' lang='grc'>31</span> <span class='ocrx_word' id='word_1_523' title='bbox 1043 5554 1217 5681; x_wconf 56' lang='lat' dir='ltr'>Philippum,</span> <span class='ocrx_word' id='word_1_524' title='bbox 1247 5550 1296 5612; x_wconf 89' lang='lat' dir='ltr'>ubi</span> <span class='ocrx_word' id='word_1_525' title='bbox 1319 5552 1495 5606; x_wconf 87' lang='lat' dir='ltr'>memoratur</span> <span class='ocrx_word' id='word_1_526' title='bbox 1524 5539 1648 5600; x_wconf 89' lang='lat' dir='ltr'>Simonis</span> <span class='ocrx_word' id='word_1_527' title='bbox 1670 5537 1838 5612; x_wconf 67' lang='lat' dir='ltr'>homagium</span> 
     </span>
     <span class='ocr_line' id='line_1_83' title="bbox 194 5619 1546 5700; baseline -0.013 -16"><span class='ocrx_word' id='word_1_528' title='bbox 194 5635 215 5684; x_wconf 89' lang='lat' dir='ltr'>t.</span> <span class='ocrx_word' id='word_1_529' title='bbox 243 5631 279 5696; x_wconf 95' lang='lat' dir='ltr'>ll,</span> <span class='ocrx_word' id='word_1_530' title='bbox 291 5635 374 5699; x_wconf 81' lang='lat' dir='ltr'>epist.</span> <span class='ocrx_word' id='word_1_531' title='bbox 386 5627 499 5696; x_wconf 57' lang='lat' dir='ltr'>lincol.</span> <span class='ocrx_word' id='word_1_532' title='bbox 516 5627 558 5694; x_wconf 81' lang='lat' dir='ltr'>lt,</span> <span class='ocrx_word' id='word_1_533' title='bbox 574 5630 695 5686; x_wconf 81' lang='lat' dir='ltr'>Litteras</span> <span class='ocrx_word' id='word_1_534' title='bbox 711 5629 828 5684; x_wconf 84' lang='lat' dir='ltr'>llonont</span> <span class='ocrx_word' id='word_1_535' title='bbox 842 5627 877 5684; x_wconf 94' lang='lat' dir='ltr'>ad</span> <span class='ocrx_word' id='word_1_536' title='bbox 891 5641 988 5700; x_wconf 83' lang='lat' dir='ltr'>regem</span> <span class='ocrx_word' id='word_1_537' title='bbox 1044 5641 1106 5700; x_wconf 80' lang='lat' dir='ltr'>rega</span> <span class='ocrx_word' id='word_1_538' title='bbox 1132 5631 1228 5682; x_wconf 88' lang='lat' dir='ltr'>actum</span> <span class='ocrx_word' id='word_1_539' title='bbox 1242 5631 1271 5679; x_wconf 89' lang='grc'>31</span> <span class='ocrx_word' id='word_1_540' title='bbox 1291 5619 1326 5676; x_wconf 85' lang='lat' dir='ltr'>ab</span> <span class='ocrx_word' id='word_1_541' title='bbox 1339 5631 1374 5674; x_wconf 92' lang='lat' dir='ltr'>eo</span> <span class='ocrx_word' id='word_1_542' title='bbox 1387 5623 1546 5687; x_wconf 88' lang='lat' dir='ltr'>acceptum.</span> 
     </span>
    </p>
   </div>
   <div class='ocr_carea' id='block_1_22' title="bbox 0 0 2158 6404">
    <p class='ocr_par' dir='ltr' id='par_1_29' title="bbox 0 0 2158 6404">
     <span class='ocr_line' id='line_1_84' title="bbox 0 0 2158 6404; baseline 0 0"><span class='ocrx_word' id='word_1_543' title='bbox 0 0 2158 6404; x_wconf 95' lang='lat' dir='ltr'> </span> 
     </span>
    </p>
   </div>
  </div>
 </body>
</html>
