4250 6404
311 327 349 386 19
927 327 1103 388 HONORII
1126 323 1169 386 111
1192 325 1342 386 OPERA.
1918 331 1962 390 20

309 489 383 548 xvi
409 478 542 597 kalend.
567 486 776 564 septembris,
798 485 983 596 indictione
993 488 1101 558 sexta,
1510 485 1607 598 xm

309 583 553 646 incarnationrs
566 585 747 648 Dominicae
757 599 846 647 anno
857 584 1105 645 millossmodu-

311 680 492 742 centesimo
509 680 636 743 decimo
649 683 777 752 octavo,
795 679 1004 757 pontificatus
1023 695 1104 742 vero
1197 655 1250 717 Aa
1269 657 1453 732 HWWW
1470 655 1692 748 Hffitie'wssm
1708 659 1920 744 ⁰P²f⁸⁰⁰l³w²²⁶

310 777 435 841 domini
450 779 589 841 Honorii
603 782 702 857 Papae
717 781 762 842 lll
775 795 863 841 anno
877 779 990 840 tertio.
1423 761 1457 832 tt
1480 776 1594 848 augusti
1611 775 1697 870 12187
1758 770 1767 782 '

1281 879 1421 943 istrorum,
1433 876 1530 931 bullar.
1541 880 1679 940 anonim,
1690 883 1710 940 l,
1724 897 1743 942 r,
1754 895 1782 933 n.
1795 884 1833 948 a]

667 971 744 1059 XII
1159 989 1195 1045 tn
1210 985 1312 1044 fundes
1324 1001 1375 1059 pro
1394 986 1591 1044 construendis
1612 986 1763 1046 domiciliis
1777 997 1806 1046 et
1828 993 1960 1050 oratoriis

310 1107 362 1166 Ati
375 1107 523 1168 otcurtos
536 1107 773 1180 episcoporum
785 1067 1105 1170 Grarzcliuaouterists
1193 1074 1353 1221 ffiffibu?
1370 1081 1399 1132 ⁹²
1421 1076 1485 1134 “¹5¹⁵
1497 1075 1697 1178 ‚mummi
1717 1077 1822 1136 &3⁰10
1842 1079 1959 1182 supien-

624 1207 785 1266 ecclesi&
1032 1205 1035 1212 ·
1277 1163 1685 1222 eubrbltosnommeblrclssloe
1694 1167 1962 1242 Romsnoerecrpmt

1194 1259 1223 1313 et
1235 1253 1372 1314 ecelesia·
1384 1253 1590 1314 mmbuendae
1602 1255 1630 1314 tn
1640 1253 1710 1328 ipets
1723 1256 1777 1314 soli
1786 1257 1969 1332 spostolicae

580 1323 616 1382 25
631 1325 745 1400 augusti
761 1325 840 1382 ¹218·
1195 1341 1261 1400 Sedi
1275 1341 1393 1400 subesse
1408 1341 1553 1402 decermt

444 1438 578 1508 {wib
596 1439 742 1494 rhammus
760 1439 859 1499 ΜΦ·
870 1439 891 1500 ¹·
903 1439 970 1504 ΘΜ·]
1200 1457 1378 1531 Honorius,
1396 1458 1664 1531 etc.,venersbili
1678 1458 1774 1522 tratri
1788 1463 1962 1524 llostiensi·

311 1543 482 1606 Pwvidfflssl
495 1561 533 1604 ¹¹⁰
545 1545 620 1606 ΝΜ
634 1547 735 1619 iiim
754 1554 784 1604 θῑ
798 1547 967 1604 difficilium
983 1544 1103 1605 Gflssdi·
1164 1555 1321 1632 episcopo
1330 1556 1529 1633 apostolicae
1542 1557 1637 1618 Sedis
1649 1557 1770 1634 legato,
1779 1559 1921 1622 salutem
1930 1565 1965 1624 et

423 1641 512 1694 mont.
528 1635 659 1700 ecdealae
671 1643 779 1694 temere
793 1633 998 1695 distrabantur.
1160 1652 1375 1728 apostolicam
1388 1653 1662 1722 benedictionem.

349 1751 710 1828 Honorinsepiseepus,
723 1765 1022 1814 servasservorum
1033 1750 1104 1822 Dei,
1201 1749 1335 1816 Litterae
1352 1752 1419 1814 tuae
1442 1751 1537 1814 nobis
1553 1750 1711 1817 exhibitae
1730 1751 1963 1827 continebant,

310 1847 440 1909 dilectis
464 1847 542 1910 liliis
560 1847 697 1908 vicariis
712 1849 961 1926 episcoporum·
971 1848 1005 1908 in
1018 1863 1105 1924 quo·
1160 1847 1245 1924 quod
1260 1849 1472 1924 quamplures
1487 1847 1635 1924 virgines
1655 1849 1688 1912 et
1700 1849 1776 1910 aliae
1789 1851 1958 1924 mulieres,

309 1961 384 2006 rum
419 1944 618 2008 dioecesibus
639 1945 755 2008 domus
785 1945 938 2006 ecclesiae
961 1944 1108 2006 orandi·
1160 1943 1281 2020 quibus
1309 1945 1490 2006 secundum
1516 1945 1767 2010 instabilitatem
1789 1951 1969 2025 prosperi=

308 2042 474 2104 montensi
509 2040 666 2118 subjectae
693 2042 888 2110 consistunt,
911 2041 1051 2103 salutem
1075 2043 1108 2102 et
1160 2042 1239 2102 tatis
1254 2043 1431 2104 mundanae
1440 2057 1634 2119 prosperum
1649 2045 1771 2106 statum
1787 2045 1820 2108 in
1836 2047 1967 2108 saeculo

309 2138 525 2217 apostolicam
535 2137 811 2201 benedictionem.
1161 2153 1221 2198 sua
1238 2138 1370 2201 videtur
1385 2139 1540 2202 nobilitas
1553 2140 1714 2217 polliceri,
1739 2157 1789 2213 eo,
1807 2143 1875 2219 qui,
1902 2144 1959 2205 ubi

348 2236 563 2308 Detrimenta‚
578 2235 664 2297 sicut
675 2235 711 2297 ln
733 2237 830 2297 Bulla
845 2237 975 2308 cccvi,
987 2235 1044 2297 lib.
1064 2237 1104 2308 ll,
1161 2235 1232 2297 vult
1264 2237 1382 2313 spirat,
1419 2237 1552 2314 potante
1582 2238 1660 2300 vino
1694 2240 1960 2316 compunctionis

308 2333 350 2395 ad
384 2335 530 2410 episcop.
558 2333 685 2394 Pictav.
717 2347 826 2408 usque
854 2332 1106 2410 providendum.
1161 2333 1304 2404 easdem,
1332 2335 1366 2396 et
1381 2333 1565 2396 manifestis
1577 2333 1839 2402 revolutionibus
1860 2337 1960 2400 dante

309 2431 378 2490 Nos
393 2431 546 2490 verentes
574 2429 660 2505 quod
683 2429 832 2505 ipsorum
859 2428 947 2490 bona
971 2428 1107 2490 iuterim
1160 2429 1229 2493 illis
1244 2431 1533 2506 significationem,
1546 2435 1583 2497 ut
1593 2431 1835 2508 iugiantaface
1847 2449 1957 2508 arcus,

308 2527 433 2588 temore
452 2527 694 2596 distrabantur,
724 2527 908 2604 praesertim
928 2543 1003 2588 cum
1028 2542 1109 2588 con·
1161 2527 1351 2594 desiderant
1365 2529 1482 2605 lugere
1496 2545 1642 2607 pompas,
1658 2532 1691 2593 et
1705 2531 1841 2594 divitias
1856 2532 1958 2609 hujus

308 2625 398 2686 versi
420 2624 526 2685 eidem
548 2624 652 2701 priori
680 2623 814 2686 obedire
834 2625 1056 2696 contemnant,
1076 2626 1109 2685 et
1161 2625 1287 2694 mundi,
1299 2625 1497 2690 etlabrioari
1512 2627 1576 2688 sibi
1591 2627 1703 2706 aliqua
1722 2627 1901 2700 domicilia,
1922 2630 1958 2690 in

310 2721 345 2781 in
360 2719 455 2781 bonis
479 2719 561 2798 ipsis
587 2719 740 2783 dicautur
761 2721 916 2798 privatim
931 2723 964 2783 et
977 2720 1108 2797 publica
1161 2721 1281 2799 quibus
1300 2723 1414 2785 vivant
1438 2723 1523 2784 nibil
1544 2726 1751 2800 possidentes
1774 2724 1835 2788 sub
1862 2725 1958 2798 caelo,

308 2818 542 2892 debacchami3
558 2817 751 2878 discretioni
780 2818 900 2880 vestrae
918 2835 977 2894 per
996 2821 1106 2895 Apos-
1161 2820 1309 2896 exceptis
1334 2820 1512 2882 domiciliis
1540 2822 1646 2898 ipsis,
1675 2823 1709 2884 et
1730 2823 1967 2884 construendis

309 2916 408 2977 tolica
433 2916 557 2991 scripta
585 2914 791 2986 mandamus,
808 2915 984 2991 quatenus,
1007 2929 1108 2991 quum
1162 2917 1318 2978 oratoriis
1333 2919 1368 2978 in
1381 2917 1518 2979 eisdem.
1533 2920 1614 2978 Cum
1624 2919 1665 2980 ad
1678 2918 1743 2980 boc
1755 2919 1816 2981 tibi
1831 2919 1924 2982 tundi
1939 2937 1960 2982 a

310 3012 371 3085 illi,
384 3027 524 3090 quaerum
539 3012 630 3074 vices
645 3011 772 3087 geritis,
790 3011 856 3073 sint
879 3011 1033 3074 absentes
1048 3025 1108 3088 pro
1161 3013 1311 3090 pluribus
1340 3015 1498 3076 Ecclesiae
1522 3017 1681 3077 Romanae
1705 3017 1840 3078 nomine
1872 3017 1966 3078 offe--

309 3110 459 3172 subsidio
472 3112 584 3170 Terrae
599 3109 728 3172 sanate
743 3108 1037 3182 studeatissinpuli
1050 3123 1109 3184 per
1162 3111 1298 3182 rantur,
1339 3111 1472 3188 quidam
1507 3112 1656 3174 volentes
1695 3113 1758 3174 sibi
1790 3116 1961 3177 reservari

309 3207 502 3269 commissas
516 3205 612 3268 vobis
631 3205 792 3267 dioeeeses
809 3205 905 3266 bonis
921 3205 1105 3282 providere,
1161 3208 1410 3280 correctionem,
1424 3208 1958 3273 institutionemetdestitutiouem

309 3303 396 3382 quod
410 3304 601 3381 hujusmodi
620 3302 818 3382 precedente
833 3303 976 3378 negotio,
994 3317 1034 3364 oa
1046 3317 1108 3364 nec
1161 3303 1198 3364 in
1211 3303 1291 3374 illle,
1312 3305 1383 3367 'non
1406 3308 1564 3368 verentur
1585 3307 1718 3370 salubre
1732 3305 1866 3369 illarum
1880 3324 1959 3386 pro-

309 3401 423 3463 clerlci
453 3417 515 3462 nee
539 3399 693 3462 conversi
719 3401 834 3464 contra
856 3399 961 3476 ipsius
986 3397 1110 3476 prioris
1162 3401 1305 3478 positum
1333 3403 1520 3480 impedlr03
1550 3419 1652 3482 quare
1680 3403 1738 3467 tna
1766 3405 1964 3468 fraternitas.

307 3498 541 3560 inhibitionem
555 3497 743 3559 distrahere
756 3497 811 3560 rel
821 3496 971 3558 detinere
985 3511 1109 3574 praese
1162 3499 1351 3576 postulavit,
1375 3499 1411 3561 ut
1436 3517 1536 3578 super
1556 3502 1599 3562 iis
1623 3502 1761 3579 paterna
1784 3503 1959 3578 providere

309 3595 412 3658 mant.
437 3595 485 3656 Ad
501 3595 786 3672 recuperationem
813 3609 929 3656 eorum
953 3597 1107 3672 quaejam
1162 3595 1386 3659 sollicitudine
1398 3599 1765 3661 curaremusvolentee
1777 3599 1880 3675 igitur
1893 3599 1963 3676 piis

296 3694 468 3778 „diensem
507 3693 672 3764 dicuutur,
702 3692 931 3769 impendentes
965 3691 1108 3768 diligens
1161 3692 1324 3758 dictarum
1340 3695 1516 3756 mulierum
1541 3695 1716 3757 desideriis
1736 3697 1785 3757 sic
1810 3697 1963 3760 favorem

309 3787 1109 3867 studiumeioperamamcacem,counadicentes
1160 3791 1387 3868 Apostolicum
1417 3792 1593 3869 impertiri,
1623 3793 1660 3854 ut
1691 3795 1726 3854 et
1752 3793 1833 3870 ipsae
1861 3808 1959 3855 asse-

308 3889 338 3950 si
353 3888 409 3965 qui
424 3887 548 3949 luerint
561 3887 615 3949 vel
635 3886 777 3948 rebelles
793 3890 862 3948 tam
883 3885 1108 3948 ecclesiastica
1161 3891 1306 3965 quamui-
1320 3905 1388 3950 suae
1404 3890 1573 3966 petitionis
1597 3889 1762 3964 effectum,
1784 3893 1816 3952 et
1831 3891 1962 3952 dioece-

309 4001 407 4063 quam
420 3985 594 4062 temporali
608 3984 824 4056 districtione,
845 3983 977 4048 sublato
989 3983 1108 4060 appel·
1162 3985 1236 4046 sani
1250 3985 1398 4046 locorum
1425 3987 1539 4048 etalii
1564 3987 1600 4048 in
1626 4003 1766 4064 quorum
1792 3987 1961 4065 parochiis

311 4083 447 4146 lationis
474 4082 656 4156 obstaculo,
680 4083 937 4160 compescentes.
963 4081 1011 4142 Ad
1037 4081 1109 4142 bec
1161 4082 1235 4144 loca
1256 4083 1329 4160 ipsa
1350 4085 1548 4155 consistunt,
1573 4085 1698 4161 justam
1723 4101 1791 4146 non
1817 4084 1962 4147 babeant

310 4182 479 4260 principes
487 4184 521 4243 et
535 4181 689 4253 barones,
705 4180 739 4243 et
753 4179 917 4259 quoslibet
928 4179 1014 4240 alios
1025 4193 1109 4256 quos
1162 4180 1336 4242 materiam
1376 4181 1618 4253 murmurandi,
1652 4183 1865 4258 praesentium
1899 4181 1960 4244 tibi

309 4279 397 4340 idem
415 4280 507 4355 prior
528 4279 661 4340 duxerit
679 4277 910 4349 nominandos,
924 4277 1050 4352 singuli
1072 4276 1108 4336 in
1161 4275 1358 4338 auctoritate
1373 4276 1579 4349 mandamus,
1593 4280 1755 4355 quatenus
1770 4277 1960 4355 hujusmodi

311 4375 487 4436 commissa
503 4373 567 4434 sibi
577 4375 713 4434 ‹lioeoesi
724 4377 919 4436 constitutos
931 4373 1106 4446 moneatis
1161 4373 1285 4436 fundos
1296 4374 1331 4434 in
1348 4375 1404 4450 jue
1419 4374 1452 4436 et
1466 4375 1701 4452 proprietatem
1715 4376 1873 4437 Ecclesiae
1889 4379 1960 4438 llo·

311 4471 539 4550 prudenteret
557 4470 738 4532 eilicaciter
759 4471 936 4540 inducatis,
954 4487 995 4532 ne
1011 4487 1110 4532 occa·
1162 4485 1269 4532 manse
1285 4472 1419 4534 nomine
1436 4472 1541 4548 ipsius
1561 4473 1715 4549 recipias,
1745 4473 1778 4534 ot
1798 4473 1965 4534 ecclesias

309 4569 405 4630 sione
416 4568 637 4630 dissensionis
653 4567 843 4642 huiusmodi
854 4566 980 4627 debitos
996 4567 1110 4628 reddi·
1162 4569 1401 4630 construendas
1417 4569 1452 4630 in
1472 4570 1554 4646 ipsis
1567 4569 1634 4635 soli
1654 4570 1856 4646 apostoliea
1883 4571 1961 4632 Sodi

309 4670 363 4728 tus
400 4666 597 4728 subtrahant
629 4665 779 4726 ecclesiae
818 4665 1019 4742 supradictae
1056 4664 1109 4726 vel
1163 4663 1299 4728 subesse
1314 4665 1496 4742 decernas;
1525 4667 1572 4728 ita
1592 4665 1678 4744 quod
1705 4668 1816 4728 nullus
1837 4666 1962 4729 dioece-

309 4765 460 4826 domibus
477 4761 720 4840 pertinentibus
733 4763 773 4823 ad
789 4762 950 4822 eamdem.
968 4763 1037 4823 Nec
1045 4762 1110 4822 im·
1163 4762 1962 4841 sanuurelaliaecclesiaetiemsaeoularisueper·

309 4863 445 4940 pediam
469 4861 645 4939 quominus
659 4861 767 4922 dictus
789 4861 880 4937 prior
892 4860 933 4920 de
956 4859 1108 4922 domibus
1165 4875 1246 4921 sona
1259 4860 1294 4922 in
1309 4861 1358 4921 eis
1369 4861 1547 4938 possitsibi
1555 4865 1612 4937 jus
1623 4861 1759 4938 aliquod
1770 4861 1959 4933 vendicare,

309 4959 391 5036 ipsis
404 4961 437 5021 et
450 4959 546 5020 bonis
561 4958 602 5019 ad
615 4973 671 5020 eos
687 4957 938 5034 pertinentibus,
957 4958 1055 5034 prout
1067 4957 1107 5018 ad
1162 4957 1310 5033 quandiu
1320 4957 1452 5035 quidem
1464 4958 1587 5020 tuerint
1598 4959 1671 5022 siue
1681 4957 1958 5036 possessionibus,

309 5074 384 5118 eum
400 5057 552 5134 pertinet,
570 5057 679 5118 valeat
694 5055 861 5127 ordinare,
878 5069 918 5116 ac
929 5056 1109 5130 proventus
1161 5054 1313 5126 decimis,
1327 5055 1531 5126 mortuariis,
1549 5071 1609 5130 per
1625 5070 1699 5132 qum
1712 5055 1799 5118 solet
1813 5057 1960 5118 locorum

309 5155 482 5234 percipere
505 5155 692 5216 consuetos.
715 5155 780 5215 Eos
800 5153 855 5230 qui
871 5145 1109 5216 admonitioni·
1161 5152 1380 5224 dioecesanis,
1407 5153 1442 5212 et
1462 5150 1538 5212 aliis
1560 5151 1778 5215 ecclesiarum
1811 5153 1958 5229 praelatis

308 5253 371 5314 bus
385 5253 505 5314 vestris
529 5253 741 5330 acquiescere
766 5267 832 5312 non
846 5251 1039 5313 curaverint
1050 5267 1109 5329 per
1161 5249 1390 5327 praejudicium
1406 5249 1572 5324 generari.
1591 5250 1627 5312 Si
1642 5265 1721 5312 vero
1745 5265 1805 5311 aas
1817 5250 1959 5312 inlutu-

307 5365 484 5412 censnram
495 5348 767 5421 ecclesiasticam,
784 5348 1007 5426 appellatione
1020 5349 1108 5426 post·
1161 5363 1234 5408 rum
1247 5345 1372 5408 babere
1386 5345 1562 5421 contigerit
1573 5347 1815 5425 possessiones,
1829 5347 1881 5409 uel
1893 5347 1961 5408 alia

309 5450 427 5525 posita,
444 5446 695 5523 compescendo.
1161 5442 1362 5520 supradicta,
1384 5443 1538 5506 nolumus
1565 5445 1656 5520 ipsos
1672 5443 1891 5517 dioecesanos,
1908 5445 1962 5506 vel

349 5545 467 5607 Datum
482 5544 775 5617 Laterani‚octavo
787 5543 949 5606 kalendas
964 5543 1109 5622 septem·
1160 5541 1246 5603 alios
1264 5540 1453 5618 huiusmodi
1468 5540 1692 5618 exemptionis
1704 5543 1869 5619 praetextu
1881 5544 1960 5618 jure

309 5645 389 5716 bris,
407 5644 618 5720 pontificatus
632 5644 736 5706 nostri
750 5658 838 5705 anno
852 5643 964 5706 tertio.
1151 5638 1325 5736 ‘canonico
1345 5637 1547 5700 defrandari.
