4250 6404
315 263 334 320 3
388 217 392 224 ¹
933 259 1348 322 6666661666666.
1948 253 1967 317 l

313 423 380 484 tate
402 422 550 499 ipsorum
570 435 688 482 uersus
703 420 882 498 AEgyptum
901 418 937 480 16
956 419 1111 481 instantis
1166 417 1363 495 provinciali
1375 413 1527 490 concili0,
1541 411 1823 494 intepropterhoc
1835 409 1968 478 excom·

313 519 436 580 mensis
462 511 596 594 augusti
621 517 776 595 passagio
801 513 1029 587 transfretare,
1051 531 1111 576 nos
1167 515 1402 578 municatiouis
1427 516 1518 576 6116
1542 515 1666 578 terram
1690 516 1781 576 tuam
1797 510 1992 576 interdicti·

313 617 420 678 zelum
430 611 1110 684 116166616616116616666161666166161,
1167 613 1348 676 sententias
1376 607 1618 690 promulgarint
1645 611 1704 690 (3),
1726 613 1897 688 sperantes
1931 610 1969 673 61

313 715 354 774 61
381 730 440 775 vos
468 713 590 774 ibidem
616 712 712 789 juxta
743 711 935 788 petitionem
967 709 1112 772 vestram
1168 709 1273 772 metus
1287 727 1392 788 poenae
1402 709 1593 788 hujusmodi
1602 711 1635 772 16
1646 709 1687 771 61
1696 703 1970 772 1666666666161

314 811 469 872 dilectum
484 810 589 872 filium
602 811 751 874 nostrum
767 813 805 871 R.
821 808 909 870 tituli
919 807 1031 868 Sancti
1046 807 1114 868 Ste-
1167 808 1316 880 adviam,
1330 811 1366 870 tu
1376 809 1525 870 eeclesiae
1539 809 1661 880 claves,
1676 824 1743 869 non
1754 801 1968 886 6166666616

315 907 417 986 phuni
430 910 464 969 in
476 908 579 970 Coelio
590 908 702 969 Monte
718 907 945 984 presbyterum
957 903 1114 966 cardina-
1167 905 1335 970 baereticae
1345 905 1532 984 pravitatis,
1541 907 1767 978 contemnens,
1779 922 1845 968 non
1859 905 1968 968 solum

313 1006 513 1084 lemabsque
528 1006 705 1082 legationis
722 1005 831 1066 6111616
847 1003 1064 1074 1661166666,
1077 1002 1114 1062 61
1168 1017 1235 1066 666
1254 1004 1380 1066 curasti
1408 1004 1449 1066 ab
1473 1003 1578 1080 ipsius
1604 1004 1752 1081 episcopi
1771 1003 1804 1064 et
1817 1003 1899 1066 cleri
1914 1003 1968 1064 sui

315 1121 382 1165 una
396 1104 566 1166 vobiscum
586 1105 699 1165 votum
723 1101 808 1179 quod
832 1099 989 1162 emiserat
1013 1101 1113 1160 exse-
1168 1102 1399 1179 persecutione
1424 1117 1567 1174 cessare,
1589 1101 1823 1162 verumetiam
1845 1115 1970 1177 aggra-

317 1203 447 1281 qualur.
473 1203 592 1263 Datum
612 1200 779 1271 Laterani,
796 1201 858 1261 XlI
874 1198 941 1260 kal.
967 1196 1111 1272 augusti,
1168 1201 1254 1262 vasti
1266 1200 1380 1261 contra
1388 1216 1462 1260 eum
1475 1200 1592 1261 lortius
1607 1214 1742 1260 manum
1750 1197 1968 1271 tuam,lactus

199 1303 203 1324 '
317 1317 406 1362 anno
417 1299 573 1362 secundo.
1170 1297 1210 1358 de
1223 1297 1356 1358 illorum
1373 1313 1511 1358 numero
1526 1297 1566 1357 de
1583 1311 1721 1374 quorum
1743 1296 1867 1357 1661116
1881 1311 1967 1356 666-

684 1395 745 1482 III
1170 1396 1321 1474 queritur
1335 1396 1505 1468 Dominus,
1518 1395 1631 1458 dicens
1646 1415 1653 1454 :
1670 1397 1834 1456 Percussa
1848 1409 1916 1465 eos,
1933 1394 1968 1454 et

396 1524 450 1583 Aa
472 1521 629 1588 petrum,
652 1521 848 1580 primm-w
864 1517 1033 1579 comptem,
1170 1494 1456 1565 666161666661;
1473 1495 1606 1566 altrici,
1621 1493 1653 1553 ct
1666 1491 1861 1552 retinerent
1875 1494 1967 1552 6661·

617 1633 650 1690 31
664 1633 716 1706 jul.
732 1633 811 1688 lais,
1167 1589 1502 1668 percussionnem(
1522 1587 1547 1668 ).

347 1725 886 1796 [6666666666666666,61666.
902 1727 1083 1790 asangm,
1212 1687 1429 1797 9⁰¹¹d⁰¹0¹1t⁰⁵
1455 1687 1559 1796 igitur
1589 1703 1655 1748 ¹¹0ss
1683 1685 1789 1762 magis
1820 1682 1968 1764 ἰ1180111)

599 1809 645 1859 lib.
659 1809 704 1870 111,
718 1808 791 1872 episc.
803 1808 839 1872 6.]
1171 1801 1443 1863 episcopo,quem
1456 1785 1613 1861 praedicto
1629 1784 1724 1845 modo
1734 1783 1872 1848 exulare
1883 1799 1970 1844 com-

317 1893 1117 1968 1661161666,1111666116666666666166166166116616
1171 1882 1278 1958 pellis,
1295 1883 1467 1959 1111811111111
1484 1883 1539 1959 qui
1559 1881 1642 1942 facis
1666 1895 1686 1942 ἃ
1710 1880 1837 1942 0091θῦῖί
1859 1880 1968 1958 Patria

352 1990 525 2046 sententiam
542 1988 571 2044 in
595 2001 627 2044 se
645 1987 674 2042 in
692 1986 850 2043 turonensi
865 1985 986 2041 coneilio
999 1984 1115 2056 provin·
1171 1980 1303 2041 exulem
1325 1980 1549 2056 temetipsum,
1575 1978 1781 2040 nobilitatem
1801 1979 1892 2040 tuam
1911 1993 1970 2038 ro-

353 2077 418 2133 61611
446 2077 533 2132 latam
557 2074 756 2142 floccifaceret,
786 2072 918 2130 eamdem
941 2072 1117 2130 senteutiam
1172 2077 1315 2152 gandam
1327 2075 1482 2138 duximus
1492 2077 1525 2138 et
1539 2076 1748 2147 monendam,
1764 2091 1824 2152 per
1833 2077 1969 2152 Aposto-

353 2164 498 2222 roboravit
510 2165 663 2232 Honorius,
676 2164 729 2220 nisi
740 2165 840 2220 Petrus
855 2159 1045 2234 resipisceret.
1172 2174 1375 2251 lioaffiripta
1391 2173 1597 2244 mundantes,
1615 2174 1778 2250 quatenus
1788 2187 1970 2247 pgoognos.

358 2273 526 2334 Honorius
542 2273 768 2348 episcopus...,
792 2269 896 2332 nobili
917 2270 989 2331 viro
1005 2268 1116 2330 comiti
1173 2288 1251 2333 cens
1271 2272 1320 2333 tui
1346 2271 1509 2332 beneficia
1533 2271 1710 2342 creatoris,
1732 2272 1764 2332 et
1780 2271 1969 2345 recogitans

319 2371 501 2434 Britanniae
516 2369 565 2450 (6)
589 2370 741 2447 spiritum
755 2367 886 2430 consilii
902 2367 1056 2429 sanioris.
1173 2369 1284 2446 qualia
1300 2368 1363 2429 sibi
1381 2369 1540 2430 hactenus
1554 2367 1690 2430 servitia
1712 2367 1904 2445 rependisti,
1929 2381 1969 2427 ac

361 2469 395 2530 Si
422 2469 574 2546 quisque,
595 2468 696 2528 immo
724 2467 800 2546 6616
827 2465 966 2543 6616666
987 2463 1119 2526 tenetur
1173 2482 1299 2542 ponens
1309 2465 1705 2528 antementistuaeoculos
1715 2463 1854 2527 extremi
1864 2463 1971 2524 borri-

321 2567 414 2630 16616
430 2582 504 2628 6666
526 2565 658 2628 domino
682 2580 742 2626 suo
763 2563 922 2636 devotior,
941 2563 1064 2640 666616
1077 2561 1118 2622 ab
1172 2563 1334 2626 bilitatem
1343 2563 1473 2641 judicii,
1483 2563 1524 2624 de
1537 2579 1600 2640 666
1617 2563 1739 2642 dicitur
1751 2577 1810 2639 per
1825 2559 1970 2638 propbe-

323 2680 363 2727 eo
385 2663 548 2725 beneficia
573 2663 714 2740 percipit
741 2661 882 2740 potiora,
913 2659 948 2722 tu
972 2649 1118 2738 profecto
1174 2663 1263 2722 tam:
1288 2663 1438 2722 Vooedlet
1451 2665 1738 2732 Demlntemare,
1751 2659 1972 2722 insalabitur

322 2763 461 2824 multum
476 2746 1116 2846 1666616116161661166166,61166666,
1173 2761 1219 2820 ibt
1240 2759 1366 2834 sertim
1384 2761 1536 2842 11661666
1553 2761 1626 2819 dics
1640 2761 1708 2830 1116,
1728 2761 1801 2820 dics
1823 2756 1970 2817 tribula-

324 2860 411 2922 sicut
435 2859 468 2920 et
489 2859 572 2920 elios
587 2857 749 2930 homines,
765 2859 855 2918 terra
874 2857 907 2916 16
928 2858 1118 2918 nascentem
1175 2858 1279 2918 tionis
1291 2857 1324 2918 61
1334 2855 1516 2932 6666661166,
1525 2855 1972 2918 diescotamliattseimise-

322 2956 503 3034 exceperit,
530 2955 644 3016 divina
664 2953 804 3029 largitas
830 2953 863 3013 te
888 2952 974 3014 sicut
989 2953 1021 3014 et
1035 2952 1119 3012 alios
1174 2957 1340 3027 61661166
1356 2954 1582 3016 tenebrarum
1591 2955 1625 3014 et
1638 2939 1887 3030 66116161661166
1902 2966 1969 3012 66-

321 3070 388 3117 666
414 3053 561 3132 66116611,
592 3052 672 3130 6616
698 3051 800 3112 immo
822 3049 943 3112 extulit
961 3048 995 3111 61
1008 3049 1119 3110 multis
1175 3056 1260 3114 onice
1274 3053 1477 3119 6116661616,
1491 3053 1563 3112 dies
1576 3052 1665 3112 tubae
1678 3047 1968 3126 elclenporas(c);

322 3151 469 3230 praetulit
479 3149 566 3222 aliis,
583 3149 774 3225 tantamque
783 3147 872 3209 dedit
884 3146 943 3208 tibi
957 3145 1119 3208 bonorum
1175 3135 1316 3212 desistas
1334 3148 1387 3209 vel
1403 3147 1443 3208 de
1467 3151 1588 3209 caetero
1608 3148 1649 3209 ab
1667 3145 1823 3226 operibus
1843 3145 1969 3218 mortis,

321 3249 528 3312 affluentiam
544 3247 764 3324 propriorum,
781 3247 817 3307 ut
842 3245 874 3306 16
897 3243 1029 3306 inhiare
1053 3259 1120 3306 non
1175 3246 1216 3308 ab
1228 3244 1393 3322 operibus,
1404 3245 1551 3322 inquam,
1565 3243 1851 3322 quaetibimortem
1861 3257 1973 3304 aecer·

322 3347 474 3425 oporteat
497 3344 629 3407 alienis.
655 3346 704 3404 Tu
727 3358 817 3414 vero,
848 3342 912 3403 sibi
935 3342 1120 3419 rependens
1176 3345 1252 3405 sunt
1271 3341 1517 3420 sempiternam,
1543 3343 1586 3414 et,
1602 3341 1810 3403 satisfaciens
1833 3341 1971 3418 praelato

322 3445 484 3506 offensam
498 3442 679 3520 prognatia
691 3441 725 3502 et
736 3440 894 3518 iniuriam
911 3455 970 3518 pro
981 3440 1118 3511 honore,
1176 3441 1330 3520 episcopo
1343 3440 1376 3502 et
1388 3434 1518 3500 clericis
1535 3443 1606 3518 ejus
1624 3439 1664 3500 de
1682 3437 1813 3500 damnis
1831 3437 1971 3515 611616-

323 3541 431 3618 ipsum
447 3541 481 3601 i'n
508 3537 693 3600 venerabili
714 3537 817 3599 fratre
837 3541 950 3598 nostro
965 3537 1120 3613 episcopo
1175 3539 1236 3600 riis
1258 3535 1369 3600 taliter
1393 3537 1568 3612 irrogatis,
1593 3537 1626 3624 et
1653 3536 1694 3598 ab
1721 3533 1904 3598 inferendis
1932 3533 1973 3594 de

323 3637 528 3700 Nannetensi
536 3634 582 3716 (b)
590 3635 809 3712 persequeris,
820 3635 855 3694 61
860 3633 1135 3709 indignationem·
1176 3637 1298 3698 caetero
1309 3635 1559 3712 conquiescens,
1574 3635 1677 3696 Deum
1687 3633 1748 3695 tibi
1757 3634 1890 3710 placare
1903 3634 1974 3692 stu-

323 3739 395 3812 ejns
411 3734 527 3796 contra
540 3733 573 3794 te
588 3746 782 3810 provocare,
800 3730 895 3808 quasi
909 3729 995 3792 testa
1005 3732 1121 3792 contra
1176 3731 1255 3794 deas
1270 3746 1330 3811 per
1351 3727 1535 3804 emendam,
1563 3743 1662 3810 quam
1687 3727 1740 3810 (f)
1756 3743 1973 3808 exasperasse

324 3832 460 3908 figulum
473 3831 605 3906 cogitet,
617 3826 1122 3901 nonvereris3bannaetnovum
1177 3830 1324 3892 nosceris
1351 3825 1410 3908 per
1431 3829 1602 3890 offensam.
1632 3829 1798 3906 11166616,
1816 3827 1973 3906 praelatas

325 3928 512 4007 pedagium,
537 3919 958 4005 666166616161161161166,
984 3925 1019 3985 in
1034 3925 1121 3986 civi·
1178 3923 1972 4003 sententiasauctoritateApostolicaroborantes,

323 4027 391 4088 1616
415 4024 622 4086 Ν666616661
643 4023 759 4084 666166
777 4021 947 4099 66116666
969 4021 1122 4083 ecclesiae
1174 4020 1252 4085 illas
1276 4023 1486 4100 praecipimus
1504 4037 1612 4099 ,66666
1638 4023 1680 4084 61
1712 4021 1973 4084 satisfactionem

324 4123 548 4185 Nannetensis
586 4118 861 4184 consuetudinem
898 4117 1120 4196 imponendo,
1178 4121 1374 4197 condignam
1399 4117 1638 4182 inviolabiliter
1663 4119 1850 4193 observari;
1880 4121 1914 4180 et
1945 4118 1975 4178 si

325 4219 476 4282 homines
487 4217 792 4298 ejusdemecolesiae
805 4216 846 4277 ad
861 4216 1122 4293 redemptionem
1177 4217 1301 4281 diutius
1325 4215 1457 4278 easdem
1492 4217 1740 4293 contempseris,
1771 4231 1831 4277 nos
1860 4213 1975 4276 1116166

325 4317 552 4393 multipliciter
567 4313 805 4392 compellendo,
830 4319 862 4375 et
890 4319 950 4391 per
964 4313 1122 4390 quosdam
1171 4315 1282 4379 ’16666
1295 4304 1523 4378 116111616166
1543 4315 1674 4391 penitus
1700 4313 1920 4386 absolvemus,
1936 4327 1976 4374 66

326 4415 497 4476 ministros
526 4411 600 4474 1666
634 4411 748 4472 domos
783 4409 930 4488 episcopi
959 4411 991 4472 et
1018 4411 1122 4488 ipsius
1179 4411 1477 4476 aliasstudebimus
1493 4415 1607 4473 contra
1619 4411 1651 4473 16
1667 4393 1849 4487 aggravare
1865 4409 1977 4472 taliter

326 4513 424 4575 villas
440 4512 472 4573 61
486 4510 635 4588 ejusdem
651 4507 803 4570 ecclesiae
827 4507 1059 4576 comburendo,
1085 4525 1125 4570 ao
1179 4525 1312 4573 manum
1335 4510 1492 4582 nostram,
1521 4503 1607 4587 6661
1626 4509 1759 4570 vexatio
1777 4505 1839 4569 tibi
1853 4507 1977 4570 tribuet

327 4609 507 4689 injiciendo
523 4622 640 4667 manus
662 4605 697 4666 in
722 4601 861 4666 clericos
879 4605 912 4666 et
935 4617 991 4665 ecs
1012 4605 1126 4666 incar·
1179 4607 1395 4676 intellectum,
1410 4609 1443 4669 ei
1457 4605 1679 4682 flagellantem
1693 4619 1864 4682 agnosces,
1877 4617 1976 4683 quem

327 4707 472 4770 cenando
505 4707 603 4782 61666
636 4701 811 4764 adficiendo
840 4701 1030 4774 tormentis,
1057 4719 1124 4763 666
1181 4721 1247 4768 666
1263 4719 1359 4766 curas
1370 4715 1550 4780 agnoscere
1567 4700 1802 4764 blandientem.
1819 4703 1868 4762 Tu
1884 4717 1974 4778 ergo,

328 4805 501 4868 attendens
517 4802 601 4880 6661
618 4800 700 4882 ipsis
716 4815 735 4862 a
750 4799 1022 4861 Dominodicitur
1038 4821 1045 4860 ε
1064 4801 1126 4866 oni
1181 4801 1267 4864 sicut
1293 4801 1346 4864 vir
1371 4801 1541 4878 providus,
1567 4799 1661 4878 aperi
1684 4799 1798 4861 666166
1830 4801 1916 4871 1666,
1945 4800 1978 4860 61

328 4917 389 4966 666
413 4902 534 4977 tanen,
562 4915 617 4960 666
637 4899 766 4974 teissim
792 4897 899 4970 61661
924 4897 1033 4974 scopu
1053 4910 1124 4969 ees,
1180 4901 1295 4962 videas
1310 4914 1351 4961 66
1362 4897 1493 4975 injicias
1509 4895 1623 4974 pedem
1640 4897 1674 4956 16
1685 4895 1839 4974 laqueum
1853 4893 1893 4957 de
1913 4911 1977 4973 666

331 5000 441 5075 lanan
449 4993 615 5072 pupillam
625 4997 711 5057 66611
725 4991 1001 5073 6661(1).Ε16616
1021 5006 1126 5058 vene·
1181 4998 1265 5060 velis
1278 5011 1339 5057 nec
1354 4996 1467 5058 valens
1483 4995 1644 5072 expediri.

329 5097 453 5158 nabiles
469 5093 589 5157 iratres
602 5093 707 5154 nostri
723 5091 925 5152 Turonensis
942 5092 1128 5170 archiepis·
1222 5095 1341 5156 Datum
1357 5091 1523 5164 Laterani,
1536 5085 1643 5168 pridie
1660 5086 1822 5153 kalendas
1833 5090 1977 5167 augusti,

331 5210 432 5272 copus
451 5191 507 5272 (2)
533 5193 566 5254 et
594 5189 797 5266 suffraganei
823 5192 910 5267 ejus,
948 5191 1127 5253 convocato
1183 5189 1610 5273 pontificattrsnostrianno
1625 5189 1735 5251 tertio.

370 5368 411 5440 (6)
427 5369 510 5426 Petro
525 5365 671 5424 lirocensi.
711 5363 913 5440 (1181661666.
1183 5369 1249 5426 dem
1263 5367 1347 5432 111166.
1362 5367 1390 5422 16
1404 5366 1470 5424 61116
1488 5367 1672 5424 conciliorum
1688 5363 1900 5424 collectionibus
1917 5367 1977 5422 vul·

369 5445 394 5510 (l
425 5438 559 5507 1661611,
574 5439 602 5496 8.
1063 5465 1068 5476 ·
1183 5437 1455 5514 gatisreperiuntnr.
1473 5437 1638 5512 (bouqueti

369 5515 397 5581 11
428 5513 554 5570 1666666
569 5509 605 5565 16
618 5511 704 5584 Faya.
746 5555 760 5574 ,
1221 5509 1247 5581 (c
1275 5513 1379 5568 lerum.
1393 5511 1427 5578 V,
1444 5509 1470 5566 3.
1533 5505 1751 5580 dlscrideadum
1764 5507 1828 5582 ipsi.

371 5584 521 5655 (31116666
547 5581 659 5637 66661111
684 5577 768 5650 liujus
790 5587 863 5646 aeta,
880 5575 1050 5634 neementto
1064 5578 1126 5649 661-
1222 5585 1247 5654 (r
1276 5581 1362 5652 sopit.
1385 5583 1407 5647 l,
1421 5581 1462 5636 ll.
1503 5580 1514 5651 (
1554 5579 1655 5638 1161166
1669 5593 1764 5649 quem.
