4250 6404
923 310 1097 370 HONORII
1123 310 1164 368 III
1187 263 1335 372 OPIIRA.
1383 315 1385 322 '

312 316 368 374 121
1904 315 1963 375 12¹8

310 467 509 549 telligimus,
537 467 812 533 transmittamur.
849 468 939 529 Inter
968 469 1107 530 caeteros
1163 469 1268 530 aciem
1284 469 1495 532 discretionis
1510 469 1731 544 intenderent,
1747 471 1960 536 advertentes

311 571 474 650 siquidem
496 567 757 630 sacramentales
784 569 921 626 ornatus
946 566 1107 642 praelato·
1163 567 1381 628 nihilominus
1396 568 1436 628 de
1449 568 1568 646 quihus
1582 569 1758 630 novalibus
1768 572 1960 648 apostolica

311 685 385 730 rum
406 667 556 744 ecclesiae
580 666 678 727 mitra
705 662 906 734 conceditur,
935 679 1008 742 quae
1033 679 1106 725 cum
1164 664 1265 726 Sedes
1276 665 1450 742 intelligat,
1463 666 1706 743 indulgentiam
1724 683 1826 744 super
1837 669 1960 730 talibus

312 768 346 827 in
373 766 480 842 capite
502 763 681 833 deleratur,
707 762 741 822 in
758 777 822 838 quo
837 761 928 836 viget
949 776 1106 822 sensuum
1164 763 1227 840 piis
1247 763 1330 824 locis
1350 780 1553 836 concessam,
1575 780 1641 826 non
1657 765 1705 826 sic
1720 765 1810 827 circa
1824 768 1960 828 novalia

313 863 493 942 plenitudo,
522 877 581 939 per
607 859 772 920 ulsIbilem
803 857 922 919 faciem
949 858 1107 935 praelatus
1162 877 1256 922 novae
1270 861 1554 938 interpretationis
1565 861 1720 935 ludibrio,
1742 863 1866 942 injuria
1882 865 1961 926 rati-

308 963 434 1040 jugIter
455 960 660 1029 admonetur,
680 959 714 1019 ut
735 958 834 1034 caput
864 956 1023 1026 nostrum,
1051 954 1108 1033 qui
1161 961 1289 1034 garant.
1310 959 1501 1020 inhibemus
1524 961 1625 1036 igitur
1651 962 1848 1023 auctoritate
1872 977 1961 1038 prae·-

312 1059 462 1120 Gbristus
475 1059 535 1129 est,
554 1055 726 1117 humiliter
739 1051 922 1115 reverendo
938 1052 979 1114 ad
999 1054 1105 1130 ipsum
1163 1056 1318 1128 sentium,
1339 1060 1375 1118 ut
1391 1057 1503 1118 nullus
1528 1074 1547 1120 a
1569 1057 1663 1120 vobis
1682 1058 1722 1118 de
1741 1059 1915 1120 novalibus
1940 1077 1961 1122 a

311 1159 406 1219 actus
430 1154 553 1231 dirigat
576 1153 763 1224 universos,
789 1168 863 1212 cum
881 1151 924 1213 sit
945 1151 1107 1212 bonorum
1161 1157 1309 1234 tempore
1329 1156 1467 1216 concilii
1485 1156 1639 1229 excultis,
1660 1157 1713 1217 vel
1733 1157 1768 1218 in
1789 1159 1958 1235 posterum

313 1255 459 1316 omnium
475 1253 546 1329 ipse
558 1251 709 1312 donator.
727 1251 806 1310 Cum
823 1249 926 1326 igitur
939 1251 1108 1310 monaste·
1162 1253 1306 1330 propriis
1322 1252 1475 1314 manibus
1487 1255 1546 1315 aut
1558 1254 1743 1330 sumptibus
1753 1255 1955 1327 excolendis

312 1353 399 1414 rium
421 1351 536 1412 Sancti
558 1348 727 1412 Benedicti
750 1363 850 1424 super
866 1347 1003 1418 Padunr,
1020 1346 1106 1423 quod
1162 1350 1308 1410 decimas
1331 1351 1956 1431 611661616161161666161166661161.

312 1452 497 1512 Romanam
528 1445 710 1508 Ecclesiam
743 1444 836 1506 nullo
865 1445 1004 1521 respicit
1036 1460 1108 1504 me·
1162 1447 1253 1508 Nulli
1276 1448 1541 1524 ergobominum
1563 1449 1663 1510 liceat
1688 1450 1774 1512 hanc
1799 1451 1957 1527 paginam

312 1547 435 1618 diante,
452 1547 583 1606 sincera
602 1544 779 1618 diligamus
795 1541 830 1602 in
846 1542 985 1602 Domino
1001 1541 1108 1602 cbari-
1162 1547 1284 1607 nostrae
1309 1545 1517 1608 inhibitionis
1536 1545 1730 1622 infringere,
1749 1548 1863 1609 etesi
1882 1549 1956 1626 quis

310 1646 389 1716 tate,
404 1644 552 1706 volentes
567 1643 676 1719 ipsum
687 1641 722 1701 in
735 1641 767 1701 te
780 1639 922 1716 aliquus
933 1638 1106 1714 dignitatis
1161 1645 1284 1714 autem,
1301 1643 1363 1704 etc.

311 1741 487 1820 privilegio
502 1740 671 1810 decorare,
685 1739 721 1800 ut
735 1738 767 1798 et
778 1736 934 1798 Ecclesiae
947 1739 1105 1798 Romanae
1202 1743 1319 1822 Datum
1335 1742 1490 1802 Laterani
1505 1743 1565 1803 Xll
1581 1743 1655 1804 Kal.
1674 1743 1796 1814 martii,
1818 1743 1955 1820 pontifi.

311 1841 417 1915 magis
428 1838 550 1899 existat
560 1835 724 1898 obnoxius
734 1835 767 1896 et
781 1834 929 1906 devotus,
942 1837 974 1894 et
988 1833 1106 1895 lortius
1162 1839 1254 1900 catus
1271 1839 1375 1900 nostri
1389 1855 1476 1900 anno
1492 1841 1601 1901 terno.

310 1939 343 1998 et
357 1935 525 1998 esllcacius
541 1933 694 2009 regimini
711 1931 877 1994 commissi
893 1930 952 1992 tibi
972 1947 1107 1993 monas·
1471 2001 1648 2088 CXXVII

308 2033 385 2096 terii
401 2031 522 2106 debeas
543 2031 730 2097 imminere,
751 2045 846 2090 usum
871 2028 978 2090 mitrae
999 2028 1059 2091 tibi
1074 2031 1107 2090 et

310 2128 557 2193 successoribus
592 2128 658 2190 tuis
695 2127 736 2188 de
770 2126 975 2202 benignitate
1011 2126 1105 2188 Sedis
1201 2137 1251 2194 Ad
1265 2135 1432 2195 (1666111611
1442 2133 1475 2195 et
1484 2137 1672 2208 capitatum
1684 2137 1913 2198 parisienses.

1454 2257 1486 2313 18
1501 2255 1571 2313 febr.
1587 2259 1665 2315 1219.

308 2228 508 2304 Apostollcae
532 2225 754 2300 indulgemus.
771 2223 864 2284 Nulli
884 2239 975 2298 ergO,
989 2224 1052 2286 616.
1071 2225 1106 2286 Si

1162 2316 1293 2424 IGudmrd,
1303 2362 1442 2413 cartulaire
1454 2362 1485 2412 de
1494 2362 1587 2426 l'eglise
1597 2365 1627 2414 de
1637 2365 1658 2414 N
1661 2366 1712 2416 .-b.
1726 2364 1845 2425 dei’aris,
1854 2365 1875 2426 l,
1887 2365 1954 2431 111]

308 2325 382 2403 quis
406 2325 528 2394 autem,
554 2324 615 2384 616.
644 2324 717 2384 Dat.
741 2321 897 2383 Laterani
925 2323 1002 2382 Xlll
1030 2322 1103 2382 liat.

308 2423 432 2494 mm'ffl’
450 2421 662 2498 p⁰¹¹tifl⁰³tu⁵
677 2419 783 2480 nostri
795 2433 883 2478 ΜΟ
897 2419 1005 2480 mio·
1161 2461 1234 2533 lpsIs
1258 2461 1388 2534 indulget
1408 2460 1535 2519 decimas
1563 2463 1706 2522 novalium
1730 2463 1766 2522 de
1792 2465 1955 2522 nemoribus

1195 2550 1255 2607 suis
1277 2551 1407 2622 propriis,
1432 2566 1496 2622 quae
1528 2549 1685 2610 habuerant
1711 2562 1777 2611 ante
1798 2555 1955 2613 Concilium

465 2687 467 2696 .
628 2577 784 2666 CXXVI
1195 2640 1342 2712 generale,
1359 2647 1441 2711 prout
1458 2639 1623 2714 redigentur
1638 2643 1667 2699 in
1682 2650 1828 2716 posterum
1843 2642 1878 2699 ad
1893 2643 1953 2700 cul·

392 2703 1017 2768 AdProemorastratensemabbatem.
1195 2734 1298 2786 mmm,

599 2805 716 2864 161611.
735 2807 814 2864 1119.

454 2915 595 2980 [16111166.
606 2913 672 2964 Bibl.
684 2916 889 2970 premonstrat„
900 2913 967 2978 1111]

307 3019 596 3076 Praemonstratensoe
617 3011 742 3068 decimas
764 3010 799 3068 de
819 3009 969 3068 novalibus
993 3024 1008 3066 a
1030 3016 1104 3068 tem·

1200 2838 1377 2910 Honorius,
1403 2839 1478 2910 etc,
1508 2839 1638 2901 dilectis
1666 2836 1744 2903 filiis
1768 2841 1893 2904 decano
1923 2845 1955 2905 et

1161 2935 1305 3012 capitulo
1323 2936 1517 3008 Parisiensi‚
1533 2937 1675 2999 salutem
1693 2939 1726 2998 et
1738 2940 1954 3016 apostolicam

343 3120 412 3178 pore
425 3102 542 3162 donetlti
557 3100 687 3169 excultis,
698 3099 811 3157 solvere
825 3113 883 3156 non
896 3107 1039 3157 teneatur.

346 3211 525 3278 Honorius,
548 3211 623 3280 etc„
640 3208 770 3268 dilectis
791 3207 869 3269 tiliis
884 3206 995 3268 abbati
1013 3209 1106 3268 Prae-

307 3308 546 3372 monstratensi
561 3309 594 3368 et
608 3304 774 3366 universis
798 3303 1013 3366 coabbatibus
1035 3305 1104 3365 suis

306 3411 339 3470 et
354 3406 524 3477 iratribus,
536 3404 597 3465 sub
612 3403 728 3465 eodem
742 3402 858 3464 ordine
872 3403 939 3464 Deo
954 3403 1106 3464 servien-

306 3505 408 3586 tibus
436 3504 576 3564 salutem
603 3502 635 3562 et
657 3500 872 3577 apostolicam
896 3499 1103 3562 henedictio-

304 3619 397 3670 nem.

348 3696 689 3773 Contingitinterdum
698 3695 784 3772 quod
796 3694 949 3756 nonnulli
959 3695 1104 3772 propriis

307 3795 535 3858 incumbentes
569 3792 754 3864 affectibus,
782 3792 859 3852 dum
895 3793 1103 3855 sanctionum

307 3909 441 3954 sensum
461 3891 645 3968 legitimum
669 3891 709 3952 ad
727 3905 788 3951 sua
808 3893 885 3952 vota
900 3907 966 3951 non
981 3889 1104 3951 babent

307 3987 1104 4065 accommodum,superadducuntadulterumin-

304 4089 487 4160 tellectum,
500 4086 724 4164 intemporali
737 4085 932 4162 compendio
941 4086 1102 4147 aeternum

304 4186 516 4264 dispendium
539 4201 606 4246 non
620 4185 785 4246 timentes.
804 4185 891 4244 Sane
906 4183 992 4244 sicut
1006 4182 1105 4243 audi-

256 4355 257 4360 ,
303 4287 426 4356 vimus,
444 4283 578 4360 quidam
593 4297 653 4343 suo
669 4281 768 4342 nimIs
784 4279 987 4342 inhaerentes
1003 4280 1102 4356 inge-

304 4383 371 4451 nio,
393 4380 598 4456 nimiumque
614 4379 808 4448 voluntarii,
836 4378 976 4440 Cttncilii
997 4393 1103 4454 gene-

303 4479 386 4540 ralis
414 4477 623 4553 interpretes,
651 4473 692 4534 de
715 4475 889 4535 novalibus
918 4477 991 4551 post
1016 4475 1103 4536 idem

306 4574 486 4636 concilium
523 4571 709 4649 acquisitis,
742 4586 762 4631 a
795 4569 890 4632 vobis
926 4571 1104 4633 intendunt

307 4673 454 4735 decimas
472 4673 682 4746 extorquere.
704 4669 754 4729 Ne
769 4683 869 4744 super
884 4669 926 4730 iis
942 4685 1001 4730 vos
1023 4685 1104 4731 con-

305 4771 412 4846 tingat
437 4767 583 4830 indebita
618 4765 850 4828 molestatione
882 4765 1012 4839 1611611,
1043 4783 1103 4828 nos

306 4865 613 4945 interpretationem
636 4864 769 4924 illorum
796 4863 980 4926 intellectui
1002 4881 1104 4926 cons-

305 4963 471 5027 titutionis
510 4961 660 5040 praedicti
697 4960 832 5022 concilii
869 4977 970 5038 super
1005 4965 1101 5023 Prae-

305 5061 599 5124 monstratensium
627 5059 764 5121 decimis
791 5059 899 5129 editae,
920 5060 1102 5122 asserimus

304 5159 525 5238 peregrinam.
545 5159 581 5218 In
594 5157 667 5234 ipsa
683 5157 815 5234 quidem
831 5173 988 5234 expresse
1003 5173 1103 5220 cave-

1160 3031 1434 3094 benedictionem.

1200 3133 1281 3192 Cum
1303 3147 1322 3192 a
1342 3131 1438 3192 nobis
1465 3131 1588 3208 petitur
1600 3131 1686 3211 quod
1700 3135 1828 3211 Justum
1853 3136 1903 3196 est
1922 3139 1955 3196 et

1161 3227 1345 3298 honestum,
1367 3231 1434 3290 tam
1451 3231 1548 3305 vigor
1569 3231 1734 3308 aequitatis
1759 3247 1858 3309 quam
1873 3231 1954 3293 ordo

1160 3327 1265 3402 exigit
1278 3327 1429 3398 rationis,
1445 3330 1481 3389 ut
1502 3327 1535 3388 id
1553 3343 1612 3404 per
1631 3327 1887 3391 sollicitudinem
1903 3329 1956 3390 oi-

1160 3424 1227 3485 ficii
1241 3425 1346 3486 nostri
1357 3424 1398 3484 ad
1412 3423 1557 3487 debitum
1569 3425 1770 3502 perducatur
1780 3427 1952 3501 effectum3

1159 3537 1198 3582 66
1222 3523 1366 3598 propter,
1389 3521 1499 3585 dilecti
1517 3523 1550 3583 in
1573 3525 1712 3585 Domino
1736 3523 1806 3596 tilii,
1833 3527 1955 3588 vestris

1155 3621 1254 3696 jrrstis
1284 3620 1562 3696 postulationibus
1585 3623 1680 3698 grato
1718 3624 1954 3686 concurrentes

1158 3733 1308 3790 assensu,
1339 3717 1484 3779 decimas
1507 3718 1676 3780 novalium
1703 3720 1743 3781 de
1763 3721 1954 3782 nemoribus

1159 3815 1280 3876 vestris
1296 3815 1450 3891 propriis,
1472 3831 1544 3894 quae
1556 3816 1719 3879 habuistis
1734 3820 1811 3879 ante
1829 3819 1952 3880 Conci-

1158 3912 1415 3988 liumgenerale,
1429 3915 1527 3989 prout
1536 3913 1772 3990 redigenturln
1785 3917 1954 3992 posterum

1159 4010 1199 4072 ad
1215 4010 1390 4081 culturam,
1408 4011 1502 4072 vobis
1517 4011 1557 4071 de
1572 4011 1710 4089 speciali
1726 4013 1834 4089 grette
1847 4014 1955 4075 indul·

1158 4123 1284 4184 gemus,
1310 4109 1356 4168 ita
1371 4110 1483 4170 tamen
1503 4112 1539 4170 ut
1563 4109 1705 4172 satisfiat
1725 4110 1953 4173 sacerdotibus

1158 4207 1390 4283 competenter,
1407 4207 1592 4283 inquorum
1606 4207 1774 4284 parochiis
1787 4211 1864 4270 sunt
1881 4209 1955 4286 ipsa

1158 4320 1294 4366 nemora
1317 4304 1507 4366 constituta.
1530 4304 1622 4365 Nulli
1647 4321 1736 4382 ergo,
1754 4308 1954 4368 cimbatum

1158 4403 1385 4464 Lateraninl
1399 4401 1473 4464 Kal.
1487 4401 1598 4463 martii
1609 4403 1820 4479 pontificatus
1842 4405 1949 4466 nostri

1159 4494 1247 4561 an'no
1262 4500 1371 4561 tertio.

1458 4615 1655 4702 CXXVIII

1237 4751 1289 4809 Ad
1309 4749 1465 4810 abbatom
1484 4750 1871 4814 Proernonstratcnsem.

1448 4863 1483 4920 18
1497 4863 1567 4920 iebr.
1581 4864 1659 4922 1219.

1298 4969 1342 5034 [16
1357 4968 1442 5032 Pnige,
1458 4969 1524 5020 Bibl.
1539 4971 1730 5020 Prasmonstrai.
1746 4971 1813 5037 ont]

1192 5069 1325 5128 Decimae
1343 5069 1486 5125 novalium
1502 5071 1790 5127 Praemonstratenses
1808 5072 1918 5129 solvere

1444 5171 1501 5214 non
1522 5163 1663 5216 tenentur.

302 5260 369 5330 tur,
401 5257 438 5318 ut
473 5256 515 5317 de
548 5256 667 5316 alienis
693 5256 806 5326 terris,
833 5259 865 5317 et
896 5253 1015 5317 amodo
1040 5272 1101 5317 ac·
1196 5257 1373 5328 Honorius,
1404 5257 1478 5328 etc,
1496 5255 1626 5318 dilectis
1642 5257 1720 5319 111116
1735 5257 1845 5322 abbati
1856 5263 1953 5322 Prae-

304 5353 485 5434 quir-endis,
517 5352 546 5413 si
576 5367 633 5413 eas
674 5353 818 5428 propriis
856 5353 1009 5414 manibus
1045 5355 1103 5415 aut
1157 5354 1391 5418 monstratensi
1415 5355 1448 5414 et
1464 5354 1629 5416 universis
1645 5355 1859 5418 coabbatibus
1880 5361 1954 5434 ejus

304 5451 489 5530 sumptibus
519 5448 700 5520 colueritis,
733 5449 879 5511 decimas
903 5449 1101 5526 persolvatis
1156 5456 1189 5516 et
1216 5452 1385 5524 iratribus,
1403 5452 1544 5514 salutem
1566 5455 1598 5513 et
1621 5453 1838 5529 apostolicam
1857 5455 1956 5517 bene-

304 5551 466 5623 ecclesiis,
489 5547 607 5627 quibus
628 5548 759 5609 ratione
782 5549 984 5625 praediorum
1003 5552 1100 5611 antea
1157 5550 1346 5613 dictionem.

304 5649 528 5712 solvebantur.
569 5645 661 5708 Unde
695 5645 723 5706 si
753 5646 793 5706 ad
825 5663 929 5724 prope
958 5647 1101 5725 postium
1196 5649 1368 5726 Quiaejus
1387 5648 1438 5710 est
1458 5647 1955 5728 1116161616161616,66166661
