4250 6404
410 221 423 260 l

341 381 398 437 131
960 363 1371 452 1133331113313111.
1567 333 1576 346 ⁸
1924 365 1985 432 ica

342 534 855 614 praesentiarumrationabiliter
873 535 1060 614 possidetis,
1075 534 1134 597 ant
1227 534 1415 598 Gaudemus
1456 530 1610 596 mandata
1644 533 1757 595 nostra
1791 527 1984 594 rationabili

340 636 375 696 in
387 633 768 712 luturumJustismodis,
786 635 965 712 praestante
979 633 1130 705 Domino,
1183 633 1375 694 executioni
1392 632 1556 703 mandari,
1572 633 1609 693 ut
1621 631 1754 693 affectui
1773 633 1888 693 nostra
1909 631 1984 692 evi-

340 729 492 809 poteritis
505 731 656 808 adipisci,
672 731 732 792 sub
747 730 836 792 beati
845 730 976 792 Petriet
985 731 1132 791 nostram
1185 731 1266 790 dens
1286 731 1462 792 attestetur
1489 729 1637 800 effectus,
1666 729 1699 790 et
1727 729 1906 805 unicuique
1927 732 1983 804 jus

339 829 577 906 protectionem
593 829 803 907 suscipimus,
816 827 1006 904 specialiter
1020 829 1130 888 autem
1186 827 1357 904 proprium
1380 825 1557 888 tribuatur.
1582 825 1801 902 Significastis
1820 823 1984 902 siquidem

339 923 1131 999 decimasPutinensisecclesiaeetdePrampercb
1186 922 1292 994 nobis,
1324 922 1410 999 quod
1444 937 1518 982 cum
1541 919 1788 985 venerabilibus
1822 920 1983 982 iratribus

338 1021 635 1083 etEdlizecclesias
646 1038 720 1082 cum
731 1020 880 1082 ecclesiis
891 1021 924 1082 et
938 1019 1078 1096 capellis
1089 1018 1153 1080 ad¹
1184 1018 1348 1080 nostris...
1381 1019 1504 1094 Regcn.
1529 1017 1599 1079 et...
1637 1018 1856 1094 Antipolitan.
1892 1017 1985 1092 epis·
2114 1005 2115 1016 ’

338 1134 396 1178 333
425 1118 677 1195 pertinentibus,
694 1135 775 1194 quas
801 1117 865 1194 pias
889 1117 1130 1179 recordationis
1186 1113 1840 1193 copis,etdilectctllio...abbatillloreg.
1855 1111 1982 1178 nostris

339 1215 458 1276 Eberb.
472 1214 641 1288 salzburg.
654 1213 864 1288 archiepisc„
876 1212 917 1274 de
929 1214 1068 1289 capituli
1078 1213 1131 1273 sui
1184 1213 1374 1274 dederimus
1387 1214 1507 1275 litteris
1521 1213 1558 1274 in
1573 1213 1737 1275 mandatis
1754 1213 1790 1273 ut
1803 1229 1844 1274 ea
1857 1229 1930 1290 quae
1941 1213 1983 1275 de

340 1329 491 1382 assensu,
508 1312 548 1372 ad
561 1325 656 1387 quem
671 1310 889 1386 pertinebant,
904 1311 1011 1372 eidem
1024 1311 1131 1371 eccle·
1185 1311 1383 1387 patrimonio
1408 1311 1582 1373 Recbelini
1597 1311 1760 1387 quondam
1785 1311 1981 1375 monasterii

338 1409 397 1470 siae
413 1410 531 1469 vestrae
546 1407 684 1484 provida
701 1406 943 1469 deliberatione
954 1408 1128 1478 concessit,
1184 1408 1288 1469 rastri
1301 1407 1455 1470 monachi
1470 1407 1512 1469 de
1530 1407 1684 1469 mandato
1697 1406 1803 1468 felicis
1818 1407 1981 1468 recorda-

337 1506 543 1567 constituens
556 1506 592 1565 ut
608 1504 643 1564 in
665 1505 831 1580 praedictis
847 1505 998 1566 ecclesiis
1013 1507 1132 1566 Pram-
1149 1523 1152 1528 ·
1184 1504 1285 1566 tionis
1308 1505 1492 1570 Innocentii
1514 1521 1608 1582 papae
1623 1504 1879 1581 predecessoris
1900 1520 1984 1565 nos-

337 1601 439 1679 percb
449 1602 482 1664 et
496 1601 587 1662 1111111
602 1601 691 1662 beati
705 1601 879 1678 Augustini
890 1602 1012 1684 regula,
1021 1600 1131 1663 obser·
1153 1593 1154 1596 ’
1184 1601 1230 1662 tri
1256 1601 1351 1664 robis
1375 1602 1508 1664 lucrant
1537 1603 1717 1678 assignata,
1741 1617 1800 1663 ros
1832 1601 1981 1664 tacerent

336 1701 493 1772 retur,ct
513 1699 630 1761 adeas
659 1715 718 1776 per
732 1699 1022 1775 praesentationem
1050 1699 1131 1761 Rei·
1184 1698 1323 1774 paciaco
1348 1699 1519 1776 possidere
1543 1699 1619 1776 ipsi,
1643 1698 1980 1760 sicutnobis'litteris

336 1797 612 1876 chenspergensis
638 1796 808 1874 praepositi
831 1799 865 1857 et
887 1796 1129 1860 institutionem
1184 1795 1400 1870 intimarunt,
1429 1796 1619 1858 mandatum
1651 1797 1800 1857 nostrum
1836 1795 1983 1858 fideliter

338 1895 590 1972 salzburgensis
625 1893 879 1972 archiepiscopi,
907 1893 1052 1956 ministri
1089 1894 1130 1955 da
1184 1893 1414 1970 exsequentes,
1435 1893 1619 1954 Massiliam
1637 1891 1856 1969 personaliter
1870 1907 1982 1954 acces·

335 1996 447 2055 vestro
463 1993 602 2068 collegio
618 1993 852 2052 assumantur:
867 1991 1131 2068 cujusconstitu-
1184 1989 1301 2051 serunt
1312 1990 1346 2051 ct
1362 1989 1397 2050 13
1414 1989 1555 2051 veritate
1570 1989 1713 2065 cognita,
1724 1989 1809 2065 quod
1824 1990 1980 2066 assigna-

334 2091 458 2152 tionem
483 2105 583 2166 super
605 2088 658 2149 his
680 2104 889 2150 successores
903 2088 1022 2165 ipsius,
1039 2090 1129 2148 Con·
1184 2086 1231 2148 tio
1259 2087 1318 2148 illa
1345 2085 1553 2149 rationabilis
1587 2086 1705 2157 iuerat,
1733 2087 1840 2162 ipsam
1860 2088 1939 2149 auct
1959 2115 1979 2132 ··

335 2188 435 2250 radus
463 2186 628 2258 videlicet,
661 2185 824 2258 Albertus,
869 2187 902 2248 et
929 2187 1129 2248 Ewerardus
1184 2183 1283 2246 ritate
1317 2186 1444 2255 nostra,
1482 2186 1655 2246 uteorum
1688 2183 1801 2245 verbis
1833 2185 1978 2257 utamur,

336 2284 592 2360 salzburgenses
603 2283 846 2361 archiepiscopi
859 2284 929 2344 suis
946 2284 1129 2361 privilegiis
1184 2281 1421 2358 approbarunt,
1448 2281 1480 2344 et
1515 2279 1765 2352 confirmarunt,
1795 2283 1829 2343 31
1856 2284 1900 2353 13,
1930 2281 1979 2342 1111

240 2407 241 2412 ¹
334 2379 588 2454 confirmarunt,
606 2379 783 2441 ecclesiam
799 2395 929 2456 quoque
945 2381 1129 2442 Mnnstewz
1184 2377 1297 2450 abbas,
1320 2378 1563 2456 possessionem
1599 2393 1711 2439 rerum
1734 2379 1979 2454 assignatarum

335 2478 459 2540 abonae
471 2477 640 2538 memoriae
649 2477 1017 2555 Pataviensiepiscopo,
1032 2494 1129 2555 quam
1185 2477 1342 2538 curarent
1351 2491 1474 2552 ponere
1486 2476 1704 2552 corporalem,
1715 2474 1777 2536 sub
1788 2490 1981 2537 excommu-

334 2576 433 2637 etiam
448 2591 468 2636 3
482 2575 589 2635 1311313
611 2573 855 2636 recordationis
876 2574 1022 2636 Adriano
1044 2590 1130 2652 papa
1184 2572 1362 2636 nicationis
1384 2589 1480 2649 poena
1506 2573 1689 2635 districtius
1715 2572 1913 2645 inhibentes,
1937 2589 1980 2633 ne

333 2673 578 2752 praedecessore
593 2674 705 2734 nostro
726 2671 875 2732 ecclesiae
896 2673 1015 2733 restrae
1037 2687 1131 2734 asse-
1184 2669 1308 2746 aliquis
1329 2686 1430 2747 super
1450 2671 1659 2748 possessione
1682 2671 1754 2747 ipsa
1776 2686 1835 2730 vos
1848 2686 1977 2748 praesu-

334 2772 420 2832 11131
443 2769 648 2842 confirmata,
668 2786 742 2830 cnm
758 2769 895 2831 decimis
910 2771 943 2832 et
956 2769 1040 2847 aliis
1053 2785 1131 2846 per·
1184 2767 1288 2830 meret
1302 2768 1490 2830 molestare.
1505 2767 1599 2830 Unde
1611 2767 1707 2828 nobis
1718 2767 1888 2828 humiliter
1898 2783 1981 2844 sup·

334 2867 515 2930 tinentibus
538 2867 627 2938 suis,
656 2868 689 2929 et
714 2867 898 2928 decimasa
923 2867 987 2944 piae
1014 2883 1129 2929 recor·
1185 2865 1333 2941 plicastis
1358 2867 1491 2942 atquae
1515 2880 1576 2942 per
1600 2865 1705 2926 dictos
1735 2866 1907 2942 episcopos
1945 2868 1980 2927 et

335 2965 516 3026 dationis...
543 2963 750 3038 Frisingensi
785 2963 939 3040 episcopo
955 2963 1005 3024 de
1032 2963 1129 3040 oapi·
1183 2961 1335 3025 abbatom
1361 2979 1461 3039 super
1478 2957 1542 3024 boc
1568 2964 1641 3024 acta
1665 2963 1756 3034 sunt,
1777 2963 1976 3025 auctoritate

333 3062 479 3124 tutorum
508 3076 644 3121 suorum
672 3075 812 3121 assensu
843 3059 949 3122 eidem
978 3060 1128 3124 ecclesiae
1183 3060 1398 3136 dignaremur
1411 3059 1778 3138 Apostolicaroborare.
1796 3062 1864 3121 Nos
1876 3060 1983 3136 igitur

332 3161 454 3221 restrae
476 3158 625 3229 collatae,
643 3157 767 3234 praedia
782 3157 920 3234 insuper
933 3159 967 3218 in
986 3157 1081 3220 Elvin
1097 3159 1130 3220 et
1182 3159 1303 3219 vestris
1316 3158 1416 3238 justis
1431 3156 1584 3234 precibus
1605 3156 1769 3228 inclinati,
1788 3158 1980 3234 buJusmodi

334 3257 464 3319 Graben
493 3272 512 3316 a
540 3254 741 3333 quandam...
759 3253 872 3316 comiti
890 3255 1018 3316 Allensi
1041 3261 1074 3318 et
1092 3256 1128 3318 in
1182 3270 1373 3331 processum
1394 3269 1520 3322 eorum,
1544 3252 1630 3314 siout
1649 3253 1859 3316 rationabilis
1874 3257 1925 3318 est
1947 3257 1982 3318 31

332 3355 516 3432 Vilpacba
553 3352 718 3431 quondam
747 3351 917 3414 Hartivico
946 3369 1020 3414 cum
1052 3353 1127 3415 aliis
1182 3350 1773 3429 313111133333131113131333131133
1795 3351 1980 3414 conflrma-

334 3451 470 3530 praediis
485 3452 520 3512 in
542 3450 672 3522 Gurtin,
688 3448 725 3509 in
739 3448 922 3526 Mnlperoh,
936 3449 972 3511 13
987 3452 1126 3521 Howen,
1182 3467 1254 3510 mus
1280 3451 1313 3511 et
1331 3448 1506 3526 praesentis
1535 3449 1649 3525 scripti
1676 3449 1861 3525 patrocinio
1888 3465 1981 3512 conr-

336 3547 897 3623 inPotecbovenetinwanepach,
911 3547 1129 3624 inHagening
1182 3546 1359 3608 munimus.
1382 3546 1473 3608 Nulli
1495 3561 1585 3622 ergo,
1603 3547 1664 3608 ete.
1687 3548 1805 3608 Datum
1820 3549 1981 3608 Laterani

339 3646 531 3720 Urinering‚
560 3643 823 3720 Anthriesgurcb
853 3646 885 3706 31
910 3644 944 3704 13
972 3644 1126 3717 Bavaria,
1181 3645 1227 3704 XI
1238 3641 1305 3704 1131.
1316 3643 1412 3722 april.
1429 3642 1640 3721 pontificatus
1651 3643 1756 3704 nostri
1767 3657 1855 3705 anno
1865 3645 1978 3706 tertio.

334 3743 470 3806 Austria
490 3743 523 3804 et
543 3741 704 3812 Marcbia,
722 3756 863 3802 necnon
883 3757 957 3802 cum
979 3741 1143 3814 decimis,
1223 3739 1387 3817 Scriptum
1401 3742 1453 3801 331
1465 3755 1566 3817 super
1575 3740 1638 3801 hoc
1647 3739 1979 3801 conservatoribus...

333 3839 528 3912 redditibus,
545 3838 686 3910 mandis,
716 3837 924 3900 libertatibus
947 3839 1045 3916 atque
1058 3838 1127 3900 im·
1183 3828 2002 3915 3131133113’1313333311311331333333133333.·

334 3937 551 4000 munitatibus
567 3935 607 3996 ab
628 3934 777 3996 ecclesiae
803 3934 1053 4010 salzburgensis
1072 3949 1129 3996 ar·
1159 4017 1160 4020 Ἴ
1183 3934 1381 4006 (laudemus,
1391 3935 1466 4007 etc,
1481 3949 1588 4009 usquc
1598 3934 1757 3996 roborare
1768 3934 1878 3996 verbis
1891 3951 1980 3996 com·

335 4033 557 4112 chlepiscopis
574 4031 704 4094 eclesiae
717 4033 836 4094 restrae
849 4032 1028 4104 concessis,
1043 4033 1129 4096 sicut
1183 4033 1332 4110 patenter
1345 4031 1491 4094 mutatis.
1515 4034 1584 4094 Nos
1609 4031 1713 4108 igitur
1737 4047 1852 4093 eornm
1876 4032 1982 4109 justis

334 4148 375 4194 ea
390 4131 501 4194 omnia
523 4129 639 4192 eadem
659 4129 801 4189 ecclesia
820 4130 910 4206 juste
929 4143 968 4190 ac
993 4131 1129 4206 pacifice
1183 4127 1978 4207 precihusinclinatl,hujusmadiprocessum,etc.

334 4229 493 4314 possidet,
517 4230 551 4289 et
577 4227 613 4288 in
648 4225 911 4304 supradictorum
926 4227 1129 4304 archiepis·
1183 4225 1344 4297 Quocirca
1367 4225 1559 4287 discretioni
1579 4221 1700 4287 vestre
1715 4239 1774 4301 per
1787 4223 1978 4314 Apostolica

334 4342 493 4403 caporum
524 4325 645 4386 litteris
672 4324 871 4394 continetur,
895 4323 988 4386 vobis
1014 4327 1048 4388 et
1070 4342 1130 4402 per
1184 4323 1306 4400 scripta
1334 4324 1540 4394 mandamus,
1571 4324 1736 4400 quatenus
1759 4337 1847 4399 saepe
1871 4321 1979 4384 dictos

334 4439 395 4488 ros
409 4423 474 4500 ipsi
486 4421 637 4484 ecclesiae
653 4421 774 4482 vestrae
784 4419 980 4484 anctoritate
994 4425 1130 4499 Aposto-
1185 4419 1336 4483 abbatem
1350 4421 1384 4482 31
1394 4419 1593 4482 conventum
1606 4432 1706 4496 super
1717 4419 1898 4496 praemissis
1910 4435 1979 4480 nan

335 4523 401 4583 lica
415 4519 650 4581 confirmamus
662 4519 695 4578 et
705 4517 879 4592 praesentis
892 4519 1006 4595 scripti
1017 4523 1132 4597 patro·
1161 4517 1382 4595 ,permittatis
1408 4518 1523 4579 333113
1563 4517 1687 4578 nostrae
1717 4516 1980 4578 confirmationis

336 4619 424 4682 cinio
441 4615 693 4678 communimus.
707 4613 798 4674 Nulli
818 4629 909 4690 ergo,
926 4617 987 4677 etc.
1006 4619 1130 4695 Siquis
1184 4617 1332 4678 tenorem
1358 4613 1399 4675 ab
1427 4612 1594 4692 aliquibus
1624 4613 1771 4675 indebite
1792 4613 1977 4675 molestari.

337 4719 459 4786 autem,
475 4716 536 4775 etc.
546 4713 664 4772 Datum
686 4713 843 4774 Laterani
857 4713 916 4773 XV
929 4713 997 4776 1131.
1013 4716 1131 4794 aprilis
1184 4712 1413 4774 Molestatores
1425 4726 1540 4772 earum
1550 4709 1715 4772 indebitos
1731 4726 1979 4788 percensuram

337 4808 665 4891 pontificatusnostri
680 4823 769 4870 anno
783 4809 892 4871 tertio.
1185 4807 1443 4870 ecclesiasticam
1453 4805 1675 4884 appellatione
1690 4808 1874 4885 postposita
1889 4823 1983 4869 com·

657 4949 816 5040 CLVIII
1185 4907 1365 4984 pascentes.
1380 4905 1497 4966 Datum
1513 4907 1549 4966 ut
1561 4919 1673 4983 supra.

337 5081 388 5141 Ad
402 5077 555 5138 abbatem
572 5075 605 5138 et
622 5077 827 5137 convectam
848 5075 965 5136 Sancti
989 5077 1132 5140 Victoris
1522 5037 1639 5126 CLIX

616 5175 853 5236 Massiliensis.
1286 5163 1338 5222 Ad
1359 5163 1515 5234 priorem
1539 5166 1688 5226 33313313
1708 5167 1742 5226 s.
1768 5165 1881 5226 Patri.

622 5286 656 5344 22
675 5292 757 5342 mart,
775 5285 853 5342 1219,
1465 5257 1601 5316 2631311.
1624 5259 1702 5318 lilt.

371 5387 490 5453 [namq
501 5385 545 5436 ph·
557 5385 591 5434 ΠΙ
602 5382 677 5448 epist·
688 5381 744 5432 340.
754 5382 812 5431 pp„¹
824 5383 860 5433 La
868 5382 946 5432 Pom
958 5382 993 5434 du
1007 5383 1101 5452 ML]
1217 5343 1345 5406 siheinsr,
1353 5345 1414 5396 cod.
1426 5344 1489 5409 dipl.
1501 5344 1952 5412 ἀο111131113313313113,1,511371]

374 5478 920 5556 ⁰⁰⁰s¹¹m⁸ti⁰p⁰⁵⁸⁰⁸⁸i⁰¹¹¹¹¹¹¹⁶j⁰⁸d⁶m
929 5488 1096 5542 mmm&
1222 5513 1389 5572 investitura
1415 5515 1486 5586 ipsis
1512 5516 1579 5571 olim
1601 5515 1704 5571 collata
1738 5529 1753 5572 a
1784 5514 1984 5585 Benedictoll,

380 5593 558 5662 Honorius
588 5591 662 5661 313,
691 5587 819 5650 dilectis
847 5587 926 5650 liliis
962 5590 1074 5654 abbati
1102 5594 1134 5655 et
1222 5594 1872 5660 113133ῑί331131333333113111133313-131.
2114 5649 2115 5666 ,

341 5689 516 5754 conventui
531 5687 644 5749 Sancti
660 5687 802 5748 Victoris
818 5685 1001 5751 Massiliae.
1229 5693 1412 5764 Honorius,
1443 5693 1518 5763 eta,
1546 5691 1675 5754 dilectis
1704 5693 1782 5754 tiliis
1786 5738 1845 5754 .....
1880 5695 1986 5770 priori

1188 5433 1657 5493 [133131333311111331133113111
1673 5436 1839 5492 ,1111113333
1851 5435 1985 5494 diaecesis
2114 5471 2115 5474 =
