4248 6410
145 315 210 388 ece,
292 379 294 392 ,
781 310 1009 374 urrsronm.
1034 312 1110 374 urs,
1135 313 1179 372 v.·
1732 317 1793 378 ero

147 487 207 549 per
221 471 623 534 neccommittimusvices
640 471 781 542 nostras,
789 469 942 532 fraterni·
996 469 1137 532 verint
1129 485 1335 542 incursuros,
1353 472 1387 532 et
1407 471 1629 536 anathematis
1655 473 1790 538 vinculo

146 570 286 635 tatltuae
306 569 568 647 pernpostolica
590 568 713 645 scripta
733 567 939 638 mandantes,
995 566 1172 628 feriendos
1196 569 1315 629 Datum
1339 569 1506 640 Laterani,
1524 572 1598 632 XVI
1627 570 1795 638 kalendas

148 669 312 746 quatenus
338 667 514 744 provideas
535 681 636 744 super
656 667 719 728 hoc
745 665 941 726 auctoritate
996 662 1190 736 decembris,
1206 665 1418 741 pontificatus
1432 668 1538 730 nostri
1556 683 1644 730 anno
1659 668 1786 745 quinto.

149 766 273 836 nostra,
284 766 383 842 prout
396 763 543 842 ejusdem
559 765 671 824 Terras
682 765 810 823 Sanctae
824 761 942 822 melius

148 861 448 938 riderisexpedire,
466 861 623 939 quidquid
635 875 735 936 super
745 860 808 921 hoc
822 858 942 920 leceris
1370 827 1419 914 CI

149 956 939 1034 nobisfideliterrescripturus.natumuuterani,
1029 952 1081 1010 Ad
1094 951 1250 1012 abbatem
1264 951 1297 1012 ct
1311 952 1517 1012 concentum
1531 954 1565 1014 S.
1584 954 1755 1026 Dpsidodt'.
1791 987 1795 996 ·

148 1055 259 1118 idibus
275 1054 475 1128 novembris,
487 1069 575 1116 anno
588 1053 714 1131 quinto.
1287 1064 1320 1121 {7
1336 1077 1402 1122 nov,
1418 1065 1497 1123 itio.

485 1213 608 1301 XCIX
1105 1167 1221 1234 [loannis
1235 1169 1390 1252 tabularium
1404 1169 1571 1234 spicilegium,
1583 1184 1609 1235 p.
1624 1171 1693 1236 ula]

1060 1265 1213 1324 Parecblas
1226 1266 1413 1324 Subernheim
1429 1275 1456 1324 et
1468 1269 1586 1326 osterna
1598 1270 1730 1327 ooenobio

235 1343 287 1400 Ad
309 1341 527 1413 upsaunsem
546 1338 851 1412 awhwvssfflimm·
1173 1369 1327 1414 concessas
1341 1355 1435 1416 eidem
1452 1355 1613 1416 confirmat.

441 1451 475 1510 l3
490 1465 557 1508 nov.
573 1449 652 1510 ilio.

1037 1453 1202 1514 Honorius
1210 1454 1396 1531 episcopus,
1404 1469 1521 1516 servus
1532 1471 1706 1518 servorum
1717 1457 1789 1527 Dei,

258 1555 611 1624 [bitterrensrenslrdipl.
627 1555 647 1612 l,
661 1554 754 1616 πῃ.
767 1553 834 1618 last
997 1545 1127 1608 dilectis
1149 1547 1227 1610 tiliis
1249 1547 1360 1611 abbati
1385 1551 1419 1611 et
1440 1550 1619 1612 conventui
1646 1553 1677 1612 S.
1693 1551 1794 1627 nysi·

218 1655 367 1716 scarensi·
380 1653 696 1815 epimrgprsssiggiatvocs
708 1665 877 1725 responsum
998 1642 1234 1716 bonusamicus
1246 1648 1281 1708 et
1290 1647 1506 1723 apostolicam
1515 1648 1790 1710 benedictionem.

1037 1742 1152 1803 Guma
1176 1743 1273 1806 nobis
1301 1742 1424 1818 petitur
1443 1743 1530 1820 qnod
1547 1747 1676 1821 justum
1695 1747 1746 1806 est
1759 1745 1794 1808 et

191 1851 358 1914 Honorius
369 1851 554 1928 episcopus,
564 1863 861 1912 serrrrsserrorum
872 1847 942 1919 Dei,

998 1837 1252 1911 honestumne
1279 1842 1350 1902 tam
1372 1841 1469 1916 rigor
1491 1839 1671 1919 aequitatis,
1693 1857 1792 1918 quam

149 1949 337 2014 venerabili
358 1947 455 2010 fratri
480 1947 656 2026 Upsalensi
679 1945 942 2023 archiepiscopo,
998 1934 1078 1996 Ordo
1093 1936 1199 2011 exigit
1211 1938 1362 2010 lationis,
1373 1940 1409 1999 ut
1423 1938 1457 2000 id
1466 1938 1791 2015 persollicitudiuem

998 2031 1100 2094 officii
1120 2035 1226 2096 nostri
1246 2035 1288 2096 ad
1309 2034 1455 2096 debitum
1473 2035 1673 2113 perducatur
1691 2035 1795 2098 effec-

190 2138 942 2220 Auditispervenerabilemlratremnostrum..
998 2130 1078 2192 tum.
1105 2131 1222 2192 Oblata
1239 2131 1402 2208 siquidem
1425 2132 1520 2193 nobis
1543 2135 1655 2195 restra
1678 2134 1793 2210 petitio

152 2242 347 2300 scarensem
358 2237 548 2314 episcopum
564 2234 630 2297 tuis
645 2230 944 2296 consultationibus
999 2227 1199 2299 continebat,
1227 2228 1415 2304 quodcum
1443 2230 1590 2292 vestrum
1623 2230 1795 2294 monaste-

151 2335 338 2411 diligenter,
352 2334 412 2396 tibi
436 2348 496 2411 per
516 2330 667 2394 eumdem
683 2331 779 2407 plens
789 2329 945 2390 duximus
999 2325 1086 2387 rium
1097 2323 1181 2386 adeo
1191 2326 1279 2388 esset
1293 2325 1392 2388 rebus
1406 2326 1642 2402 temporalibus
1653 2327 1795 2390 destitu-

152 2431 429 2510 respondendnm,
444 2429 615 2506 sicutipse
630 2429 708 2490 vira
721 2441 803 2488 voce
814 2426 875 2487 tibi
891 2442 946 2502 po·
998 2423 1080 2494 tum,
1095 2423 1132 2483 ut
1145 2423 1265 2497 religio
1279 2424 1313 2484 et
1327 2421 1476 2484 divinum
1492 2423 1639 2485 osticium
1661 2425 1794 2501 penitus

151 2529 230 2591 terit
249 2529 427 2608 explicare.
447 2527 564 2589 Datum
580 2524 747 2596 Laterani,
764 2522 871 2584 idibus
885 2539 947 2584 no-
1000 2519 1171 2580 cessarsnt
1191 2519 1325 2590 ibidem,
1341 2520 1544 2582 venerabilis
1560 2519 1663 2582 irater
1676 2522 1792 2584 noster

153 2625 275 2698 vemb,
287 2641 375 2686 anno
386 2625 510 2702 qu1nto
1000 2615 1184 2691 Moguntin.
1194 2615 1478 2694 archiepiscopus,
1491 2617 1556 2680 loci
1568 2617 1802 2690 dioecesanus„
1840 2647 1842 2654 ·

540 2723 605 2834 θ’
873 2757 877 2765 .
1001 2712 1187 2789 paupertati
1199 2713 1403 2790 compatiens
1412 2714 1605 2776 monasterii
1619 2715 1794 2778 memorati
1871 2719 1874 2728 “

1001 2808 1042 2870 de
1073 2808 1290 2872 Sobernheim
1314 2809 1413 2874 etde
1438 2812 1594 2883 osterna,
1619 2811 1793 2884 ecclesias,

1002 2923 1141 2985 quarum
1160 2909 1215 2984 jus
1230 2910 1425 2984 patronatus
1442 2909 1483 2970 ad
1495 2911 1565 2987 jam
1585 2909 1709 2973 dictum
1723 2925 1796 2972 mo-

1002 3004 1183 3067 nasterium
1205 3004 1401 3081 pertinebat,
1414 3004 1509 3068 robis
1529 3007 1570 3068 de
1582 3021 1722 3070 assensu
1737 3021 1797 3070 ca-

235 3101 340 3166 [lelau
359 3101 479 3160 noman,
495 3098 534 3150 en.
553 3099 639 3155 reue,
656 3096 700 3156 111,
714 3096 769 3156 377,
779 3110 804 3148 ¹1·
818 3094 871 3160 lt]
1003 3101 1099 3178 pituli
1118 3101 1171 3163 sui
1194 3102 1230 3164 in
1245 3103 1397 3180 proprios
1412 3118 1493 3164 usus
1517 3103 1691 3175 concessit,
1709 3103 1798 3166 unde

157 3193 949 3266 Prohibetsnbeomminetioneanathematisquomimus
1003 3197 1099 3260 nohis
1122 3198 1294 3261 humiliter
1305 3200 1529 3277 supplicastis,
1544 3201 1579 3262 ut
1599 3201 1794 3262 concessio-

263 3301 384 3362 ‘einum
397 3283 840 3354 ⁰⁸⁰1&issvfldflssblelffllbessl·
1003 3310 1079 3357 nem
1103 3297 1209 3374 ipsam
1237 3297 1427 3374 Apostolico
1450 3296 1665 3373 dignaremur
1686 3297 1798 3358 muni-

195 3396 362 3458 Honorius
373 3395 865 3472 spiscopus,servusserrornm
875 3389 945 3460 Dei,
1003 3393 1092 3455 mine
1103 3393 1351 3456 roborare.Nos
1362 3395 1465 3470 igitur
1476 3395 1595 3458 vestris
1604 3396 1706 3470 justis
1721 3409 1795 3473 pos·

155 3495 341 3556 carissimis
361 3493 397 3553 in
412 3492 544 3553 Christo
558 3489 636 3551 filiis
651 3487 838 3550 illustribus
853 3487 948 3562 regi·
1003 3491 1221 3552 inlationibus
1232 3491 1396 3564 inclinati,
1412 3493 1660 3554 concessionem
1673 3493 1797 3568 ipsam,

156 3591 272 3662 buset
279 3590 409 3652 dilectis
422 3588 501 3649 liliis
512 3586 771 3664 principibus,et
783 3584 950 3646 universis
1004 3588 1090 3650 sicut
1114 3589 1167 3666 pis
1188 3589 1221 3650 et
1234 3589 1370 3666 provide
1388 3589 1476 3654 iacta
1490 3591 1551 3662 est,
1566 3590 1599 3652 et
1618 3591 1654 3651 in
1671 3589 1799 3652 nullius

159 3687 380 3752 Deilldelibus
395 3701 504 3762 regno
514 3687 624 3747 Daciae
639 3682 884 3760 circumpositis
899 3697 952 3744 ca·
1004 3686 1209 3762 dignoscitur
1228 3687 1458 3763 praejudicium
1484 3687 1689 3760 redundare,
1716 3703 1800 3750 auc-

157 3779 948 3849 tholicamservantibusunitatemsalutemetc.
1005 3784 1136 3848 toritate
1147 3783 1336 3860 Apostolica
1347 3784 1571 3846 confirmanus
1581 3786 1614 3847 et
1625 3784 1799 3860 praesentis

197 3883 325 3954 Quanto
340 3879 518 3958 specialius
541 3893 680 3954 regnum
705 3877 815 3938 Daciae
831 3876 873 3938 ad
889 3877 952 3936 Ec·
1005 3881 1119 3957 scripti
1136 3882 1322 3958 patrocinio
1337 3883 1589 3944 communimus
1607 3881 1699 3943 Nulli
1720 3897 1800 3956 ergo

150 2049 291 2110 salutem
307 2048 340 2108 et
352 2045 570 2124 apostolicam
584 2043 861 2106 benedictionem.

230 2886 281 2944 Ad
294 2895 413 2944 omncs
428 2895 529 2957 repas
548 2880 581 2940 ct
598 2879 786 2954 pmrtcipcs,
809 2877 873 2938 etc.

446 2994 481 3051 ld
494 3008 560 3050 nov.
578 2991 656 3050 lunc.

158 3980 270 4041 clesiae
305 3981 463 4040 Romanae
502 3975 652 4039 noscitur
682 3967 951 4051 jurisdictionem
1007 3979 1142 4040 omnino
1179 3977 1351 4039 hominum
1386 3979 1487 4040 liceat
1524 3979 1611 4039 hanc
1646 3979 1802 4054 paginam

159 4077 322 4150 spectare,
334 4075 427 4134 tanto
440 4072 482 4134 ad
495 4071 782 4132 conservationem
794 4073 866 4146 ejus
880 4084 954 4145 pro·
1007 4076 1127 4136 nostrae
1138 4074 1664 4149 confirmationisinfringerevel
1675 4076 1801 4136 clausu

159 4170 307 4247 pensiori
336 4169 446 4230 StudiO
472 4168 629 4228 dssbemsss
657 4166 840 4228 intendere·
868 4165 952 4237 Quia
1006 4172 1185 4236 temerario
1205 4172 1382 4232 contraire.
1400 4171 1435 4232 si
1451 4171 1525 4248 quis
1542 4173 1653 4232 autem
1668 4171 1731 4232 hoc
1747 4173 1802 4232 at-

160 4283 226 4331 uon
254 4266 420 4328 immerito
445 4265 549 4326 mulla
578 4264 837 4341 reprehensione
860 4262 953 4337 digni
1006 4273 1134 4332 tentare
1153 4269 1412 4346 praesumpserit,
1436 4267 1700 4344 indignationem
1727 4284 1800 4329 om-

160 4364 303 4426 existere
317 4361 518 4432 videremur,
529 4362 557 4422 si
573 4360 659 4438 quod
673 4361 724 4422 est
740 4360 829 4436 juris
843 4358 951 4420 necle·
1008 4367 1187 4445 nipotentis
1210 4366 1268 4428 Dei
1296 4366 1329 4428 et
1355 4364 1529 4428 beatorum
1551 4365 1641 4428 Petri
1656 4367 1689 4428 et
1703 4365 1802 4426 Pauli

160 4462 220 4524 site
237 4463 399 4523 Roman&
420 4461 611 4536 pateremur
629 4457 794 4529 imminui,
812 4456 953 4518 velint·-
1008 4464 1231 4543 apostolorum
1255 4465 1338 4541 ejus,
1364 4477 1400 4524 ss
1422 4462 1553 4524 noverit
1573 4463 1799 4524 incursurum.

160 4559 244 4620 buri.
262 4558 342 4620 lssd0
360 4555 509 4634 estquod
525 4555 749 4632 adelemilal‘
761 4553 869 4614 felicis
883 4569 955 4614 me-
1008 4546 1134 4624 natum'
1155 4561 1322 4632 Laterani,
1339 4562 1397 4622 XV
1413 4559 1575 4620 kalendas
1604 4559 1801 4631 decembris,

161 4657 276 4718 morioe
297 4653 480 4718 Alexandri
502 4655 536 4714 et
556 4652 752 4724 innocentii,
775 4650 955 4728 praedeces·
1009 4659 1219 4739 pontificatus
1232 4658 1338 4720 nostri
1353 4673 1441 4718 anno
1454 4657 1580 4734 quinto.

162 4767 274 4814 serum
299 4754 488 4814 nostrorum
505 4753 731 4812 Romanorum
744 4748 952 4820 Pontificum,

162 4848 257 4910 robis
273 4847 426 4909 omnibus
448 4847 508 4908 sub
530 4847 801 4910 interminatione
816 4845 957 4908 anathe-

164 4945 263 5008 matis
278 4945 402 5006 srctins
418 4944 619 5016 inhibemus,
634 4959 676 5006 ne
691 4944 765 5021 quis
778 4942 957 5020 praescrip-

162 5049 232 5105 tum
260 5056 400 5117 regnum
427 5041 587 5104 invadere
600 5041 653 5102 vel
671 5039 807 5102 turbare
822 5055 955 5116 praesu-

163 5142 241 5212 mat,
262 5139 320 5201 aut
334 5141 413 5216 jura
429 5138 595 5212 carissimi
618 5138 679 5198 lilii
695 5139 801 5199 nostri
816 5137 956 5199 illustris

163 5241 331 5300 banorum
355 5235 455 5311 regis,
472 5234 525 5296 vel
548 5235 719 5298 naeredurn
743 5250 880 5296 suorum
892 5234 958 5294 mi-

163 5349 266 5398 nuere
287 5333 419 5405 audeat,
432 5332 485 5392 rel
504 5329 567 5392 sibi
587 5330 833 5408 quomodolibet
852 5347 955 5392 usur-

164 5448 253 5508 pare.
280 5431 313 5492 Si
329 5431 385 5508 qui
406 5431 516 5493 autem
541 5429 640 5505 hunus
663 5430 786 5490 nostrae
808 5426 959 5505 prohibi-

163 5529 264 5597 tionis
279 5531 544 5603 transgressores
557 5525 739 5597 extiterint,
755 5524 959 5600 indignatio-

164 5642 240 5690 nem
264 5629 412 5690 nostram
432 5628 465 5688 et
480 5623 637 5688 Ecclesiae
657 5625 814 5688 Romanae
837 5638 873 5684 se
892 5637 957 5686 no-

480 5804 490 5839 Ι

1371 4808 1441 4894 cli

1095 4937 1147 4996 Ad
1167 4934 1406 4994 libertatatem
1425 4935 1721 5007 archiepiscopum
1775 4956 1778 4962 ·

1248 5031 1563 5106 salzeburgensem.

1301 5133 1337 5191 23
1348 5145 1414 5190 nov.
1427 5133 1507 5192 talo.

1018 5232 1117 5297 1stsr,
1127 5231 1211 5284 Codex
1221 5229 1403 5294 diplomaticus
1413 5230 1584 5293 llungsriae,t.
1595 5231 1638 5288 lll,
1651 5244 1669 5288 r,
1682 5244 1708 5293 p.
1721 5229 1790 5292 iub]

1011 5333 1047 5389 Ut
1062 5329 1363 5402 moneantllungariae
1375 5342 1485 5401 regem,
1498 5327 1534 5385 de
1551 5328 1671 5400 pecunia
1682 5327 1806 5383 strabus

1046 5421 1110 5478 aliis
1123 5419 1265 5494 pretiosis,
1276 5417 1450 5490 imperatrici
1459 5415 1631 5476 constantius
1643 5414 1804 5474 satisfactu-

1047 5524 1110 5566 rum
1127 5523 1202 5566 esse.
1601 5539 1605 5544 -

1052 5617 1218 5680 Honorius
1234 5615 1419 5694 episcopus,
1432 5629 1548 5693 servus
1560 5627 1731 5674 servornm
1747 5615 1807 5692 Dei
