4250 6404
1771 366 1827 422 ill?

179 362 233 422 ml
723 329 724 337 '
798 357 1207 420 EPISTOLAE.LIB.111.

169 520 252 582 citer
266 519 450 595 aggravent
470 518 503 581 et
525 519 722 594 molestent3
739 531 799 580 nos
819 517 971 582 nolentes
1028 517 1199 581 Silonense
1218 517 1422 593 insinuante,
1449 521 1610 598 pervenit,
1634 523 1721 599 quod
1748 523 1826 586 licet

168 633 227 680 eos
253 631 354 694 super
377 616 431 678 his
453 615 599 678 indebite
622 616 821 693 perturbari,
844 616 972 678 discre-
1027 615 1229 678 venerabilis
1253 617 1356 678 frater
1386 619 1500 680 noster
1528 622 1566 680 R.
1598 619 1825 682 Olomucensis

167 715 253 776 tioni
265 715 385 776 vestrae
400 728 461 792 per
473 714 663 793 Apostolica
686 713 810 790 scripta
831 713 971 775 manda·
1025 714 1211 791 episcopus,
1225 714 1453 778 cisterciensis
1464 717 1601 790 ordinis,
1619 719 1767 794 regulam
1784 721 1827 782 sit

168 828 255 881 mus,
272 812 435 890 quatenus
450 811 601 874 abbatem
621 813 654 872 et
666 812 864 874 conventum
877 827 969 888 prae·
1025 810 1205 888 processus,
1221 812 1269 874 ita
1282 813 1393 876 tamen
1414 816 1466 876 est
1491 814 1526 876 in
1549 815 1726 892 reprobum
1744 832 1826 878 sen-

168 909 275 972 dictos
290 907 406 970 contra
420 907 702 984 indulgentiarum
716 908 877 980 tenorem,
896 922 969 985 quae
1025 925 1096 972 sum
1112 911 1219 982 datus,
1240 910 1327 987 quod
1353 911 1480 974 duobus
1501 912 1690 975 homicidiis
1706 930 1826 992 perpe-

168 1006 211 1068 ab
238 1006 428 1084 Apostolica
458 1005 543 1068 Sede
566 1004 715 1070 obtinent
729 1005 875 1068 indebite
895 1021 970 1066 mo·
1025 1006 1134 1074 iratis,
1151 1007 1234 1068 duas
1251 1024 1383 1070 sorores
1411 1011 1605 1072 (lunicensis
1631 1013 1825 1076 monasterii

168 1104 285 1166 lestari
300 1103 490 1165 nullatenus
511 1102 721 1180 permittatis.
741 1104 971 1166 Molestatores
1025 1104 1197 1176 moniales,
1208 1105 1357 1182 etplures
1368 1108 1526 1170 mulieres
1536 1109 1825 1188 aliasconjugatas

168 1201 334 1264 indebitos
356 1215 604 1278 percensuram
626 1201 887 1264 ecclesiasticam
910 1216 971 1277 ap·
1025 1203 1179 1278 cognovit
1203 1203 1383 1267 carnaliter
1409 1208 1442 1268 et
1467 1207 1641 1283 quamdam
1661 1209 1823 1284 virginem

169 1299 488 1378 pellationeremota
510 1299 650 1362 veritate
670 1300 802 1376 cognita
819 1314 971 1376 compes-
1025 1298 1216 1375 defioravit;
1248 1302 1319 1363 haec
1332 1303 1365 1364 et
1392 1303 1459 1364 alia
1483 1305 1690 1371 committens
1716 1308 1823 1384 turpia

170 1397 288 1468 cando,
305 1399 378 1474 post
392 1397 475 1460 duos
497 1411 602 1458 annos
614 1396 835 1474 praesentibus
849 1395 970 1458 litteris
1025 1397 1233 1474 impudenter
1255 1400 1290 1462 in
1313 1416 1383 1462 suae
1407 1402 1524 1464 salutis
1549 1403 1769 1480 dispendium,
1792 1409 1826 1466 et

171 1494 307 1556 minime
335 1495 502 1557 valituris.
525 1495 616 1566 Quod
643 1495 671 1556 si
694 1511 761 1558 non
781 1510 895 1556 omnes
917 1493 971 1556 his
1025 1496 1217 1558 scandalum
1255 1497 1408 1560 aliorum.
1440 1499 1601 1571 Quocirca
1632 1501 1824 1564 discretioni

170 1593 394 1669 exsequendis
419 1591 581 1655 interesse
596 1592 781 1669 potueritis
799 1593 863 1654 duo
889 1607 970 1653 ves·
1024 1595 1144 1657 vestrae
1159 1596 1454 1674 perApostolicam
1474 1599 1591 1661 sedem
1615 1600 1822 1673 mandamus,

171 1692 260 1753 trum
272 1689 539 1754 eanihilominus
552 1689 788 1767 exsequantur.
1025 1692 1187 1768 quatenus
1208 1693 1369 1771 inquisita
1384 1711 1484 1772 super
1498 1696 1551 1758 his
1563 1696 1755 1774 diligentius
1767 1715 1826 1762 ve-

211 1788 330 1850 Datum
343 1787 511 1857 Laterani,
524 1789 599 1848 XVI
614 1787 775 1848 kalendas
796 1785 968 1860 februarii,
1024 1789 1135 1861 ritate,
1152 1791 1238 1866 quod
1255 1793 1451 1854 canonicum
1466 1793 1577 1866 suerit,
1604 1795 1825 1872 appellatione

169 1883 381 1962 pontificatus
398 1884 506 1946 nostri
519 1899 609 1945 anno
619 1885 729 1946 tertio.
1025 1889 1218 1964 postposita,
1233 1890 1398 1962 statuatis,
1410 1890 1570 1954 facientes
1582 1894 1740 1971 quidquid
1756 1898 1826 1955 sta-

502 2021 506 2034 ,
537 2025 607 2112 CH
1024 1982 1156 2044 tueritis
1171 1999 1231 2060 per
1245 2000 1406 2046 censuras
1421 1987 1667 2049 ecclesiasticas
1687 1989 1826 2062 firmiter

1025 2078 1208 2141 observari.
1223 2082 1314 2153 Quod
1336 2083 1364 2142 si
1386 2098 1453 2144 non
1476 2100 1600 2156 emuna,
1623 2086 1688 2146 duo
1708 2087 1823 2149 saltem

169 2153 223 2212 Ad
236 2153 529 2226 archiepiscopum
542 2152 775 2212 Scironccscm
789 2150 823 2211 et
839 2149 970 2224 suffra·
1024 2177 1183 2249 vestrum,
1201 2180 1262 2240 etc·
1288 2181 1380 2242 Datis
1395 2181 1563 2252 Laterani,
1586 2185 1645 2244 XV
1665 2184 1825 2246 kalendas

456 2261 586 2408 affe&
593 2262 683 2408 :agilan
1024 2273 1199 2346 februarii,
1215 2277 1426 2353 pontificatus
1441 2280 1546 2342 nostri
1563 2295 1650 2342 anno
1665 2282 1775 2343 tertio.

528 2366 575 2408 en.
664 2393 670 2408 .

201 2449 313 2514 thegni,
327 2449 374 2500 lih.
387 2367 584 2513 111,epist.123l.
596 2449 653 2498 Mes.
666 2449 703 2500 La
712 2447 786 2498 Porta
795 2443 830 2498 du
841 2447 937 2512 Theti]
1384 2475 1473 2562 CIV

211 2544 385 2604 admittendi
396 2553 461 2604 sunt
474 2545 577 2604 decani
588 2552 618 2602 et
626 2545 758 2604 canonici
770 2545 928 2602 inconcilio
1194 2609 1199 2620 ,
1228 2609 1234 2622 1
1570 2613 1575 2624 Ι

479 2634 656 2708 provinciali.
1038 2607 1335 2668 necromantem
1350 2609 1516 2681 praelatos
1538 2613 1810 2675 chdoctncoscc.

212 2735 390 2805 Honorius,
407 2733 483 2806 etc,
499 2732 748 2796 venerabilibus
770 2732 967 2794 fratribus...

171 2831 422 2909 archiepiscopo
435 2834 599 2893 Senonen.
610 2833 643 2893 et
651 2830 872 2907 suffraganeis
883 2833 967 2908 eJus.

211 2932 292 2992 Cum
327 2929 407 2991 olim
439 2929 507 2990 tam
540 2944 588 3006 ex,
616 2930 711 3006 parte
748 2929 969 3006 capitulorum

173 3025 414 3090 cathedralium
430 3026 610 3103 provinciae
623 3027 755 3098 vestre,
766 3025 970 3104 quamdilec·

172 3128 282 3192 torum
314 3124 495 3185 illiorum...
527 3123 644 3186 decani
670 3123 703 3185 et
723 3123 861 3200 capituli
881 3123 968 3186 beati

1321 2722 1354 2778 la
1373 2721 1434 2792 J'au.
1452 2722 1531 2780 llic.

1191 2825 1310 2891 [Chopim
1324 2827 1358 2878 De
1371 2842 1442 2878 sacra
1456 2830 1571 2893 politice,
1586 2829 1655 2897 did]

1025 2922 1167 2981 Honorius
1182 2925 1410 2984 vindocinenses
1430 2927 1589 2986 monachos
1603 2929 1766 2988 dioecesano
1781 2933 1824 2988 vi·

1059 3013 1200 3070 citationis
1212 3014 1333 3087 imperio
1347 3024 1496 3088 exemptos
1508 3034 1572 3075 esse
1590 3019 1680 3090 J'uhct,
1703 3020 1823 3078 authen-

1059 3099 1122 3158 ticis
1137 3101 1237 3160 litteris
1253 3119 1372 3175 quarum
1390 3104 1445 3162 hoc
1459 3105 1510 3164 luit
1524 3109 1699 3181 exemplum.

173 3222 336 3299 Stephani
353 3223 505 3290 Trecen„
515 3237 575 3297 pro
586 3236 625 3284 eo
640 3221 726 3300 quod
737 3221 969 3298 procuratores
1063 3209 1269 3273 Auutuninutss
1307 3215 1522 3289 nnaennnfiunn
1551 3216 1753 3290 inhibemus,
1784 3235 1825 3280 nn

171 3336 288 3381 eorum
301 3319 341 3382 ad
358 3319 637 3396 comprovinciale
655 3319 831 3382 concilium
846 3316 969 3380 admit·
1024 3307 1198 3384 quisquam
1214 3310 1526 3373 archidinuOnOfflffl
1540 3315 1592 3374 V⁰l
1612 3315 1771 3392 luaelatus
1784 3317 1824 3380 uh

170 3416 429 3488 terenolebatis,
444 3416 485 3477 ad
501 3416 618 3479 sedem
633 3415 966 3494 luerithpostolicam
1024 3404 1213 3482 hujusmodi
1240 3408 1428 3479 monachis,
1470 3411 1523 3472 l'0l
1547 3411 1640 3473 VObiS
1675 3413 1822 3490 insuunt

171 3516 397 3592 provocatum,
414 3529 540 3591 nosque
556 3512 705 3576 dolentes
729 3529 830 3592 super
851 3513 970 3590 hujus·
1024 3503 1210 3574 Occasione,
1242 3497 1493 3581 li'nnnnnutinues
1529 3510 1665 3586 exigent
1691 3527 1822 3588 Puaesu·

170 3611 261 3673 modi
288 3610 478 3673 turbatione
506 3611 648 3684 dissidii,
674 3627 749 3672 cum
773 3611 808 3672 in
830 3627 969 3688 corpore
1024 3601 1092 3661 nint
1115 3622 1123 3660 τ
1149 3603 1333 3688 pracsertim
1362 3619 1436 3664 cum
1470 3607 1670 3695 sacerdotes,
1698 3609 1755 3686 qui
1783 3626 1825 3671 ex

171 3708 295 3771 Christi
316 3725 383 3770 non
403 3709 519 3771 deceat
542 3723 616 3770 esse
638 3707 794 3780 schisma,
821 3709 907 3786 qupd
934 3709 968 3770 in
1023 3698 1143 3760 Vestris
1180 3700 1365 3762 redditibus
1401 3703 1437 3763 in
1470 3705 1639 3780 pl'aedictis
1672 3707 1763 3768 Villis
1792 3711 1825 3769 θῒ

169 3806 303 3868 vinculo
328 3807 419 3884 pacis
443 3822 579 3867 servare
605 3805 702 3869 debet
726 3807 863 3884 spiritus
893 3807 970 3868 uni·
1023 3796 1173 3872 &nuntius
1192 3799 1430 3872 sustentantur,
1444 3802 1825 3880 nut10n0Pun00niaed0·

169 3905 282 3967 tatem.
297 3902 418 3965 Habito
441 3903 580 3966 fratrum
606 3906 796 3967 nostrorum
816 3905 967 3974 consilio,

171 4016 231 4078 pro
246 4001 486 4063 cathedralium
504 4001 721 4064 ecclesiarum
737 4003 967 4081 procuratori-

169 4099 231 4160 bus
252 4099 465 4161 admittendis
479 4099 540 4160 sub
556 4100 648 4162 certa
667 4099 777 4164 forma
803 4099 899 4163 vobis
916 4100 969 4161 di-

169 4197 355 4258 rexerimus
371 4197 494 4274 scripta
509 4198 634 4268 nostra,
653 4199 689 4259 ut
703 4197 823 4258 similis
838 4197 967 4259 dissidii

169 4295 310 4355 materia
332 4294 500 4371 praedictis
522 4295 649 4356 decano
665 4296 699 4357 et
712 4295 858 4372 capitulo
879 4295 968 4356 beati

171 4391 331 4468 Stephani
343 4391 527 4460 auferatur,
544 4391 697 4454 volumus
712 4394 745 4453 et
758 4391 966 4463 mandamus,
1064 4447 1066 4454 .

170 4491 333 4566 quatenus
349 4487 582 4566 procuratores
595 4503 709 4550 eorum
715 4491 812 4566 juxta
827 4489 968 4552 formam

169 4586 318 4647 eamdem
334 4587 375 4648 ad
390 4587 533 4648 concilia
543 4586 734 4663 hujusmodi
749 4587 822 4648 sine
837 4586 969 4665 discep-

167 4684 296 4745 tatione
305 4683 453 4761 qualibet
462 4684 503 4745 de
515 4685 636 4746 caetero
646 4683 839 4747 admittatis.
849 4687 967 4746 Datum

170 4781 327 4842 Laterani
351 4781 477 4844 decimo
505 4783 600 4844 sexto
620 4781 782 4844 kalendas
804 4782 966 4845 februarii

169 4891 258 4939 anno
272 4877 383 4940 tertio.

203 5093 255 5152 Aa
266 5091 402 5153 abactas
418 5093 460 5152 de
473 5092 621 5154 lectulo
636 5093 670 5154 et
683 5095 724 5154 dc
747 5095 882 5154 Edrcch
894 5092 928 5152 ct

366 5191 524 5264 priorem
546 5193 587 5250 dc
608 5191 767 5254 Zaratum.

467 5293 501 5349 lc
513 5292 573 5364 jan.
591 5295 669 5352 lala.

294 5389 443 5454 [haudque
452 5387 519 5438 Ann.
534 5389 645 5452 elstera,
656 5394 673 5440 t.
685 5389 727 5446 IV.
738 5389 839 5456 plin]

204 5477 254 5536 llis
266 5476 384 5548 mandet
398 5476 472 5536 uide
484 5477 542 5536 vita
555 5479 587 5536 R.
596 5478 794 5536 olomucensis
805 5477 932 5552 episcopt
990 5541 991 5544 Ἴ

399 5566 564 5640 diligentius
582 5569 736 5640 inquirant.

209 5675 256 5738 hd
287 5691 384 5736 aures
416 5685 556 5747 nostras,
586 5677 705 5738 dilecto
742 5675 811 5736 filio
849 5676 967 5738 abbate

1023 3891 1110 3955 bitas
1125 3897 1376 3971 procurationes
1403 3900 1589 3971 exsolvant,
1604 3904 1665 3962 etc.
1683 3905 1742 3963 XV
1755 3903 1822 3964 kal.

1024 3989 1106 4052 febr.
1122 3993 1334 4068 pontificatus
1347 4010 1434 4056 anno
1447 3997 1558 4057 tertio.

1394 4171 1459 4258 CV

1023 4304 1075 4362 Ad
1085 4302 1452 4366 conectorcscenneum
1460 4308 1824 4370 deditoromltomonne

1334 4406 1506 4466 Ecclesiae.
1539 4421 1543 4426 ·
1658 4428 1662 4436 ·

1322 4526 1356 4584 lc
1367 4527 1427 4598 jan.
1446 4529 1526 4586 lale.

1122 4629 1257 4696 [Bcuquet
1268 4633 1371 4696 Recpeil
1380 4635 1424 4686 des
1437 4635 1511 4694 ilict..
1523 4641 1542 4685 t.
1551 4637 1619 4696 xlx,
1631 4651 1657 4701 p.
1668 4637 1724 4687 cic.

1235 4730 1343 4794 Regnat,
1356 4732 1402 4782 lib.
1413 4731 1456 4790 ΙΙΙ,
1467 4734 1540 4798 epist.
1548 4735 1616 4806 Μ]

1022 4827 1145 4885 Consum
1159 4829 1296 4903 colligant
1311 4833 1447 4888 Ecclesiae
1462 4835 1598 4891 Romanae
1610 4833 1747 4902 debitum,
1760 4852 1823 4892 ner·

1057 4931 1115 4972 non
1128 4916 1262 4974 indictam
1278 4919 1407 4976 ecclesiis
1419 4922 1585 4979 vicesimam
1602 4932 1712 4996 partem
1728 4927 1822 4983 reddi-

1057 5011 1137 5061 tuum
1147 5004 1327 5077 clerieorum,
1339 5015 1368 5065 et
1380 5023 1413 5065 ea
1421 5023 1485 5080 oue
1494 5019 1683 5083 provotorum
1693 5013 1822 5086 redemp-

1057 5091 1135 5150 tione
1149 5095 1340 5167 crucesignati
1356 5096 1385 5153 in
1409 5097 1527 5156 Terram
1543 5101 1677 5158 Sanctam
1692 5115 1749 5158 non
1762 5117 1823 5174 pro·

1059 5179 1219 5239 hciscentes
1233 5185 1440 5255 persolverunt.

1063 5291 1229 5351 Honorius
1245 5293 1456 5370 episcopus...
1474 5295 1604 5358 dilectis
1616 5297 1695 5358 liliis
1706 5299 1822 5359 Gentio

1023 5387 1226 5464 presbpnero,
1245 5391 1421 5465 Uguicioni
1444 5393 1648 5456 subdiacono
1668 5395 1701 5456 et
1713 5397 1824 5472 capel-

1023 5483 1100 5546 lano
1113 5485 1237 5558 nostro,
1254 5485 1401 5550 basilicae
1415 5489 1576 5568 principis
1597 5491 1822 5568 apostolorum

1023 5583 1204 5654 canonicis,
1213 5583 1366 5658 salutem,
1381 5588 1443 5649 etc.

1066 5679 1158 5741 Sicut
1185 5681 1264 5742 olim
1291 5683 1367 5744 viva
1395 5683 1587 5744 uocevllbis
1606 5685 1824 5762 injunximus.
