4250 6404
146 331 337 406 165,

143 488 387 552 ordinationem
403 503 497 552 suam
512 440 675 552 lasaron
697 489 816 561 iuerat,
841 499 941 566 quum
963 549 964 554 ,

148 603 207 664 ροι1
219 587 312 650 illam
335 587 483 663 regimen
497 587 703 660 monasterii,
719 586 772 650 vel
791 588 942 664 proelalio

147 684 259 747 ablata
287 697 355 746 non
383 685 472 746 esset
488 683 606 758 eidem,
634 685 690 748 sed
719 687 827 747 adhuc
842 701 942 762 penes

147 783 258 860 ipsum
272 783 341 846 tota
363 783 508 860 potestas
523 783 556 844 et
574 781 754 846 auctoritas
768 783 940 854 resideret,

147 881 226 943 licat
240 879 303 942 sibi
320 879 478 942 adhibere
498 880 535 940 in
555 879 693 955 agendis
714 880 747 943 et
760 880 943 942 tractandis

147 977 291 1055 negotiis
325 977 518 1038 monasterii
558 977 727 1040 seniorum
769 977 943 1039 consilium

146 1075 311 1147 teneatur,
319 1072 517 1152 quoniamst
529 1089 626 1136 secus
636 1073 748 1135 lacere
760 1076 941 1148 consuerit,
966 1133 967 1142 ,

148 1171 212 1235 hoc
234 1171 406 1249 diguitatis
428 1188 495 1234 non
508 1172 628 1244 extitit,
645 1172 702 1234 sed
724 1171 858 1234 abusus.
872 1174 943 1235 td·

144 1267 389 1349 lecitinsupen
417 1269 504 1348 quod
532 1267 634 1332 abilae
660 1283 726 1332 non
754 1272 884 1348 poterat
908 1286 968 1334 se

146 1384 315 1446 opponere
342 1367 544 1430 ordinationi
570 1367 747 1444 praediotae,
770 1384 856 1446 quae,
871 1368 944 1445 ipso

145 1466 316 1538 audiente,
330 1481 393 1527 neo
402 1463 658 1536 contradicente,
671 1463 801 1542 publice
809 1465 848 1526 in
858 1465 945 1542 capi·

147 1563 219 1625 tulo
231 1563 317 1626 lecta
329 1563 401 1634 iult,
416 1561 576 1638 etipsius,
588 1562 621 1623 et
630 1564 811 1624 conventus
825 1561 944 1638 sigillis

148 1660 291 1732 munite,
307 1675 406 1737 quam
422 1660 455 1720 et
469 1659 661 1736 provocatio
675 1674 743 1720 neu
761 1659 942 1736 suspendit,

147 1773 223 1820 oum
239 1771 306 1819 non
321 1755 421 1818 tuerit
440 1755 530 1818 inira
544 1758 674 1832 tempus
689 1756 872 1834 legitimum
886 1757 944 1816 in*

148 1856 297 1932 terjecta.
325 1857 462 1916 Domum
485 1854 573 1915 idem
598 1853 772 1930 episcopus
792 1853 945 1915 inliciens

148 1953 228 2025 alia,
245 1968 319 2030 quae
334 1948 441 2013 dictus
463 1949 565 2014 abbas
580 1951 753 2028 proposuit
766 1951 880 2012 contra
894 1951 946 2028 ip·

146 2067 222 2110 sum
249 2049 353 2126 petiit,
380 2049 416 2110 ut
450 2064 551 2126 quum
585 2048 692 2110 dictus
719 2047 832 2121 abhas,
860 2047 946 2110 siout

148 2147 280 2218 asserit,
296 2146 491 2209 litteratura
504 2145 737 2207 insufficientis
754 2145 886 2217 existat,
914 2149 946 2209 et

145 2241 261 2306 domui
276 2254 357 2316 suaa,
374 2239 566 2321 cujushona
576 2241 747 2320 dilapidat,
761 2244 850 2304 male
864 2259 946 2320 prae·

148 2339 289 2420 positus,
304 2357 344 2402 ao
355 2342 492 2419 antiqua
503 2341 625 2403 materia
640 2339 818 2402 observare
832 2339 939 2417 negli-

146 2441 206 2516 gat
226 2440 343 2500 sonim
370 2437 540 2516 proprium
559 2439 801 2516 juramentum,
828 2440 862 2500 et
889 2438 947 2500 aut

148 2537 482 2613 raro,autnunquam
492 2549 567 2595 oum
578 2534 735 2597 iratribus
750 2535 820 2596 suis
830 2546 945 2612 pacem

148 2633 259 2702 hahet,
276 2649 335 2710 per
350 2648 423 2710 quaa
433 2633 468 2694 et
480 2633 547 2694 alia
560 2631 702 2708 plurima
717 2632 945 2709 irreparabilis

146 2747 248 2792 casus
271 2730 338 2792 nisi
360 2730 459 2792 citius
480 2731 695 2791 succurratur
708 2729 858 2790 imminet
871 2745 945 2790 mo-

148 2829 299 2890 nastario
309 2826 498 2904 saepedicto.
511 2827 559 2886 De
571 2825 624 2887 his
643 2827 677 2888 et
691 2825 768 2886 aliis
782 2839 855 2904 quae
869 2826 947 2887 sunt

147 2926 317 3004 proposita
329 2925 443 2986 contra
456 2934 532 2984 eum
545 2939 604 3000 per
615 2923 706 2984 viros
725 2923 880 2984 honestos
895 2923 910 2984 l
928 2953 947 2968 -

146 3038 302 3085 caremus
325 3021 461 3098 inquiri,
488 3019 669 3082 etsalulue
691 3020 873 3082 remedium
892 3020 947 3082 ad·

150 3119 269 3182 iliberi.

189 3219 259 3280 Nos
275 3217 378 3294 igitur
391 3215 444 3277 his
464 3216 496 3277 et
519 3214 595 3276 aliis
621 3230 694 3292 qua
709 3213 845 3278 tremat
863 3229 946 3293 pro-

149 3316 257 3392 posita
272 3329 384 3375 coram
395 3313 558 3374 cardinali
573 3311 730 3390 praedicto
743 3327 803 3389 per
815 3312 946 3374 fidelem

148 3413 345 3474 relationem
366 3411 471 3487 ipsius
498 3409 631 3486 plenius
657 3408 846 3482 intellectis,
869 3411 947 3486 quia

147 3508 456 3587 perconiessienem
466 3507 573 3584 ipsius
582 3506 840 3584 iactam,injure
850 3507 947 3569 nobis

146 3605 307 3678 eonstiiit,
324 3605 411 3682 quod
425 3605 532 3665 eidem
546 3603 702 3681 episcopo
717 3605 874 3682 tanquam
890 3608 948 3683 ju-

146 3705 215 3766 dici
230 3717 297 3765 non
310 3703 504 3764 constiterat
514 3701 637 3764 dictum
647 3700 804 3763 abbatem
821 3701 893 3763 iore
907 3702 947 3766 de

146 3799 388 3878 dilapidatione
427 3800 637 3876 suspectum,
664 3799 732 3860 tarn
749 3800 802 3862 de
841 3801 947 3877 ipsius

148 3898 291 3969 abbatis,
306 3913 404 3974 quam
417 3896 601 3958 dealterius
609 3897 715 3973 partis
721 3900 948 3974 procuratoris

149 4008 305 4064 assensu,
321 3991 513 4054 discretioni
537 3993 656 4054 vestrae
675 4004 735 4068 per
757 3995 947 4070 apostolica

147 4091 277 4168 scripta
303 4090 510 4160 mandamus,
534 4091 696 4166 quatenus
722 4090 843 4152 dicum
866 4088 946 4153 'sus-

152 4187 324 4266 pensionis
339 4186 538 4248 sententiam
551 4186 947 4264 auctoritatanpostollca

152 4285 324 4357 relaxetis,
339 4299 378 4345 ac
392 4283 599 4361 postmodum
613 4283 661 4344 ad
670 4283 797 4346 dictum
807 4299 946 4346 monas·-

151 4383 274 4446 terium
293 4380 501 4452 accedentes,
517 4381 645 4442 vocatis
660 4379 716 4457 qui
732 4381 858 4444 fuerint
868 4397 949 4445 avo-

150 4480 264 4552 candi,
280 4481 347 4541 tam
360 4479 401 4540 de
415 4477 582 4555 praedictis
598 4477 741 4552 statutis,
757 4480 792 4540 et
804 4479 881 4542 aliis
896 4493 949 4541 su-

151 4593 214 4655 per
228 4575 347 4654 quihus
366 4576 417 4637 est
437 4574 634 4637 contestatio
648 4575 717 4636 litis
738 4573 836 4649 lacta,
849 4591 947 4655 mam

149 4675 195 4736 de
208 4673 361 4735 omnibus
375 4672 452 4734 aliis
465 4671 640 4750 dequibus
652 4672 760 4735 dictus
772 4673 948 4759 episcopus

151 4772 343 4850 postulavit,
359 4769 484 4846 inquiri
495 4770 530 4830 in
545 4769 653 4846 capite
671 4785 712 4832 ac
737 4772 773 4832 in
791 4771 949 4834 memhris

151 4869 329 4946 inquiratis
355 4867 546 4943 diligentius
579 4867 771 4942 veritatem,
799 4869 832 4932 ot
859 4870 948 4948 quod

152 4966 350 5048 canonicum
374 4964 484 5036 luerit,
505 4953 727 5041 appellatione
754 4966 946 5044 postposita,

150 5060 950 5140 statuatislacientesquoddecreveritispercen·

149 5175 265 5221 suram
287 5159 548 5221 ecclesiasticam
577 5158 799 5237 appellatione
821 5162 949 5223 remota

149 5258 292 5320 timuiter
307 5255 490 5318 observari.
505 5255 597 5327 Quod
613 5256 642 5316 si
659 5270 725 5318 non
741 5272 868 5332 omnes,
885 5260 947 5321 eto.

151 5357 272 5417 Datum
286 5351 443 5414 Laterani
454 5353 531 5414 XVI
542 5351 703 5416 kalendas
713 5351 830 5432 aprilis
844 5357 951 5432 ponti·

152 5451 271 5515 doatus
285 5451 393 5512 nostri
407 5467 496 5514 anno
509 5450 619 5512 tertio.

761 329 989 395 EPISTOLAE.
1012 271 1090 390 L'IB.
1115 331 1170 390 ΙΙΙ.

1730 334 1788 394 rec

1336 496 1453 586 CLVI

1100 621 1152 684 Ad
1174 619 1353 686 recoctam
1372 623 1531 700 rapinum
1547 625 1686 702 Anqitoe.
1724 623 1726 626 ’

1280 727 1410 784 limari.
1427 725 1506 785 lile.

1027 819 1149 887 [Regnat.
1164 823 1208 874 lib.
1220 823 1264 881 111,
1274 824 1348 887 epist.
1359 821 1414 873 339.
1425 822 1482 874 llss.
1492 823 1528 875 La
1537 820 1610 874 Porto
1619 823 1654 876 du
1664 825 1758 890 thail]

996 919 1130 995 Indulget
1145 928 1176 978 ut
1194 923 1257 979 sine
1277 923 1394 994 speciali
1413 921 1547 980 mandato
1567 923 1647 981 Sedis
1667 915 1789 997 Aposto-
1822 929 1830 936 '

1031 1010 1094 1068 lice
1104 1011 1197 1068 nullus
1206 1010 1235 1066 in
1249 1023 1312 1067 eam
1326 1011 1489 1084 promulgat
1498 1014 1668 1071 senteutiam
1679 1029 1791 1071 excom·

1033 1099 1236 1158 muulcationls
1250 1098 1295 1156 vel
1308 1097 1459 1157 interdicti.

1038 1205 1216 1279 Honorius,
1232 1211 1307 1278 ete,
1325 1207 1506 1270 carissimae
1521 1207 1556 1269 in
1572 1203 1701 1273 Christo
1711 1205 1791 1274 filiae

997 1299 1147 1364 Isalrellae
1157 1301 1285 1362 illustri
1297 1301 1422 1378 reginae
1433 1303 1572 1379 angliae.

1037 1397 1106 1461 Etsi
1130 1399 1266 1475 dignum
1288 1399 1331 1461 sit
1356 1409 1416 1460 nos
1443 1401 1600 1478 quantum
1622 1417 1695 1462 cum
1724 1401 1792 1466 Deo

998 1507 1173 1574 possumus
1184 1497 1285 1572 regiae
1296 1495 1671 1572 dignitatidelerre,tuae
1681 1499 1792 1562 tamen

999 1589 1212 1655 sublimitatis
1239 1591 1405 1654 laudanda
1420 1594 1550 1656 devotio
1564 1593 1697 1674 dignius
1715 1614 1794 1674 pro-

998 1693 1155 1763 meretur,
1182 1693 1219 1752 ut
1245 1689 1285 1752 de
1312 1691 1449 1768 speciali
1477 1690 1792 1770 sedisapostolicae

998 1783 1106 1865 gratia
1132 1790 1303 1864 gratanter
1329 1789 1392 1849 iuis·
1414 1789 1567 1865 precihus
1593 1807 1791 1868 annuamus,

998 1883 1143 1946 maxime
1166 1898 1248 1962 quas
1267 1886 1468 1962 inrequietis
1492 1903 1594 1948 causa
1622 1887 1793 1952 desideras

997 1981 1169 2053 exaudire,
1178 1983 1235 2059 qui
1246 1983 1345 2043 etiam
1358 1985 1539 2058 nonrogati
1552 1987 1584 2045 te
1593 1985 1793 2049 intendimus

999 2076 1225 2142 favorablliter
1251 2077 1438 2140 confovere.
1466 2081 1665 2160 eapropter,
1688 2085 1795 2146 caris-

999 2177 1083 2240 sima
1096 2178 1133 2238 iu
1146 2176 1277 2238 Christo
1302 2175 1383 2249 illia,
1396 2177 1463 2240 tuis
1472 2179 1574 2256 justis
1597 2181 1795 2257 postulatio·

999 2275 1095 2337 nibus
1110 2275 1240 2352 gratum
1267 2274 1493 2351 impartientes
1515 2291 1699 2352 assensum,
1716 2279 1793 2358 quia

998 2371 1137 2434 interest
1150 2373 1264 2432 nostra
1278 2375 1345 2433 tuae
1355 2372 1588 2450 tranquillitati
1595 2376 1732 2452 paterna
1748 2375 1795 2438 di·

999 2469 1136 2545 ligantia
1158 2466 1343 2544 prcvldere,
1361 2470 1557 2532 auctoritate
1572 2471 1631 2532 tibi
1646 2489 1795 2549 praesen-

998 2568 1080 2629 tium
1112 2565 1332 2642 indulgemus
1364 2567 1399 2628 ut
1426 2566 1509 2628 nulli
1542 2567 1614 2629 sine
1656 2571 1793 2646 speciali

999 2661 1794 2741 mandatosedisapostolicaeinpersonamtuam

998 2757 1178 2832 interdicti,
1202 2761 1256 2821 vel
1285 2762 1637 2826 excommunicationis
1659 2768 1796 2828 senten-

998 2858 1079 2921 tiam
1094 2857 1193 2920 liceat
1201 2857 1422 2935 promulgare,
1436 2859 1598 2921 sententia
1610 2877 1796 2925 excommu-

999 2955 1186 3028 nlcationis,
1201 2971 1300 3032 quam
1313 2954 1514 3016 venerahilis
1529 2953 1632 3018 irater
1644 2962 1793 3024 noster...

999 3052 1205 3115 Xanctonen.
1223 3053 1395 3130 episcopus
1410 3051 1463 3114 rel
1476 3053 1561 3114 alius
1577 3055 1658 3118 inte
1674 3055 1796 3120 dicitur

999 3151 1238 3230 promulgasse,
1256 3165 1463 3227 nequaquam
1478 3151 1641 3226 obstante,
1661 3155 1794 3232 quomi-

1000 3259 1064 3310 nus
1079 3261 1224 3326 praesens
1239 3245 1447 3323 indulgentia
1468 3263 1563 3309 suam
1578 3249 1613 3311 in
1626 3251 1796 3328 posterum

1001 3343 1148 3407 obtineat
1162 3345 1362 3406 firmitatem.
1378 3343 1471 3406 Nulli
1486 3361 1576 3422 ergo,
1594 3347 1655 3408 etc.
1676 3349 1795 3410 Datum
1904 3357 1907 3367 '

1001 3443 1156 3504 Laterani
1166 3439 1294 3504 decimo
1307 3443 1400 3502 sexto
1414 3441 1574 3504 kalendas
1584 3445 1701 3523 aprilis
1712 3462 1796 3524 pon-

1000 3538 1143 3602 titlcatus
1159 3539 1264 3601 nostrl
1279 3553 1366 3600 anno
1381 3539 1491 3602 tertio.

1328 3691 1467 3779 CLVII

1053 3815 1105 3878 Au
1119 3816 1311 3878 neumam
1321 3817 1549 3890 praepositum
1563 3819 1596 3878 et
1611 3817 1742 3891 tratres

1019 3913 1368 3988 saunemperpenses
1382 3915 1514 3974 ordinis
1528 3915 1562 3975 S.
1576 3916 1778 3992 Anareitai:

1283 4016 1316 4072 la
1331 4021 1413 4071 mart.
1429 4008 1507 4072 lare,

1195 4107 1520 4175 [renumerationem
1535 4109 1603 4176 tia]

1001 4203 1082 4274 ipsos
1093 4197 1216 4257 tuendos
1228 4199 1355 4270 suscipit,
1371 4197 1533 4271 specialiter
1543 4207 1638 4256 autem
1655 4196 1794 4273 decimas,

1178 4287 1327 4356 ecclesias,
1340 4293 1407 4355 ete,
1420 4287 1463 4343 eie
1474 4287 1635 4346 confirmat.

1040 4386 1218 4454 Honorius,
1229 4389 1306 4458 ete,
1319 4385 1696 4450 dlleotisllliisHelnrico
1707 4403 1796 4466 prae⁴

1001 4483 1108 4564 posito
1135 4486 1170 4545 et
1194 4481 1351 4546 iratribus
1375 4483 1688 4561 Reiclrerspergens.
1716 4489 1792 4550 Ord.

1002 4585 1035 4644 s.
1049 4586 1131 4658 Aug.
1148 4581 1335 4643 Pataviens.
1352 4579 1463 4654 dioec,
1484 4582 1623 4644 salutem
1648 4586 1681 4647 et
1695 4601 1795 4662 apos-

1000 4673 1134 4742 tolicam
1148 4677 1422 4740 benedictionem.

1042 4777 1261 4838 sacrosancta
1280 4777 1430 4836 Romana
1442 4773 1591 4837 Ecclesia
1608 4776 1745 4841 devotos
1760 4785 1796 4844 et

1001 4872 1144 4936 humiles
1170 4871 1256 4932 illios
1280 4886 1323 4932 ex
1350 4872 1492 4932 assuetae
1525 4873 1657 4949 pietatis
1683 4875 1793 4940 otllcio

1003 4969 1199 5047 propensius
1213 4967 1353 5044 diligere
1370 4969 1551 5041 consuevit,
1566 4973 1599 5032 et
1612 4987 1655 5032 ne
1669 4988 1794 5050 pravo-

1001 5079 1075 5128 rum
1091 5065 1261 5126 hominum
1276 5063 1437 5127 molestiis
1452 5067 1630 5141 agitentur,
1647 5084 1704 5131 eos
1718 5070 1796 5132 tan-

1002 5179 1100 5241 quam
1113 5163 1169 5240 pia
1178 5165 1289 5222 mater*
1298 5175 1366 5222 suae
1380 5147 1596 5239 protectionis
1611 5167 1794 5230 munimine

1002 5259 1189 5322 contovere.
1214 5261 1261 5319 lia
1285 5262 1428 5335 propter,
1455 5257 1567 5321 dilecti
1590 5262 1626 5322 in
1654 5264 1793 5325 Domino

1003 5355 1075 5428 tilii,
1090 5355 1211 5417 vestrm
1220 5355 1320 5432 justis
1345 5353 1498 5432 precihus
1512 5355 1665 5418 inclinati
1678 5370 1795 5434 perso-

1002 5453 1204 5514 nastestrae
1215 5451 1248 5512 et
1261 5451 1448 5524 ecclesiam,
1462 5453 1497 5512 in
1508 5465 1573 5529 qua
1588 5453 1700 5514 dimne
1712 5449 1793 5518 e'stis

989 5549 1164 5627 'obsequio
1197 5547 1387 5625 mancipati,
1413 5561 1488 5609 oum
1516 5547 1669 5610 omnihus
1696 5548 1793 5615 bonis

1003 5649 1070 5709 tam
1086 5645 1320 5706 ecciesiasticis
1335 5659 1433 5720 quam
1455 5645 1643 5717 mundanis,
1663 5661 1737 5724 qua
1759 5652 1794 5712 in
