4230 6388
322 281 383 348 855
938 279 1115 354 Hertonn
1136 283 1183 346 111
1204 280 1352 348 OPERA.
1908 279 1970 348 856

319 444 422 526 pibus
444 443 589 508 lacerari
612 443 669 522 qui
694 440 897 527 dilationem
924 442 997 505 voti
1023 441 1119 504 uobis
1173 445 1286 520 posset
1315 443 1439 522 absque
1469 446 1565 522 gravi
1593 446 1745 512 acclesiae
1775 449 1968 510 memoratae

321 542 489 620 praecipue
504 539 705 618 imputantes
723 540 839 601 contra
855 555 915 600 nos
930 541 1046 615 jurant
1064 541 1119 602 in·
1173 541 1357 618 dispendio,
1372 542 1596 618 dignaremur.
1615 545 1683 604 Nos
1695 545 1881 606 venerabili
1896 543 1969 606 ira-

320 640 502 718 ,cessanten
523 639 590 699 imo
609 641 643 698 ul
666 637 717 697 illi
739 637 946 713 complaceas
970 640 1065 715 cujus
1086 639 1118 700 te
1171 639 1216 699 tri
1237 642 1352 700 nostro
1367 641 1565 702 Varadiensi
1587 641 1753 718 episcopo,
1775 643 1809 703 et
1823 644 1857 702 C.
1881 657 1971 719 prae·

320 735 479 813 obsequio
494 735 668 805 devovisti,
686 735 899 796 serenitatem
913 736 1004 796 tuam
1018 750 1119 810 roga·
1173 735 1280 810 posito
1303 734 1441 798 Albensi
1466 738 1591 799 nostris
1615 738 1765 800 dedimus
1786 739 1907 800 litteris
1933 738 1969 799 in

322 849 407 906 mus,
424 848 596 893 monemus
616 833 648 894 et
667 831 840 893 hortamur
861 833 996 904 attente,
1023 831 1120 893 obse·
1172 831 1349 902 mandatis,
1365 836 1515 910 utsuper
1529 835 1593 906 bis,
1608 836 1698 897 etan
1713 851 1774 912 per
1788 836 1969 898 canonicos

322 933 454 1008 crantes
465 945 525 1006 per
535 928 710 990 Dominum
721 931 835 992 Jesum
848 924 1116 1006 Christumque·
1173 929 1352 992 seculares
1368 931 1432 1008 ipsi
1456 933 1607 994 ecclesiae
1629 934 1807 995 salubriter
1826 935 1869 996 sit
1890 950 1972 1011 pro-

322 1029 420 1089 tenus
447 1026 479 1086 ei
505 1025 561 1102 qui
587 1027 639 1087 est
665 1025 801 1098 veritas,
829 1041 934 1088 verax
959 1026 1117 1098 existens,
1172 1027 1292 1100 visum,
1316 1027 1476 1106 inquisita
1489 1031 1631 1093 sollicite
1645 1032 1797 1104 veritate,
1815 1032 1901 1109 quod
1914 1033 1972 1094 in-

321 1137 459 1212 causam
480 1125 553 1200 etus
570 1122 761 1185 inveritate
780 1124 973 1200 pertractes.
998 1125 1117 1184 Datum
1173 1124 1344 1198 venirent,
1372 1126 1467 1187 nohis
1494 1127 1639 1189 fideliter
1666 1128 1885 1205 intimarent3
1911 1130 1970 1208 qui

323 1205 492 1292 Laterarss
517 1218 627 1281 idibus
644 1209 983 1297 1661166611166166
1009 1219 1116 1282 nostri
1172 1223 1305 1284 tandem
1321 1239 1398 1284 suas
1414 1225 1455 1284 ad
1471 1241 1531 1286 nos
1548 1225 1702 1288 direxere
1725 1226 1865 1299 litteras,
1888 1243 1973 1288 con-

323 1333 413 1382 enno
427 1317 552 1395 quinto.
1173 1320 1317 1381 tinentes
1335 1322 1522 1398 :reperisse
1539 1339 1574 1383 se
1598 1323 1718 1386 statum
1739 1324 1845 1401 ipsius
1860 1325 1971 1386 eccle-

656 1461 658 1466 .
1174 1417 1233 1477 siae
1256 1417 1404 1494 ternpore
1434 1420 1673 1481 monachorum
1696 1422 1730 1483 et
1757 1423 1906 1494 modum,
1935 1423 1970 1483 et

588 1556 859 1645 CCCCXXXH
1174 1515 1391 1591 quantitatem
1420 1525 1622 1578 ‘excessuum
1646 1519 1848 1590 eorumdem,
1871 1520 1971 1596 prout

1174 1611 1270 1673 nobis
1292 1612 1401 1676 tuerat
1421 1613 1621 1688 intimatum,
1640 1617 1673 1676 61
1696 1616 1782 1692 quod
1807 1615 1848 1676 ad
1868 1617 1970 1678 trium

325 1711 577 1782 Ι11666661666
601 1715 786 1772 secutores
808 1712 845 1770 16
867 1709 1120 1771 monasterium
1175 1709 1338 1772 duntaxat
1358 1713 1595 1772 monachorum
1615 1727 1789 1774 numerum
1809 1714 1970 1790 praedicta

404 1809 445 1870 de
463 1806 620 1878 Vttbubu,
638 1809 860 1868 cenadiensis
873 1807 1039 1868 dioecesis.
1175 1808 1316 1869 ecclesia
1332 1808 1534 1884 devenisset;
1551 1808 1639 1871 lacta
1654 1826 1742 1871 nunc
1755 1811 1796 1871 de
1809 1809 1970 1886 spelunca

618 1936 652 1994 ll
662 1935 733 2010 jun„
751 1937 829 1994 liii.
1175 1905 1270 1981 quasi
1286 1903 1453 1980 latronum
1468 1906 1585 1967 domus
1599 1907 1771 1978 orationis,
1790 1909 1822 1969 et
1841 1907 1969 1968 16161-

1175 2002 1311 2078 quitatis
1324 2002 1467 2078 bospitio
1479 2003 1570 2064 locus
1582 2005 1651 2064 bei.
1660 2003 1856 2080 Recepimus
1867 2005 1970 2066 etiam

1176 2099 1341 2160 carissimi
1360 2099 1395 2160 in
1414 2100 1544 2162 Christo
1567 2101 1628 2161 tilii
1649 2102 1754 2163 nostri
1769 2104 1807 2162 A.
1826 2105 1969 2178 116666-

344 2174 488 2230 Honorius
500 2173 655 2230 canonicos
670 2173 823 2230 saeculares
837 2173 865 2228 in
882 2174 1056 2231 monasterio
1067 2172 1103 2230 de
1175 2211 1287 2256 rorum
1303 2197 1392 2271 regis
1415 2197 1557 2258 illustris
1584 2199 1616 2260 et
1637 2199 1853 2275 quorumdam
1897 2215 1970 2261 Μ,

326 2261 455 2322 Vithubu
471 2275 536 2318 cnm
552 2275 695 2320 consensu
712 2261 792 2334 regio
807 2261 945 2330 illocatos,
961 2260 1119 2319 coufirmat.
1176 2292 1317 2354 latorum
1332 2294 1426 2368 regni
1442 2295 1493 2354 sui
1508 2243 1648 2368 litt'eras,
1665 2313 1737 2372 quae
1753 2217 1932 2374 approbgri
1949 2313 1971 2358 a

365 2387 532 2456 Honorius
543 2387 728 2464 episcopus,
742 2401 858 2448 servus
868 2388 1118 2458 servorumbei,
1176 2389 1271 2452 nobis
1286 2391 1528 2453 ordinationem
1545 2392 1649 2469 ipsius
1664 2394 1811 2471 episcopi
1827 2393 1867 2455 de
1880 2409 1972 2471 666-

325 2484 360 2544 C.
377 2484 566 2561 preposito,
585 2483 618 2545 61
632 2483 803 2544 666661616
819 2483 859 2544 16
874 2483 1035 2554 Vitbubu‚
1053 2485 1119 2544 (16-
1176 2487 1263 2550 11616
1287 2488 1428 2550 66616616
1448 2489 1641 2552 suadebant.
1668 2492 1736 2551 Nos
1755 2491 1859 2566 igitur
1878 2491 1970 2567 regis

325 2581 495 2642 nadiensis
511 2581 676 2652 dioecesis,
694 2579 834 2642 salutem
854 2581 886 2642 61
904 2581 1120 2657 apostolicam
1176 2585 1293 2661 ipsius,
1308 2587 1341 2648 et
1353 2587 1542 2648 eorumdem
1554 2588 1700 2665 episcopi
1713 2603 1752 2648 ac
1765 2588 1912 2664 capituli,
1929 2603 1971 2650 ac

328 2677 603 2740 benedictionem.
1176 2683 1296 2745 vestris
1318 2683 1472 2760 precibus
1500 2684 1662 2756 inclinati,
1684 2685 1769 2762 qnod
1790 2683 1831 2746 ab
1852 2685 1971 2746 eodem

367 2775 461 2836 Sicut
479 2776 681 2836 venerabilis
704 2775 807 2838 trater
829 2776 941 2838 noster
963 2775 1121 2838 Dominus
1176 2780 1331 2856 episcopo
1351 2797 1451 2857 super
1472 2782 1535 2842 boc
1549 2781 1671 2844 iactum
1693 2785 1755 2850 est,
1778 2784 1886 2844 ratum
1906 2783 1973 2844 ba·-

327 2873 544 2933 Genadiensis
559 2873 735 2949 episcopus
751 2873 829 2933 olim
845 2873 940 2934 nobis
955 2873 1119 2948 exposuit,
1176 2878 1302 2950 bentes,
1328 2879 1570 2940 ordinationem
1598 2880 1747 2941 eamdem
1769 2880 1972 2942 auctoritate

325 2969 414 3029 idem
436 2969 471 3030 16
487 2985 556 3030 suae
571 2970 697 3045 reperit
717 2971 933 3046 promotionis
954 2970 1051 3030 initio
1066 2986 1123 3031 ec-
1176 2975 1971 3054 apostolicaconfirmamus,etpraesentisscripn

326 3066 463 3127 clesiam
478 3067 634 3136 vestram,
647 3083 719 3142 quae
735 3067 914 3141 Nigrorum
928 3067 1037 3128 iuerat
1050 3083 1123 3128 mo·
1177 3073 1361 3149 patrocinio
1375 3075 1625 3135 communimus.
1643 3074 1734 3135 Nulli
1750 3089 1829 3150 ergo
1845 3075 1972 3135 nostrae

325 3162 519 3234 nacborum,
537 3163 572 3223 in
588 3163 817 3240 spiritualibus
833 3165 866 3225 et
884 3159 1121 3240 temporalibus
1176 3169 1638 3246 confirmationisiulringere.
1647 3171 1682 3232 Si
1691 3171 1968 3248 quisautem,etc.

325 3260 534 3330 destitutam,
560 3263 593 3321 et
621 3262 841 3322 consistentes
867 3259 913 3320 ibi
942 3275 1120 3337 personas,
1177 3269 1294 3328 batum
1312 3267 1479 3338 Laterani,
1494 3270 1600 3329 XVlll
1615 3265 1775 3330 kalendas
1784 3267 1873 3347 julii,
1891 3283 1974 3344 666-

324 3357 473 3432 reguleri
502 3357 630 3434 abjecta
659 3356 887 3430 observantia,
918 3358 1007 3418 inter
1035 3358 1120 3427 alia,
1176 3363 1687 3444 lineatusnostrtannoquinto:

326 3471 399 3531 quae
422 3454 668 3518 committebant
685 3454 837 3516 enormia
858 3455 947 3516 intra
971 3453 1118 3532 ejvsdem

325 3551 392 3614 loci
406 3553 509 3629 septa,
526 3551 644 3614 falsam
658 3551 864 3614 fabricavere
877 3555 1041 3614 monetam
1053 3575 1060 3628 3
1075 3553 1121 3614 ita

326 3648 413 3725 quod
440 3649 607 3710 distractis
634 3649 768 3726 propter
795 3649 859 3710 boc
887 3649 1064 3710 mobilibus
1090 3650 1123 3712 et
1428 3615 1719 3703 GCCGXXXHI

325 3745 551 3807 immobilibus
573 3746 608 3806 in
632 3761 704 3808 eam
725 3761 841 3807 cruces
859 3746 1020 3818 ecclesiae,
1043 3762 1124 3808 nec·
1176 3769 1229 3828 Ag
1245 3769 1439 3828 Romanum
1457 3769 1492 3828 g,
1510 3770 1631 3843 Amen
1652 3771 1832 3829 diaconum
1853 3771 1974 3830 cardi-

325 3859 393 3904 666
419 3843 552 3916 calices,
567 3844 600 3904 et
620 3843 688 3904 alia
708 3859 788 3905 vasa
808 3858 904 3906 sacra
926 3843 1120 3906 conflarent.
1200 3869 1325 3935 nalem,
1339 3867 1537 3937 canapantca
1552 3865 1587 3926 et
1599 3865 1790 3926 maritime?
1802 3865 1946 3926 rectori·

325 3941 470 4018 Cumque
491 3940 597 4017 ipsius
621 3940 687 4001 loci
711 3940 866 4002 monachi
888 3956 932 4001 ex
954 3942 1122 4002 tantorum
1464 3995 1498 4053 ,ὅ
1510 3993 1583 4066 junii
1600 3997 1678 4054 ,Μ

326 4038 503 4100 criminum
530 4037 751 4110 conscientia,
778 4038 1041 4114 indignationem
1067 4053 1124 4100 re-

326 4136 416 4216 giam
445 4137 477 4198 et
507 4136 654 4212 ejusdem
686 4136 833 4212 episcopi
860 4137 1053 4206 metuentes,
1080 4135 1122 4196 ab
1255 4118 1387 4184 triane,
1397 4119 1597 4184 codexnpnm.
1611 4117 1718 4170 dominii
1728 4117 1886 4184 temporalis,

328 4234 443 4296 eadem
454 4233 595 4294 ecclesia
605 4233 849 4307 migravissent,
861 4233 894 4294 61
904 4233 944 4294 16
955 4231 1125 4308 regalibus
1439 4205 1460 4248 ι’
1472 4199 1492 4258 ¹’
1505 4215 1531 4262 Ρ·
1543 4199 1583 4257 ⁶7’
1598 4213 1623 4248 ¹¹·
1637 4198 1703 4260 ¹⁰⁸¹]

327 4330 359 4395 ei
374 4345 440 4390 666
455 4332 565 4405 666661
579 4329 731 4406 personis
751 4328 921 4390 commode
937 4328 1122 4404 provideri;
1178 4315 1289 4374 Reilffli
1304 4316 1467 4388 campanie
1483 4330 1517 4371 ⁰⁰
1532 4315 1693 4384 militm,
1711 4315 1966 4372 6666166661-

329 4426 504 4504 episcopus
533 4427 604 4501 1666
627 4441 701 4486 cum
720 4427 756 4484 B.
779 4415 963 4500 Augustino
987 4423 1122 4486 claudos
1213 4402 1350 4460 rensibus
1369 4404 1569 4504 661166116661
1588 4405 1759 4504 pactionem,
1774 4403 1829 4460 6161
1844 4403 1976 4478 Signinis

256 4523 261 4530 '
326 4523 452 4584 babere
476 4522 604 4592 maluit,
634 4537 733 4598 quam
761 4523 909 4582 mortuos
935 4522 1120 4597 deplorare.
1213 4491 1339 4565 ΨΜ]
1357 4491 1480 4550 matam
1500 4499 1779 4566 pmumsumerm‘·

328 4622 423 4684 Unde
449 4619 642 4698 praedictam
672 4617 848 4678 ecclesiam
880 4618 1032 4694 personis
1062 4634 1125 4679 va·
1218 4617 1971 4695 Honoriusepiscopus,servusservorumDei,

327 4733 435 4790 cuam,
448 4719 482 4778 et
494 4714 708 4776 facultatibus
723 4715 910 4794 spoliatam,
928 4715 968 4776 de
983 4717 1124 4778 666616-
1178 4714 1298 4778 dilecto
1323 4715 1391 4776 illio
1412 4713 1591 4794 R(0man0)
1617 4716 1730 4776 Sancti
1756 4714 1874 4790 Angeli
1897 4714 1975 4775 dia-

325 4814 418 4874 ribus
441 4812 538 4874 duxit
561 4812 732 4874 canonicis
761 4812 983 4874 ordinandum
1005 4815 1049 4886 te,
1076 4813 1123 4874 illi
1179 4828 1263 4876 cono
1304 4813 1469 4874 cardinali
1508 4813 1697 4889 Campaniae
1729 4813 1976 4889 maritimaeque

326 4911 510 4980 carissime,
528 4913 622 4988 cujus
642 4912 813 4986 expertam
835 4910 981 4973 babebat
1003 4911 1122 4972 indus·
1178 4910 1311 4982 rectori,
1329 4910 1480 4982 salutem,
1497 4909 1561 4971 etc.

326 5010 437 5080 triam,
454 5009 489 5069 in
505 5008 611 5084 ipsius
626 5009 838 5086 prepositum
854 5008 1014 5080 instituto,
1034 5007 1126 5085 post
1219 5010 1327 5068 Grave
1351 5007 1498 5082 gerimus
1518 5008 1552 5067 et
1569 5005 1754 5082 indiguum,
1772 5005 1868 5084 quod,
1888 5004 1977 5066 sicut

327 5107 460 5170 modum
473 5121 553 5168 vero
566 5107 620 5167 cui
639 5105 726 5166 idem
740 5106 916 5182 episcopus
938 5108 971 5167 61
990 5105 1123 5181 666116-
1180 5104 1379 5176 audivimus,
1394 5119 1455 5181 pro
1467 5118 1506 5165 eo
1521 5103 1607 5180 quod
1622 5103 1752 5178 Signini
1765 5103 1806 5164 16
1818 5102 1976 5164 6661616

328 5207 408 5278 166,
425 5205 493 5266 tam
507 5203 688 5276 humiliter,
701 5219 801 5280 quam
816 5203 1012 5280 suppliciter
1026 5203 1125 5265 insti·
1180 5202 1236 5264 tuo
1253 5204 1362 5264 tecum
1378 5202 1493 5263 contra
1513 5201 1727 5262 Terracinam
1739 5200 1776 5260 in
1790 5199 1977 5261 exercitum

326 5303 458 5376 1166661,
483 5305 520 5364 61
539 5301 624 5379 quod
646 5316 746 5376 super
765 5300 829 5360 boc
848 5300 1020 5362 abeodem
1037 5301 1126 5377 epis-
1180 5300 1423 5376 processerunt,
1438 5298 1562 5361 milites
1574 5297 1836 5358 'terracinenses
1850 5298 1977 5374 etqui-

258 5389 265 5396 ’
328 5417 410 5478 6666
432 5415 471 5462 66
498 5415 600 5462 causa
624 5397 747 5460 factum
774 5399 840 5469 est,
864 5398 1127 5459 misericorditer
1180 5396 1253 5458 dam
1273 5397 1332 5458 alii
1351 5394 1980 5471 666111666166666666166666166-

328 5499 561 5576 approbauteS,
585 5495 782 5556 confirmare
798 5494 1041 5558 ordinationem
1062 5494 1127 5556 bu·
1180 5494 1286 5556 1111166
1309 5493 1516 5570 equitantes,
1546 5491 1692 5569 praedam
1719 5506 1787 5552 666
1813 5491 1979 5553 modicam

324 5595 484 5673 jusmodi,
501 5610 574 5672 quae
592 5590 1126 5666 6166111661661,1666166666
1181 5590 1389 5656 abstulerunt
1402 5589 1527 5654 eisdem
1550 5604 1618 5652 uon
1635 5587 1709 5652 sine
1726 5588 1839 5652 nostra
1863 5589 1897 5651 et
1919 5588 1980 5652 tua

410 2056 499 2122 [licien
513 2057 597 2108 Codex
607 2057 713 2122 diplom.
725 2059 868 2121 liungsrie,
880 2058 922 2116 lll,
938 2072 956 2115 l,
968 2055 1036 2122 alt]
