4300 6392
207 337 266 398 aao
821 341 1051 404 33133333.
1075 345 1154 406 nra.
1178 345 1232 406 rv.
1792 295 1852 406 rao
1967 307 1973 334 ⁸

528 523 683 614 CXXIX
1057 503 1191 578 similia,
1206 505 1362 578 31311331,
1380 505 1494 582 quoin
1510 503 1644 567 civitate
1662 503 1776 565 eadem
1790 503 1853 566 ilo-

1057 601 1161 674 rente,
1172 602 1291 664 civitas
1301 602 1374 678 ipsa
1389 601 1495 674 iloret,
1510 616 1576 662 non
1591 599 1725 663 turbent
1733 601 1774 661 de
1786 615 1852 662 333-
1929 614 1935 626 1

1057 700 1141 770 tero,
1164 713 1226 759 nec
1247 697 1381 760 turbare
1405 699 1617 776 aliquatenus
1638 697 1771 769 iaciant,
1795 696 1852 758 sed

1059 794 1229 858 scholares
1248 796 1338 874 ipsos
1353 795 1618 859 honorificentiis
1634 794 1802 858 consuetis
1820 795 1857 856 et

246 851 419 924 mem·
599 962 614 974 ..
1058 889 1154 952 bonis
1176 893 1418 954 conditionibus
1437 893 1525 974 (quae
1544 893 1600 956 ria
1618 893 1684 954 erit
1701 891 1804 955 tutior
1821 891 1854 955 et

463 1066 469 1078 ¹
500 960 533 1030 ¹3
548 977 616 1028 “³⁸¹¹
632 962 711 1021 ¹²²⁰·
1059 987 1237 1068 potentior)
1254 991 1370 1052 curent
1387 991 1428 1052 ad
1451 993 1551 1053 terrae
1575 1006 1645 1052 suae
1664 990 1806 1070 gloriam
1820 991 1854 1052 et

364 1066 678 1141 [savi0u‚snn.s010m.,
686 1068 719 1128 ¹¹·
729 1081 758 1130 ¹¹»
769 1068 837 1133 ⁸²⁸4
1059 1085 1265 1148 commodum
1283 1087 1439 1150 retinere.
1463 1089 1623 1161 Quocirca
1645 1087 1852 1156 mandamus,

208 1172 327 1238 1111111111
352 1181 385 1232 ut
415 1173 603 1234 Bonohtehhtfl
639 1172 675 1232 ad
709 1173 874 1248 abroganda
901 1181 1003 1236 satura
1060 1183 1223 1260 quatenus
1237 1183 1266 1244 si
1286 1184 1372 1262 quod
1396 1185 1590 1246 mandamus
1614 1183 1656 1246 de
1678 1185 1753 1247 stat,
1769 1184 1852 1263 ipsis

245 1269 344 1320 contra
363 1261 524 1321 libertatem
535 1261 708 1325 scholarium
721 1261 861 1322 13313333
877 1261 1004 1324 habitam
1060 1279 1209 1342 dependis
1233 1281 1413 1358 adimplere
1435 1279 1624 1345 distulerint
1646 1281 1732 1344 ultra
1755 1295 1853 1343 men.

244 1349 281 1411 ab
296 1365 367 1424 ipsas
378 1349 454 1413 3133
464 1349 647 1424 compellant.
1060 1393 1140 1449 sem,
1157 1378 1210 1439 vel
1223 1378 1369 1455 ipsorum
1386 1378 1589 1445 scholarium
1604 1380 1645 1441 de
1660 1379 1779 1442 caetero
1794 1379 1853 1440 in-

249 1466 389 1530 statutis
404 1466 552 1529 civitatis
566 1467 786 1530 Bononiensis
806 1467 904 1530 iactis
924 1483 1006 1529 oon-
1061 1473 1207 1551 fringens
1232 1475 1434 1549 libertatem,
1462 1491 1522 1538 vos
1553 1475 1687 1538 eosdem
1716 1477 1784 1539 tam
1811 1475 1853 1537 ad

209 1567 262 1626 tra
274 1563 446 1626 scholares
459 1563 539 1625 olim
558 1563 654 1625 nobis
669 1564 839 1636 exhibitis,
851 1565 1004 1642 potestati
1060 1571 1183 1633 3131313
1198 1571 1338 1634 1313313
1353 1589 1452 1651 quam
1467 1572 1509 1634 ad
1524 1573 1711 1636 libertatem
1727 1587 1855 1634 eorum·

210 1660 245 1725 et
257 1661 378 1738 populo
389 1660 538 1738 ejusdem
547 1659 699 1722 dedimus
709 1662 743 1721 in
759 1662 948 1739 preceptis,
962 1677 1005 1722 ne
1060 1668 1136 1729 dem
1163 1669 1366 1732 scholarium
1390 1670 1664 1743 conservandam,
1685 1683 1746 1746 per
1772 1685 1854 1732 cen-

211 1758 381 1821 scholares
394 1757 570 1834 praedictos
589 1758 705 1819 contra
723 1757 908 1820 libertatem
921 1758 1005 1820 hao-
1061 1781 1173 1826 suram
1188 1766 1460 1840 ecclesiasticam,
1481 1767 1703 1845 appellatione
1715 1768 1852 1840 remota,

211 1856 308 1919 tenus
328 1853 475 1919 habitam
492 1855 667 1917 occasione
689 1855 887 1917 statutorum
911 1855 1005 1932 ipso·
1061 1862 1310 1939 compellantur.
1325 1863 1457 1935 Quodsi
1478 1879 1545 1926 non
1557 1879 1674 1926 omnes
1690 1863 1743 1924 his
1756 1878 1856 1926 exse-

211 1968 295 2026 rum,
306 1967 380 2029 quae
388 1952 479 2015 volut
490 1951 606 2029 iniqua
615 1951 769 2014 duximus
784 1951 1003 2030 reprobanda,
1060 1959 1200 2038 quendis
1215 1961 1365 2041 poteritis
1378 1961 1541 2024 interesse
1555 1962 1619 2022 duo
1639 1962 1786 2024 vestrum
1810 1975 1851 2024 ea

211 2048 252 2110 de
275 2050 395 2111 caetero
415 2065 481 2110 non
506 2049 731 2121 molestarent,
747 2047 934 2111 libertatem
948 2064 1006 2120 θο-
1060 2056 1278 2118 nihilominus
1304 2060 1540 2134 exsequantur.
1558 2059 1675 2128 Datum
1700 2057 1853 2129 Viterbii,

210 2163 284 2208 rum
297 2145 544 2224 quomodolibet
558 2145 782 2221 infringendo,
797 2145 1004 2207 universita-
1061 2154 1107 2216 111
1133 2153 1209 2216 idus
1243 2154 1351 2227 maii,
1381 2155 1594 2232 pontificatus
1632 2155 1740 2217 nostri
1768 2169 1855 2216 anno

211 2245 275 2308 tem
299 2258 415 2306 eorum
447 2243 665 2304 nihilominus
698 2242 914 2307 exhortantes
948 2243 1003 2316 ut,
1061 2251 1190 2326 quarto.

211 2341 428 2402 consideratis
451 2339 650 2402 utilitatibus
672 2340 706 2404 et
728 2339 910 2401 honoribus
928 2353 1008 2417 pro·
1392 2357 1528 2446 CXXX

210 2437 418 2498 venientibus
432 2437 539 2500 eidem
553 2453 597 2502 ex
612 2437 819 2501 scholaribus
839 2437 931 2513 ipsis,
948 2452 1007 2514 per

211 2535 332 2598 statuta
347 2534 538 2619 hujusmodi
554 2551 621 2598 non
635 2534 850 2605 molestarent
859 2534 1003 2606 eosdem,

210 2648 272 2693 nec
297 2631 445 2693 iacerent
479 2631 520 2693 de
546 2632 665 2698 caetero
699 2631 881 2700 molestari,
907 2646 1007 2708 super

211 2743 325 2790 eorum
346 2727 578 2790 observatione
600 2727 795 2807 praestitum,
813 2742 886 2788 cum
899 2726 1004 2788 illici·
1354 2709 1387 2768 ¹3
1402 2709 1471 2766 miii
1491 2708 1570 2778 1²²⁰·

208 2828 280 2887 tum
301 2825 413 2898 inerit,
438 2825 637 2888 remittendo
664 2824 750 2902 quod
780 2824 863 2901 ipsis
896 2823 1006 2886 iacere
1129 2821 1788 2898 [113133313311333313311331.,11,3.31.]

210 2922 452 2994 differentibus,
468 2923 580 2984 dilecti
593 2921 654 2986 tilii
670 2924 707 2983 R.
719 2921 834 2985 doctor
849 2921 1003 2983 decreto·-
1029 2975 1030 2980 ,
1061 2928 1224 2988 conventus
1235 2929 1262 2988 S.
1279 2928 1397 2988 Thomas
1412 2929 1543 3003 martyris
1558 2931 1587 2988 in
1603 2929 1695 2988 scotia
1715 2943 1772 2992 una
1788 2943 1854 2990 cum

209 3035 284 3080 rum
298 3021 332 3081 et
355 3021 391 3082 0.
416 3017 457 3080 de
471 3021 653 3094 Tonnengo
673 3018 738 3078 riri
758 3017 907 3090 litterati,
925 3033 1006 3094 pro·
1096 3017 1325 3090 possessionibus
1339 3018 1399 3076 suis
1413 3017 1466 3084 sub
1486 3019 1665 3091 protectione
1682 3019 1854 3092 apostolica

209 3116 279 3178 ridi
307 3118 341 3178 et
367 3115 482 3178 fideles
515 3130 575 3193 pro
611 3114 828 3177 universitate
856 3113 1006 3192 ipsorum
1096 3103 1180 3164 Sedii
1197 3106 1341 3180 ιθ01111111·
1836 3193 1839 3203 Ι

211 3213 414 3276 scholarium
439 3215 585 3274 nostram
604 3211 815 3289 presentiam
839 3210 1004 3284 adierunt,
1101 3214 1268 3276 Honorius
1288 3214 1474 3295 episcopus,
1498 3213 1628 3276 dilectis
1643 3213 1722 3278 111113
1741 3213 1853 3278 abbati

211 3326 312 3388 super
344 3310 387 3372 iis
419 3309 620 3387 Apostolicae
660 3309 860 3386 provisionis
894 3323 1006 3370 reme·
1062 3311 1095 3376 et
1109 3310 1287 3374 conventui
1302 3313 1335 3373 S·
1351 3311 1485 3376 Thomas
1500 3311 1656 3392 martyris
1678 3312 1852 3385 insontia,

211 3407 302 3470 dium
326 3407 555 3494 implorantes.
570 3409 675 3468 Porro
696 3405 808 3468 dilecti
827 3405 889 3468 tilii
911 3407 1007 3482 Hugo
1062 3409 1214 3472 salutem.

210 3504 320 3582 legum
349 3504 480 3588 doctor,
508 3506 542 3567 et
569 3503 759 3567 Fridericus
784 3503 850 3563 viri
876 3502 1006 3580 providi
1102 3505 1321 3576 Cumanobis
1336 3505 1558 3584 petituram,
1572 3508 1760 3586 eapropter,
1776 3505 1853 3580 etc„

211 3600 845 3679 31113133333333311313131313333311
863 3601 1006 3662 statuto·
1061 3617 1168 3678 usquc
1194 3607 1429 3668 concurrentes
1444 3619 1593 3670 assensu.
1614 3603 1853 3666 Monasterium

210 3714 285 3766 rum
314 3698 425 3760 conati
449 3697 677 3776 multipliciter
706 3697 859 3774 palliare,
874 3697 1007 3769 1331313
1063 3703 1096 3762 S.
1112 3699 1246 3764 Thomae
1261 3701 1430 3783 martyris,
1453 3702 1486 3764 et
1508 3717 1670 3780 personas
1691 3700 1857 3778 13111113-

210 3795 276 3858 duo
289 3814 331 3859 ex
344 3795 476 3859 statutis
489 3796 583 3873 ipsis,
598 3785 752 3860 videlicet
767 3795 807 3856 de
821 3793 1006 3857 rectoribus
1061 3797 1152 3860 mino
1174 3797 1373 3860 famulantes
1389 3815 1463 3861 cum
1484 3798 1638 3862 omnibus
1656 3798 1765 3870 bonis,
1782 3813 1856 3876 quae

210 3896 244 3956 et
258 3894 438 3960 lectoribus
454 3892 743 3964 extraordinariis,
754 3892 790 3952 in
800 3894 922 3954 nostrae
938 3891 1008 3952 dis·
1061 3896 1358 3974 inpraesentiarum
1373 3895 1618 3960 rationabiliter
1629 3895 1785 3974 possidet,
1796 3896 1855 3960 aut

210 3991 385 4069 positionis
396 3989 604 4068 heneplacito
615 3989 719 4052 libere
730 3993 923 4068 posuerunt,
934 4005 1007 4066 sup-
1061 3992 1097 4052 in
1112 3990 1269 4063 1313333,
1282 3991 1459 4067 praestante
1475 3991 1732 4067 Domino,justis
1746 3989 1854 4052 modis

209 4089 385 4166 plicantes,
405 4089 441 4151 31
461 4103 562 4164 super
576 4086 653 4148 aliis
673 4087 848 4164 providere
867 4086 1006 4167 paterna
1062 4087 1182 4165 poterit
1196 4087 1347 4164 adipisci,
1369 4086 1431 4153 sub
1451 4086 1539 4149 beati
1566 4087 1655 4149 Petri
1680 4087 1714 4148 et
1741 4087 1856 4148 nostra

213 4184 437 4249 sollicitudine
458 4184 682 4260 dignaremur.
705 4185 788 4255 Quia
809 4183 913 4259 igitur
939 4183 1008 4244 sia·
1062 4183 1265 4260 protectione
1274 4182 1686 4260 suscipimus.Specialiter
1695 4187 1807 4244 autem
1815 4182 1856 4244 de

208 655 262 720 Ad
295 655 497 724 obtzaoacm
526 659 723 734 3313333331
755 659 1001 734 parmensem,

248 753 528 818 archidiaconum
542 753 575 816 ct
589 755 927 838 archipresbyterum
936 759 1004 822 lte-

1022 2499 1026 2504 ·
1061 2493 1112 2551 Ad
1133 2491 1287 2552 abbatem
1301 2491 1335 2552 31
1349 2492 1553 2553 concentum
1577 2491 1697 2553 Sancti
1723 2493 1857 2554 thome

1362 2589 1401 2650 13
1423 2589 1549 2650 socam.

213 4283 408 4350 tutaomnia
427 4281 552 4362 quaein
572 4281 693 4344 litteris
714 4281 838 4342 nostris
850 4280 942 4356 prius
965 4279 1007 4340 ad
1062 4279 1201 4341 Turihed
1217 4281 1251 4342 et
1268 4281 1308 4342 de
1323 4279 1547 4356 Inverhugim,
1573 4279 1613 4342 de
1634 4279 1858 4342 1113313313-

213 4381 314 4460 ipsos,
329 4379 392 4442 hac
411 4380 451 4440 de
464 4394 566 4440 causa
585 4378 732 4450 directis,
749 4377 880 4459 plenius
895 4376 1007 4440 conti-
1062 4392 1132 4449 ver,
1144 4377 1185 4438 de
1197 4377 1399 4450 Havetrisel,
1414 4377 1455 4439 de
1470 4376 1646 4451 Muniioth,
1660 4376 1701 4439 13
1714 4376 1857 4439 liberru·

211 4477 343 4549 nentur,
358 4477 477 4538 merito
492 4475 754 4554 reprobavimus,
765 4488 868 4554 quare
878 4471 929 4534 eis
941 4489 1007 4536 non
1061 4475 1123 4547 tbi,
1140 4475 1181 4536 13
1197 4474 1402 4548 Stratitteen,
1422 4474 1464 4536 13
1479 4475 1626 4536 Moriens
1641 4475 1676 4536 31
1695 4474 1738 4536 13
1757 4459 1858 4536 11331-

210 4575 305 4638 13331
323 4575 392 4644 illis
407 4574 449 4635 de
471 4576 591 4636 caetero
604 4572 784 4643 inhaerere,
800 4571 1008 4633 devotionem
1063 4587 1137 4633 mur
1147 4571 1307 4632 ecclesias
1322 4573 1355 4635 et
1366 4569 1555 4635 Glaskelem
1571 4570 1653 4634 etde
1665 4569 1857 4634 Kendeldu·

212 4688 327 4736 eorum
343 4671 541 4734 monendam
560 4669 716 4732 duximus
737 4670 771 4731 31
796 4667 1005 4740 hortandam,
1063 4665 1854 4740 33313333,13333131331131113331113131313,

212 4785 271 4846 per
280 4759 470 4846 apostolica
485 4769 534 4829 eis
548 4767 671 4844 scripta
680 4765 887 4838 mandantes,
897 4767 1009 4843 quate
1062 4768 1186 4830 terram
1210 4765 1251 4827 de
1270 4766 1426 4839 Ballisac,
1446 4766 1551 4828 totum
1565 4779 1682 4827 nemus
1696 4764 1858 4834 deiros·
1938 4803 1942 4809 -

212 4882 275 4929 nus
290 4865 497 4936 attendentes
511 4865 596 4942 quod
612 4863 784 4926 scholares
804 4862 894 4940 ipsos
908 4862 1007 4924 beni·
1063 4863 1174 4935 tauch,
1192 4879 1292 4924 unam
1312 4878 1458 4924 annuam
1479 4875 1632 4924 marcam·
1650 4863 1781 4939 argenti
1794 4878 1857 4924 no-

210 4964 337 5040 gnitate
358 4963 504 5025 retinere
519 4961 667 5039 possunt,
684 4961 804 5022 melius
823 4975 922 5038 quarn
941 4960 1007 5020 du·
1062 4961 1114 5022 bis
1139 4976 1160 5022 a
1183 4960 1285 5024 clarae
1310 4959 1478 5022 memoriae
1511 4961 1654 5036 remen,
1672 4961 1792 5022 comite
1816 4959 1857 5021 de

210 5058 299 5130 ritie,
315 5073 389 5134 quae
416 5055 496 5118 lacit
519 5059 555 5118 ut
577 5056 673 5118 multi
697 5055 798 5117 etiam
821 5054 1008 5116 naturalem
1063 5057 1191 5119 Butram
1205 5057 1261 5135 pia
1276 5056 1475 5119 liberalitate
1488 5071 1691 5128 concessam,
1710 5057 1743 5118 at
1757 5071 1856 5118 unam

211 5155 274 5216 soli
295 5153 504 5216 dulcedinem
519 5153 765 5230 derelinquant,
786 5151 909 5214 3131313
935 5151 1007 5227 ipsa
1063 5170 1209 5217 annuam
1231 5155 1264 5217 et
1284 5153 1455 5215 dimidiam
1477 5154 1646 5218 marcham
1666 5153 1797 5230 argenti
1820 5155 1856 5215 in

210 5252 251 5315 ds
263 5268 379 5314 eorum
394 5250 592 5328 capitulario
605 5249 736 5326 penitus
752 5249 894 5320 deleant,
909 5251 1009 5324 3113·
1064 5253 1209 5329 piscaria
1225 5252 1267 5313 de
1289 5249 1372 5324 Hur,
1395 5267 1524 5315 necnon
1545 5251 1708 5324 homines,
1735 5251 1854 5324 terras,

211 5347 652 5425 ramentumsuperillorum
667 5346 1009 5422 observationepraes·
1063 5363 1199 5426 pascua,
1225 5347 1465 5426 possessiones,
1486 5347 1656 5410 libertates
1679 5345 1856 5408 3113333-

212 5447 305 5509 titum
329 5445 426 5508 dictae
453 5442 621 5521 potestati,
636 5458 711 5504 cum
734 5441 776 5503 ad
796 5441 1007 5504 ohservatio—
1063 5446 1186 5508 nitates
1200 5445 1313 5507 atalia
1328 5445 1415 5506 hona
1432 5445 1560 5520 restra,
1581 5444 1667 5506 siout
1689 5457 1729 5504 ea
1744 5443 1856 5506 omnia

210 5560 286 5612 uem
302 5547 373 5621 ejus
386 5543 544 5620 tanquam
558 5539 678 5612 illiciti,
693 5539 829 5600 minime
842 5541 1005 5611 teneatur,
1059 5544 1150 5620 juste
1162 5558 1204 5604 ac
1218 5543 1356 5620 pacifice
1377 5541 1566 5618 possidetis,
1582 5541 1616 5602 et
1634 5541 1669 5603 in
1684 5539 1856 5604 authenti-

209 5644 414 5710 rerntttentes
436 5641 571 5707 omnino
591 5655 650 5718 per
671 5639 794 5706 statuta
817 5637 935 5700 eadem
955 5638 1006 5699 vel
1063 5640 1112 5702 uis
1125 5641 1356 5722 episcoporum
1374 5639 1650 5711 dioeoesanorura,
1663 5653 1859 5714 regumre-
