4300 6392
728 279 735 305 1
800 330 1028 392 EPISTOLAE.
1052 331 1130 392 ΜΒ.
1154 333 1208 392 tt.

172 333 237 392 437
1718 361 1719 364 ¹
1766 335 1826 396 438

173 490 295 552 damus
317 453 561 550 dileelolilio...
578 486 690 550 abbati
706 488 818 550 Sancti
841 488 972 552 Joban-
1028 489 1191 561 oblivisci,
1216 489 1293 568 quie
1308 490 1358 552 sic
1371 489 1580 553 incessanter
1595 491 1722 552 vestem
1742 506 1826 554 suo-

172 587 232 649 nis
255 587 290 647 in
306 583 421 647 Vineis
445 585 660 646 suessionen.
677 585 712 646 in
735 586 912 658 mandatis,
937 588 974 648 nt
1029 603 1103 648 rum
1117 587 1298 651 texuerunt
1311 587 1537 665 peccatorum,
1550 590 1588 652 ut
1602 588 1828 664 sanguissau·
1915 567 1917 574 ’
1952 603 1956 610 ·

175 685 311 746 eosdem
325 683 452 744 fructus
468 682 531 743 sibi
557 681 659 744 iaciat
684 699 759 744 curn
782 683 974 760 integritate
1028 684 1163 760 guinem
1201 700 1333 762 semper
1367 685 1506 761 nugat,
1536 687 1641 747 etex
1664 687 1827 746 novorum
1916 703 1924 710 ·

174 781 287 843 debita
301 779 464 842 exhiberi.
482 780 751 842 uonuauietores
775 781 876 858 siqui
901 781 975 842 lire-
1027 781 1202 844 inculcatis
1217 781 1419 844 clamoribus
1432 783 1582 846 veterum
1593 782 1689 844 nobis
1699 798 1827 845 memo-

174 879 257 951 rint,
277 878 461 940 monitione
494 877 678 955 praemissa,
702 894 763 956 per
796 895 972 941 censuram
1028 880 1080 940 ria
1093 880 1249 942 continue
1263 881 1446 956 ingeratur.
1463 881 1720 958 longaquidom
1736 880 1827 943 retro

174 976 438 1038 ecclesiasticam
451 975 673 1053 appellatione
682 979 810 1038 remota
823 993 974 1054 compes·
1028 976 1132 1038 series
1156 977 1185 1038 si
1211 993 1262 1050 ea,
1279 993 1353 1056 quae
1372 977 1407 1038 in
1426 978 1556 1040 vicinas
1569 977 1635 1055 ipsi
1661 977 1825 1048 ecelesiae,

177 1090 268 1136 cens.
292 1073 409 1135 Datum
424 1071 567 1135 Viterbii
577 1075 652 1135 XVI
672 1072 739 1134 kal.
762 1074 851 1151 junii
866 1075 975 1154 ponti-

177 1171 299 1232 ticetus
313 1171 419 1232 nostri
433 1185 522 1231 anno
537 1171 666 1247 quarte.

220 1269 384 1345 Scriptum
399 1270 450 1330 est
464 1283 565 1345 snper
578 1268 643 1330 boc
654 1267 774 1330 eidem.

529 1417 625 1506 CXL

196 1547 250 1610 Aa
265 1545 507 1620 Pmtdaipltum
522 1546 783 1610 Norwteetteem
797 1546 951 1617 electum,

303 1645 558 1732 emmeramum,
571 1644 611 1704 Α.
627 1644 662 1706 S.
677 1644 838 1718 tapetum.

468 1754 583 1814 sensu
604 1754 683 1814 amo.

390 1851 504 1916 [timer.
518 1850 631 1910 Foetlett,
643 1850 757 1917 1,1‚8t.]

176 1948 296 2012 blandat
309 1955 340 2008 ut
354 1949 499 2009 neminem
519 1948 556 2008 de
569 1963 662 2022 reguo
682 1948 795 2022 anglia
809 1949 873 2025 plus
885 1963 973 2022 quam

211 2035 267 2100 duo
290 2035 327 2096 de
347 2039 449 2099 caenis
472 2037 562 2110 regiis
582 2037 611 2094 in
643 2051 695 2098 sua
720 2043 820 2099 tenere
843 2037 972 2100 custodie

211 2126 344 2198 patietur.

215 2233 393 2307 Honorius,
417 2234 492 2306 etc.¹
531 2233 652 2298 dilecto
679 2233 749 2299 tilio
775 2234 972 2312 Panduipbo

175 2331 384 2395 Norwicensi
395 2329 510 2403 electo,
527 2331 712 2394 camerario
727 2333 853 2403 nostro,
864 2335 972 2408 Apos-

173 2428 284 2494 tolicae
300 2427 395 2492 Sedis
418 2428 538 2504 legato,
554 2428 741 2492 salutemet
754 2429 972 2507 apostolicam

176 2525 454 2590 benedictionem.
598 2589 601 2595 ,

216 2623 435 2685 praesentium
460 2621 520 2685 tibi
537 2623 734 2688 aucmritate
759 2623 967 2696 mandamus,

175 2721 340 2796 quatenus
355 2718 521 2783 neminem
534 2719 574 2780 de
588 2735 692 2796 regno
705 2721 847 2797 angliae,
859 2736 969 2798 quen-

174 2820 387 2894 tumoumque
399 2817 506 2879 tidelis
518 2817 576 2888 aut
590 2816 766 2880 familiaris
783 2817 908 2881 existat
919 2833 972 2880 ce·

175 2913 309 2979 rissimo
326 2915 361 2976 in
372 2914 503 2978 Christo
518 2913 587 2978 filio
602 2915 715 2977 nostro
732 2915 888 2988 Henrico,
899 2915 971 2991 regi

174 3011 357 3087 anglorum
372 3010 507 3080 illustri,
520 3010 594 3088 plus
606 3026 705 3088 quam
720 3003 785 3074 duo
799 3011 841 3073 de
852 3011 970 3076 castris

173 3109 278 3184 regiis
291 3109 327 3170 in
337 3124 398 3172 sue
408 3111 522 3174 unere
531 3107 679 3173 custodia
692 3108 843 3186 patiaris,
853 3125 928 3172 oum
935 3107 969 3172 id

174 3205 349 3266 credamus
362 3205 452 3280 regis
473 3205 622 3283 ejusdem
647 3205 845 3268 utilitatibus
868 3220 972 3284 expe-

173 3302 257 3374 dire,
270 3302 529 3366 contradictores
540 3317 599 3380 per
610 3318 785 3364 censuram
800 3303 971 3365 ecclesias·

173 3399 275 3464 ticam
287 3399 509 3480 appellatione
524 3399 706 3478 postposita
719 3400 968 3478 compescendo.

174 3497 292 3558 Datum
317 3496 469 3570 viterbii,
485 3499 514 3558 V
537 3496 606 3560 kal.
630 3497 729 3576 junii,
759 3497 970 3575 pontificatus

174 3593 280 3659 nostri
291 3609 379 3656 anuo
392 3595 522 3672 quarto.

517 3725 634 3812 CXLI

259 3852 313 3912 Ad
327 3853 521 3926 episcopum
536 3851 572 3912 et
583 3856 714 3912 etenum
728 3853 884 3917 dtoecests

480 3951 665 4012 Paratistnt.
752 3994 755 4002 .

464 4061 499 4118 28
516 4061 584 4118 rnail
601 4062 680 4120 libo.

329 4157 446 4224 [Ughelli
459 4157 623 4218 iniissent,
633 4163 653 4210 t.
667 4159 699 4216 V,
709 4157 810 4224 pets]

173 4259 242 4319 Post
279 4256 478 4315 recensionem
519 4254 679 4317 facinorum
717 4254 856 4314 adversus
890 4253 967 4330 epis·

208 4359 297 4417 copes
318 4350 347 4401 et
370 4344 522 4401 ecclesiam
548 4343 690 4417 apopulo
706 4343 840 4412 civitatis,
858 4351 887 4402 et
910 4343 967 4402 dis·

208 4434 307 4491 triclus
327 4433 476 4502 tarvisini,
495 4433 638 4490 Honorius
659 4431 777 4489 mandet
794 4433 929 4505 episcopo
942 4440 970 4489 et

208 4522 285 4579 clero
304 4521 327 4578 sl
349 4521 520 4580 universitas
540 4522 646 4579 civium
672 4520 883 4580 Tarvisinorum
911 4535 969 4577 non

205 4609 366 4684 juraverint
385 4611 415 4665 in
437 4609 571 4666 manibus
591 4611 718 4682 episcopi
747 4606 875 4666 Peduaoi
898 4607 968 4666 inire

208 4711 339 4754 mensem
354 4711 386 4755 se
396 4696 540 4756 mandetis
548 4697 712 4771 apostolicis
722 4703 779 4754 tam
788 4711 875 4770 super
886 4696 967 4754 darn·

208 4786 253 4842 nie
268 4800 353 4857 quem
366 4799 452 4858 super
466 4785 577 4858 injuriis
592 4801 664 4858 ques
681 4785 883 4860 irrogaverant
896 4787 970 4858 epis

207 4889 282 4946 eope
308 4874 470 4931 Belluoeusi
499 4875 705 4944 celsinensi,
736 4881 769 4931 ut
791 4887 827 4930 ex
852 4872 969 4932 dioecesi

207 4969 326 5030 exeant,
352 4962 419 5020 illuc
447 4963 556 5020 nimine
585 4963 727 5022 reversuri
756 4963 821 5023 sine
854 4963 969 5022 licentia

207 5051 379 5124 apostolice
393 5051 486 5114 Sedis.

212 5161 379 5222 Honorius
416 5159 611 5237 episcopus,
643 5175 760 5222 servus
796 5175 969 5225 servorum

173 5258 243 5330 Dei,
271 5259 347 5330 ete,
377 5259 533 5335 episeopo
561 5259 595 5322 et
622 5251 711 5320 clero
734 5258 798 5319 tarn
823 5257 968 5320 civitatis

173 5371 271 5432 quam
287 5355 441 5418 dioecesis
456 5355 489 5417 et
505 5354 676 5417 districtus
687 5354 866 5417 Tarrioini.

213 5453 418 5530 iniquitates,
435 5452 554 5530 quibus
567 5452 657 5514 cives
671 5453 836 5513 Tarvisini
851 5452 966 5514 contra

173 5567 219 5622 se,
238 5552 339 5610 Deum
363 5550 396 5612 et
410 5549 562 5611 homines
573 5552 642 5626 jam
668 5548 709 5610 de
730 5549 968 5611 consuetudine

172 5649 364 5730 provocant,
382 5663 448 5710 non
475 5663 651 5724 possumus
674 5647 727 5710 vel
746 5647 787 5708 ed
803 5647 967 5709 modicum

1004 1067 1005 1122 ἶ
1028 1073 1087 1134 Dei
1099 1074 1222 1137 timore
1241 1074 1440 1151 posthabito,
1455 1074 1672 1146 attentarunt,
1683 1074 1825 1136 velimus

1004 1233 1005 1248 ἶ
1028 1186 1088 1247 per
1110 1171 1262 1232 ordinem
1285 1186 1480 1245 recensere,
1496 1171 1553 1232 sed
1568 1171 1605 1233 ut
1619 1170 1822 1234 destructio-

1004 1255 1005 1258 '
1028 1283 1115 1340 nem,
1126 1269 1282 1332 ceneten.
1292 1268 1450 1340 soltren„
1464 1267 1635 1330 Bellunen.
1646 1267 1823 1346 episcopa-

1027 1367 1119 1426 tuum
1145 1381 1205 1443 per
1224 1367 1315 1443 ipsos
1330 1365 1410 1426 olim
1433 1365 1534 1441 impie
1547 1364 1668 1426 lacurn
1689 1365 1824 1428 silentio

1004 1463 1258 1538 ¹transeamus;
1283 1461 1317 1524 id
1341 1478 1403 1529 nec
1428 1462 1528 1524 silere
1550 1477 1737 1540 possumus,
1761 1479 1823 1525 nec

1028 1557 1100 1620 sine
1136 1560 1257 1622 mentis
1298 1559 1524 1622 amaritudine
1560 1558 1703 1620 recitare
1735 1558 1822 1636 quod

1027 1655 1123 1716 bonae
1134 1656 1305 1718 memoris
1317 1656 1551 1718 Bellunensem
1565 1671 1605 1717 ac
1615 1655 1821 1720 Feltrensena

1027 1753 1218 1829 episcopum
1233 1752 1405 1831 postfacto
1421 1753 1463 1814 de
1481 1753 1554 1830 ipso
1569 1752 1725 1825 ludibria,
1745 1753 1823 1814 ian-

1027 1851 1100 1912 dem
1110 1851 1243 1940 populo,
1257 1866 1349 1913 more
1357 1850 1505 1928 judaico,
1516 1851 1731 1923 acclamante,
1745 1865 1822 1912 mo-

1026 1949 1153 2019 riatur,
1166 1949 1351 2020 mortetttr,
1369 1947 1558 2012 immaniter
1571 1947 1765 2010 occiderunt
1783 1947 1820 2008 in

1026 2043 1223 2120 apostolicae
1252 2043 1347 2107 Sedis
1366 2044 1600 2120 contemptum,
1625 2043 1819 2128 etiguomi·

1026 2142 1116 2202 niam
1130 2141 1232 2204 totius
1247 2141 1375 2204 ordinis
1389 2141 1565 2204 clericalis.
1580 2140 1762 2217 etquidem
1778 2155 1821 2202 ex

1025 2239 1105 2300 tuno
1130 2240 1297 2300 meruerat
1312 2239 1446 2301 illorum
1467 2238 1650 2315 impietatis
1664 2238 1824 2300 immani·-

1025 2339 1088 2408 tas,
1106 2337 1141 2400 ut
1164 2351 1262 2414 poena
1280 2336 1502 2414 respondente
1524 2336 1671 2414 peccato,
1702 2335 1821 2398 civitas

1025 2433 1199 2495 Tarvisina
1241 2433 1423 2510 episcopali
1465 2432 1627 2509 dignitate
1661 2433 1821 2509 perpetuo

1025 2531 1228 2607 privaretur3
1247 2531 1304 2591 sed
1328 2530 1405 2592 dum
1421 2529 1620 2606 spostolicae
1643 2529 1739 2590 Sedis
1760 2528 1821 2590 be-

1025 2628 1171 2704 nignitas
1206 2627 1346 2689 nimium
1376 2627 1425 2688 eis
1454 2627 1576 2703 parcit,
1603 2625 1817 2702 exspectans,

1025 2726 1061 2786 ut
1075 2728 1147 2802 ejus
1162 2725 1321 2801 patientia
1332 2723 1471 2800 ipsosed
1480 2723 1708 2801 poenitentiam
1720 2737 1821 2785 roro·

1025 2822 1086 2892 oet,
1103 2821 1238 2884 omnino
1253 2821 1457 2883 contrarium
1471 2820 1654 2897 experitur,
1676 2821 1760 2898 ipsis
1774 2835 1819 2886 ex

1024 2919 1200 2996 iniquitate
1212 2919 1297 2982 tanti
1310 2918 1430 2995 flagitii
1447 2916 1693 2980 assumentibus
1708 2916 1818 2981 auda·-
1912 2935 1918 2952 ¹

1025 3017 1121 3088 eiam,
1140 3017 1180 3076 in
1202 3015 1375 3089 ecclesias,
1400 3016 1434 3077 et
1460 3015 1551 3077 viros
1574 3014 1820 3077 ecclesiasticos

1025 3113 1269 3188 debacchandl3
1293 3127 1371 3176 ecoe
1385 3113 1473 3176 enim
1489 3112 1655 3190 precibus,
1670 3127 1819 3176 commo-

1024 3210 1181 3283 tionibus,
1202 3211 1236 3273 et
1253 3209 1531 3274 nominationibus
1547 3209 1680 3281 nostris,
1697 3209 1731 3271 et
1741 3211 1821 3287 jure

1025 3308 1170 3370 humano
1189 3323 1228 3369 ac
1243 3307 1367 3379 divino,
1381 3307 1415 3373 et
1436 3306 1510 3385 ipso
1528 3308 1595 3368 Deo
1610 3306 1817 3382 contemptis,

1025 3405 1216 3478 Feltrensis
1233 3405 1266 3467 et
1279 3404 1490 3468 Bellunensis
1508 3403 1725 3466 ecclesiarum
1744 3403 1818 3465 ter-

1024 3519 1080 3566 ras
1101 3502 1267 3565 hostiliter
1291 3502 1487 3564 invadentes
1511 3517 1665 3577 magnam
1688 3500 1818 3578 partem

1025 3615 1151 3670 earum,
1177 3601 1235 3662 aut
1252 3599 1490 3662 destruxerunt
1516 3598 1640 3676 inique,
1671 3597 1730 3660 aut
1755 3597 1819 3660 sibi

1025 3697 1170 3760 indebite
1184 3697 1415 3775 subjugarunt,
1430 3711 1469 3758 ac
1483 3697 1621 3774 insuper
1631 3696 1668 3757 in
1678 3711 1820 3759 venera-

1024 3793 1124 3858 bilem
1140 3794 1276 3858 tratrem
1288 3795 1437 3860 nostrum
1453 3794 1658 3860 Feltrensem
1673 3792 1822 3859 etBellu·

1024 3907 1160 3954 nensem
1186 3893 1378 3969 episcopum
1402 3891 1585 3967 sacrilegas
1612 3906 1731 3952 manus
1754 3904 1818 3952 ex-

1024 3989 1161 4051 tendere
1188 4004 1254 4050 non
1280 3989 1445 4062 verentes,
1468 3989 1577 4064 ipsum
1598 3987 1822 4063 personaliter

1025 4101 1143 4164 capere
1163 4085 1457 4163 presumpserunt,
1487 4086 1521 4147 et
1545 4084 1631 4162 quod
1655 4083 1697 4147 de
1715 4083 1820 4161 ipsius

1025 4184 1285 4261 predecessores
1307 4182 1468 4251 lacerant.
1490 4182 1526 4244 ut
1547 4181 1705 4254 creditur,
1727 4181 1761 4244 et
1780 4179 1821 4242 de

1024 4281 1096 4357 ipso
1105 4278 1286 4360 [iecissent]
1294 4281 1360 4340 nisi
1369 4279 1474 4342 nostri
1482 4277 1637 4356 praesidio
1646 4277 1819 4342 erasisset.

1024 4377 1117 4440 Licet
1131 4378 1234 4454 igitur
1247 4391 1307 4455 per
1322 4377 1405 4450 hec,
1420 4377 1454 4441 et
1470 4375 1608 4439 lenitate
1625 4375 1820 4439 monitionis

1024 4475 1222 4551 aposolicae
1233 4474 1439 4538 reddiderint
1447 4490 1483 4538 se
1493 4473 1660 4554 indignos,
1671 4473 1705 4538 et
1717 4489 1822 4552 usque

1024 4571 1107 4634 adeo
1122 4573 1237 4634 contra
1260 4575 1363 4634 Deum
1378 4571 1628 4634 obfirmaverint
1648 4569 1762 4648 iacies,
1788 4573 1823 4636 et

1025 4669 1262 4732 obduraverint
1275 4671 1375 4733 corda
1389 4687 1461 4743 sua,
1482 4671 1519 4736 ut
1544 4669 1681 4732 verbum
1702 4668 1821 4730 salutis

1024 4767 1065 4828 ad
1081 4782 1121 4828 ea
1134 4783 1232 4844 posse
1245 4767 1375 4844 ingredi
1386 4783 1453 4828 non
1474 4767 1637 4843 speretur,
1652 4765 1820 4828 notamen

1024 4863 1251 4940 relinquamus
1279 4865 1362 4942 ipsis
1385 4864 1560 4926 materiam
1577 4863 1831 4934 murmurandi,

1024 4962 1082 5028 aut
1096 4977 1223 5033 eorum,
1237 4977 1310 5040 quaa
1321 4962 1363 5022 ad
1378 4961 1708 5038 circumspectionem
1720 4965 1822 5038 Apos-

1022 5057 1157 5120 tolicam
1183 5059 1326 5136 pertinet
1354 5059 1480 5136 aliquid
1510 5059 1716 5132 omittamus,
1744 5071 1829 5120 ecoe

1024 5157 1275 5220 universitatem
1301 5165 1416 5218 eorum
1438 5156 1548 5218 adbuc
1571 5171 1701 5234 quoque
1721 5171 1822 5232 roga-

1023 5254 1143 5326 vimus,
1168 5254 1369 5326 monuimus,
1393 5254 1426 5318 et
1439 5253 1688 5317 obsecravimus
1702 5254 1738 5315 in
1755 5255 1823 5314 Do-

1023 5351 1123 5423 mino,
1139 5355 1233 5430 crpus
1248 5352 1301 5413 vel
1316 5351 1514 5428 sapientiam
1530 5350 1658 5423 latiore,
1678 5349 1731 5414 vel
1747 5366 1820 5411 om-

1023 5450 1240 5526 nipo‘tentiam
1266 5449 1424 5526 effugere,
1450 5465 1658 5527 nequaquam
1680 5449 1820 5524 possint,

1023 5550 1059 5608 ut
1073 5547 1206 5610 tandem
1229 5563 1393 5612 memores
1413 5563 1482 5610 suae
1497 5547 1626 5618 salutis,
1653 5548 1748 5623 orpus
1763 5561 1823 5606 cu-

1023 5660 1094 5706 ram
1119 5645 1275 5724 uidentur
1290 5646 1423 5724 penitus
1444 5644 1617 5722 abjecisse,
1632 5658 1692 5722 per
1713 5643 1822 5722 dignae
