4250 6404
292 347 348 405 tus
912 345 1087 407 uoxoull
1111 347 1156 406 ΙΙΙ
1177 347 1326 408 OPERA.
1886 350 1944 410 lot

288 507 334 568 ita
348 509 381 569 et
395 523 483 569 nunc
498 505 731 569 dlscretionem
746 508 892 567 vestram
913 521 1085 568 monemus
1140 505 1320 582 exigebant
1339 523 1451 569 coram
1472 505 1594 571 dilecto
1609 507 1678 570 tllio
1692 511 1808 572 nostro
1830 513 1942 572 (1.111.

290 607 323 666 et
351 605 524 666 hortamur
546 607 682 676 attente,
702 620 762 682 per
784 604 973 681 Apostolica
992 604 1086 666 vobis
1142 607 1176 664 S.
1203 607 1390 666 anastasiae
1419 606 1528 682 presb.
1551 607 1656 678 card„
1683 623 1782 685 quem
1809 611 1945 686 utrique

289 704 413 780 scripta
446 703 587 764 tirmiter
615 701 838 779 praecipiendo
871 701 1085 773 mandantes,
1141 702 1228 778 parti
1249 704 1474 764 concessimus
1489 704 1687 775 auditorem,
1702 707 1843 782 quaestio
1865 723 1946 768 ver-

289 803 452 878 quatenus
472 801 651 862 cumomni
678 798 932 860 mansuetudine
955 801 989 860 et
1008 799 1088 860 dili·
1140 801 1276 866 teretur,
1292 801 1425 861 tandem
1447 801 1613 862 mediante
1627 803 1661 862 et
1672 801 1856 866 arbitrante
1873 819 1946 866 car·

287 899 400 974 gentia
415 913 549 959 censum
566 898 721 959 Ecclesiae
737 901 896 959 Romanae
908 913 948 957 ac
961 896 1086 958 vicesi-
1141 896 1245 957 dinali
1260 899 1374 958 eodem
1388 899 1671 961 amicabilisinter
1682 915 1740 960 eos
1748 903 1946 978 compositio

287 1013 386 1068 mam,
403 1011 465 1057 nec
486 1010 552 1056 non
570 1011 611 1056 ea
630 1011 704 1072 quae
723 1011 743 1055 a
765 995 1004 1070 crucesignatis
1027 1009 1087 1071 pro
1141 993 1332 1063 intervenit,
1355 1011 1454 1072 quam
1475 996 1517 1056 ab
1536 1000 1677 1074 vstraque
1705 1002 1799 1074 parte
1826 1003 1946 1076 sponte

288 1093 513 1170 redemptione
533 1095 685 1156 votorum
703 1108 838 1153 suornm
854 1107 913 1169 per
927 1091 1089 1152 ecclesia·
1141 1095 1309 1169 receptam
1324 1093 1357 1153 et
1368 1094 1497 1170 adjecta
1511 1109 1607 1171 poena
1620 1096 1841 1172 quadraginta
1852 1113 1947 1158 mar-

287 1208 361 1252 rum
386 1192 541 1270 praelatos
568 1193 646 1252 sunt
671 1193 815 1267 recepta,
837 1191 995 1266 colligere
1016 1191 1088 1250 stu·
1142 1203 1255 1250 carum
1271 1192 1303 1250 et
1312 1193 1511 1266 juramentis
1528 1192 1607 1252 hinc
1630 1193 1708 1253 inde
1722 1195 1946 1270 corporaliter

287 1289 404 1361 deatis,
435 1290 508 1349 eta
537 1285 677 1364 singulis
702 1287 976 1364 archiepiscopis,
997 1288 1089 1364 epis-
1142 1288 1299 1362 praestitis
1321 1288 1522 1358 roboratam,
1536 1291 1624 1352 sicut
1640 1291 1675 1350 in
1695 1291 1845 1368 ejusdem
1866 1307 1947 1354 car-

287 1389 379 1464 copis
401 1388 434 1448 et
461 1385 635 1447 abbatibus
666 1385 858 1446 locoruma
895 1384 1014 1462 quibus
1047 1399 1087 1444 ea
1142 1383 1264 1444 dinalis
1279 1385 1399 1446 litteris
1421 1387 1551 1462 plenius
1563 1388 1763 1460 continetur,
1784 1388 1945 1450 duximus

287 1483 500 1560 collegeritis,
535 1484 664 1544 litteras
694 1481 938 1544 testimoniales
964 1481 1088 1542 habere
1142 1482 1573 1554 confirmandam‚tenorem
1584 1485 1769 1546 litterarum
1783 1487 1945 1548 cardina-

288 1583 423 1654 curetis,
444 1581 522 1658 quid
538 1583 571 1642 et
591 1583 749 1658 quantum
769 1579 965 1656 receperitis
980 1580 1088 1640 conti·
1142 1577 1185 1638 lis
1196 1580 1345 1656 praedicti
1359 1580 1400 1642 de
1415 1581 1517 1642 verbo
1528 1583 1569 1642 ad
1581 1582 1719 1644 verbum
1733 1584 1853 1644 litteris
1863 1601 1948 1646 con-

288 1683 416 1752 nentes,
433 1683 466 1742 et
477 1681 574 1757 Juxta
588 1679 763 1738 consilium
787 1677 999 1754 praelatorum
1017 1677 1089 1736 col·
1142 1677 1340 1738 firmationis
1355 1681 1477 1742 nostrae
1490 1680 1595 1740 inseri
1609 1679 1943 1744 facientesvolentes

287 1779 405 1838 lectam
427 1777 601 1854 pecuniam
620 1775 655 1836 in
678 1790 744 1835 uno
759 1775 811 1836 vel
834 1774 985 1851 pluribus
1004 1775 1087 1836 locis
1142 1771 1245 1846 igitur
1265 1775 1538 1850 compositionem
1551 1777 1620 1837 tam
1637 1777 1832 1838 solemniter
1848 1778 1942 1839 cele-

287 1877 426 1946 securis,
437 1891 510 1936 cum
526 1889 565 1934 ea
579 1874 709 1934 cautela
724 1889 798 1950 qnae
809 1872 974 1942 convenit,
985 1871 1088 1948 depo-
1142 1869 1270 1931 bratam
1282 1887 1300 1932 a
1312 1872 1462 1948 partibus
1476 1872 1660 1944 observari,
1674 1889 1726 1945 ne,
1739 1875 1826 1951 quod
1840 1875 1942 1946 absit,

287 1975 386 2046 natis,
407 1971 693 2035 transmittendam
716 1971 751 2031 in
776 1970 960 2031 subsidium
975 1973 1087 2030 Terrae
1142 1969 1942 2043 exindeincurrerentdetrimentum,discretioni

289 2074 431 2139 Sanctae,
458 2069 630 2147 praemissa
663 2068 776 2130 omnia
803 2068 851 2129 ita
880 2067 1019 2128 honeste
1047 2082 1087 2127 ac
1142 2065 1206 2125 tuae
1236 2083 1294 2142 per
1315 2068 1504 2143 apostolica
1528 2069 1652 2144 scripta
1672 2069 1708 2129 in
1724 2071 1847 2130 virtute
1862 2071 1945 2132 obe-

288 2169 423 2247 provide
439 2166 618 2245 impleturi,
633 2165 821 2241 quodnulla
835 2167 951 2227 contra
964 2165 1085 2225 nosvel
1142 2161 1275 2224 dientiae
1304 2163 1453 2225 districte
1479 2165 1704 2242 praecipiendo
1733 2166 1941 2238 mandamus,

287 2285 347 2330 vos
376 2269 487 2328 valeat
520 2266 700 2327 murmuris
737 2265 870 2327 occasio
902 2262 1084 2333 subveniri,
1142 2262 1304 2336 quatenus
1332 2263 1604 2338 compositionem
1628 2263 1832 2340 praedictam,
1856 2266 1944 2326 sicut

289 2367 368 2445 quin
396 2365 504 2444 potius
532 2365 653 2426 exinde
676 2365 786 2425 vestra
817 2361 991 2436 diligentia
1017 2377 1087 2420 me-
1141 2359 1191 2420 est
1204 2359 1402 2420 auctoritate
1416 2360 1606 2435 apostoliea
1622 2361 1942 2432 confirmata,lacias

288 2465 354 2526 rito
381 2463 500 2526 debeat
521 2462 755 2524 commendari.
778 2462 896 2523 Datum
917 2459 1084 2529 Laterani,
1141 2456 1271 2516 sublato
1286 2457 1463 2533 cujuslibet
1480 2457 1755 2519 contradictionis
1770 2458 1943 2520 obstaculo

289 2565 363 2624 XlV
384 2561 544 2624 kalendas
566 2560 737 2631 februarii,
754 2557 966 2636 pontificatus
979 2557 1087 2619 nostri
1119 2604 1124 2614 .
1142 2553 1380 2616 inviolabiliter
1392 2554 1579 2630 observari3
1592 2557 1853 2618 contradictores
1868 2557 1942 2619 sive

288 2677 376 2722 anno
391 2661 501 2722 tertio,
1141 2651 1314 2728 praelatum
1345 2653 1632 2730 archiepiscopum
1663 2654 1735 2714 sive
1763 2655 1849 2716 alios
1882 2671 1944 2732 per

327 2783 370 2842 pn
390 2779 548 2838 eumdem
571 2777 712 2837 modum
735 2760 893 2850 scriptum
916 2773 967 2833 ρει
991 2769 1087 2832 fratri
1142 2764 1316 2810 censuram
1331 2750 1591 2812 ecclesiasticam
1611 2752 1835 2828 appellatione
1849 2756 1945 2828 post-

288 2875 456 2953 Stephano
471 2875 504 2934 et
516 2872 616 2934 sociis
639 2874 710 2948 ejus
728 2871 762 2930 in
787 2869 963 2930 Franciam
984 2867 1088 2928 desti.
1143 2847 1248 2922 posita
1259 2849 1508 2925 compescendo,
1524 2849 1625 2910 nullis
1640 2848 1759 2910 litteris
1774 2849 1942 2912 obstanti-

287 2974 387 3036 nafig,
1142 2943 1203 3004 bus
1233 2944 1351 3006 harum
1379 2949 1494 3006 tenore
1521 2948 1623 3007 tacito
1656 2946 1857 3024 impetratis,
1883 2963 1945 3008 seu

329 3093 370 3150 17,
396 3090 552 3149 eumdem
577 3087 717 3146 modum
736 3083 894 3160 scriptum
915 3085 965 3144 est
993 3080 1087 3142 fratri
1142 3041 1241 3150 etiam
1266 3044 1484 3120 impetrandis
1510 3059 1571 3104 nec
1605 3043 1757 3106 obstante
1781 3045 1946 3108 constitu-

287 3185 432 3250 ,iohanni
443 3181 668 3260 Hospitalario
681 3183 715 3242 et
725 3180 820 3242 tratri
831 3179 974 3242 Martiuo
990 3181 1088 3240 Tem·
1141 3139 1232 3248 ”⁰3¹⁰
1258 3141 1397 3202 G⁰n⁰iffi
1427 3141 1606 3250 Qenflmlisr
1634 3157 1698 3218 (1Πᾶ
1724 3143 1873 3252 03191111»
1900 3159 1945 3253 ,¹¹⁰

288 3283 407 3362 mario,
421 3281 454 3342 in
469 3279 701 3344 Alemanniam
721 3277 906 3340 destinatis·
1143 3253 1216 3312 quis
1232 3237 1318 3298 ultra
1329 3237 1411 3298 duas
1422 3239 1538 3300 dvaetas
1553 3242 1649 3301 extra
1664 3255 1758 3299 suam
1773 3238 1943 3300 dioecesim

1143 3334 1183 3394 ad
1201 3334 1365 3412 judicium
1388 3336 1476 3398 trahi
1497 3337 1611 3412 possit.
1631 3336 1749 3398 Datum
1772 3337 1942 3408 Laterani,

645 3439 730 3524 CVI
1142 3433 1187 3491 Xl
1212 3432 1371 3493 kalendas
1399 3433 1574 3504 februarii,
1601 3433 1812 3512 pontificatus
1835 3434 1944 3495 nostri

447 3579 499 3638 Ad
526 3577 693 3636 decanum
715 3575 926 3634 Trecensenz.
1143 3545 1231 3590 ³¹¹¹¹0
1245 3531 1353 3591 ῑθΐῒῑθ·

594 3687 629 3744 ιι
640 3685 702 3759 jan.
720 3685 798 3742 ιιιι.
1291 3667 1294 3674 ’
1488 3636 1593 3723 GVH

321 3797 421 3862 [annm
431 3793 536 3858 onolton
549 3791 804 3843 carcassionensi
815 3789 969 3848 sudtltoln,
981 3789 1056 3853 pm,
1212 3772 1263 3830 Ad
1286 3773 1488 3832 Tolosanum
1508 3785 1549 3830 uc
1570 3774 1880 3832 carcassonensem

644 3871 735 3936 nm]
1449 3869 1633 3942 episcopos.

325 3969 359 4026 Ei
374 3963 491 4026 mandat
503 3970 533 4022 ut
547 3961 783 4035 compositionem
795 3957 881 4017 lactat
895 3957 1051 4016 observari.
1440 3989 1475 4046 ῃ
1486 3987 1546 4060 jan·
1566 3988 1644 4046 ηις,
1711 3951 1716 3960 ’

329 4074 496 4138 ΗΟΠΟΓῘΠΒ
531 4072 727 4150 ⁰Pi⁸⁰0pusr
766 4084 882 4130 servus
915 4082 1088 4129 servorum
1185 4095 1320 4158 [bouquet.
1332 4094 1390 4146 linc.
1404 4095 1449 4145 des
1462 4093 1673 4152 ilistor.,t.Xlll,
1686 4109 1710 4159 p.
1722 4093 1778 4144 did.
1789 4094 1900 4158 begeat,

290 4176 360 4248 Dei,
376 4173 496 4235 dilecto
509 4169 578 4233 tilio
587 4169 714 4231 decano
726 4165 895 4235 trecensi,
908 4164 1089 4227 salutemet
1414 4175 1459 4226 lib.
1473 4175 1516 4231 ιιι,
1529 4189 1569 4238 ap.
1587 4174 1656 4238 atat

290 4271 506 4350 apostolicam
521 4267 798 4330 benedictionem.
1144 4275 1198 4332 Dat
1209 4275 1251 4331 eis
1266 4281 1434 4346 potestatem
1454 4273 1620 4332 absolvendi
1637 4287 1739 4330 omncs
1755 4280 1870 4346 propter
1881 4274 1944 4332 vio·

330 4371 410 4430 Cum
433 4367 521 4428 iuter
544 4364 683 4426 dilectos
707 4363 793 4423 lilios
816 4359 1028 4422 Guillelmum
1049 4359 1089 4421 de
1178 4363 1284 4420 lentam
1300 4363 1630 4435 marinuminjectionem
1647 4359 1947 4420 etincendiaexcom·

291 4467 411 4528 Sancto
433 4460 587 4531 Antonio,
611 4458 850 4520 Beneincnsam
873 4459 1011 4518 matrem
1030 4459 1089 4519 Jo-
1178 4451 1348 4520 manicatos,
1380 4449 1535 4509 dummodo
1559 4465 1638 4507 arms
1671 4450 1819 4524 suscipere
1845 4457 1945 4508 contra

289 4563 412 4626 hannis
436 4557 552 4621 zachae
576 4557 609 4618 et
632 4555 810 4616 Martinam
831 4569 966 4614 uxorem
982 4569 1089 4631 quon·
1178 4539 1640 4598 T0¹⁰⁸⁸11⁰Sinfidelesvoluetisst·

289 4663 365 4724 dam
393 4655 540 4722 Scarlaci
568 4654 658 4716 cives
686 4651 826 4714 Romani
853 4667 896 4712 er
910 4667 976 4711 una
996 4651 1088 4727 parte
1183 4649 1349 4709 Honorius
1365 4649 1592 4725 episcopus...,
1607 4645 1856 4709 venerabilibus
1870 4646 1944 4708 tra-

289 4761 323 4822 et
346 4757 440 4820 bonae
464 4752 633 4816 memoriae
663 4748 847 4812 Gerardum
874 4749 1088 4826 praepositum
1142 4744 1257 4807 bribus
1290 4746 1454 4807 'tolosano
1477 4743 1554 4824 (a),
1586 4745 1846 4806 carcassonensi
1869 4743 1942 4824 (b),

291 4857 420 4919 Sanctae
437 4853 552 4914 Marius
567 4849 608 4910 ad
623 4847 745 4926 gradus
759 4846 794 4908 in
810 4847 947 4908 Colonia
971 4847 1002 4908 et
1017 4862 1090 4906 ma·
1143 4842 1353 4920 Bigorritauo
1380 4841 1437 4922 (c),
1457 4845 1490 4904 et
1507 4845 1736 4904 Convenarum
1750 4841 1799 4922 (ct)
1815 4842 1946 4920 episco-

289 4955 430 5032 glstrnm
451 4947 637 5012 lohannem
657 4944 868 5008 scolasticum
890 4945 1088 5021 carpensem
1143 4941 1205 5018 pis,
1223 4941 1373 5014 salutem,
1390 4942 1452 5004 etc.

291 5049 478 5126 inunctosjet
499 5047 732 5124 procuratores
758 5040 958 5104 venerabilis
976 5040 1088 5102 fratris
1183 5041 1264 5100 Cum
1277 5039 1318 5100 ad
1335 5037 1585 5100 subventionem
1600 5037 1748 5098 fidelium
1763 5037 1946 5116 quicontra

290 5149 396 5212 nostri
412 5143 619 5208 coloniensis
635 5139 879 5217 archiepiscopi
903 5154 1003 5216 super
1026 5137 1087 5198 de·
1144 5152 1355 5214 perversores
1379 5135 1457 5197 fidei
1483 5135 1675 5196 christianae
1710 5136 1884 5196 decertant
1909 5135 1944 5196 in

291 5249 358 5310 bito
380 5245 493 5307 decem
509 5244 541 5304 et
562 5241 688 5317 septem
712 5253 901 5299 marcarum
927 5237 1088 5299 bonorum
1143 5234 1293 5311 partibus
1307 5233 1494 5304 Tolosanis,
1511 5233 1626 5294 tideles
1639 5232 1776 5294 aliosde
1789 5232 1945 5294 mandato

291 5359 452 5410 novorum
466 5342 499 5403 ot
519 5338 676 5414 legalium
694 5336 940 5412 sterlingorum,
959 5349 1088 5396 necnon
1144 5333 1258 5394 nostro
1287 5331 1430 5392 sollicite
1452 5331 1632 5410 animetis,
1649 5333 1685 5391 ut
1708 5329 1804 5392 labor
1832 5330 1946 5391 noster

290 5441 431 5514 damnis,
446 5436 564 5517 poenis,
581 5432 765 5510 sumptibus
786 5433 819 5494 et
833 5431 1000 5508 expensis,
1016 5447 1089 5509 quae
1144 5429 1286 5492 trucium
1309 5429 1413 5507 possit
1432 5429 1623 5491 ulteriorem
1644 5427 1780 5500 afferre,
1797 5441 1948 5521 praesen-

290 5541 391 5602 itdem
418 5532 597 5598 Romania
626 5528 793 5609 praedictis
819 5527 1089 5606 procuratoribus
1143 5527 1226 5589 tium
1252 5525 1345 5589 vobis
1370 5527 1567 5589 auctoritate
1597 5525 1822 5597 concedimus,
1849 5527 1885 5585 ut
1909 5524 1946 5584 iu

326 5699 368 5769 (n)
390 5695 514 5752 livtroni.
555 5691 594 5766 lb)
615 5688 746 5748 Gnidnni.
787 5687 822 5760 (ct
844 5687 967 5744 Arnnldo
989 5685 1024 5742 de
1044 5687 1138 5744 Binan.
1179 5685 1221 5759 (d)
1242 5683 1415 5741 Gritnoaldn.
