4300 6392
1762 267 1822 330 458

174 275 234 336 aar
793 228 1021 332 srrsrouru.
1044 272 1123 332 ura.
1147 273 1203 342 lv,

174 433 341 494 mandatis
356 432 509 494 omnibus
524 447 597 508 quar
612 447 684 503 nos,
706 429 759 497 uel
780 429 854 506 ipse
875 429 969 504 lega·
1004 417 1126 502 'ravit
1137 430 1331 507 jamdudum
1349 430 1534 506 justissime
1560 429 1667 505 potuit
1690 430 1723 492 te
1750 429 1821 507 pri-

173 527 241 598 tus,
274 528 369 592 robis
404 527 598 590 duxerimus
634 526 786 590 iacienda
817 543 824 586 :
855 520 969 586 soien-
1024 541 1115 588 vare.
1125 528 1241 590 Adhuc
1251 529 1362 590 autern
1374 527 1521 604 experiri
1531 526 1692 597 volentes,
1710 529 1820 588 utrum
1852 525 1870 542 ‘

173 631 237 699 tes,
254 629 342 688 eto...
356 624 681 704 Alioquinprooerto
696 624 869 696 noveritis,
883 622 970 701 quod
1025 623 1146 687 blanda
1171 625 1307 687 monitio
1334 625 1484 686 emollire
1512 623 1618 702 possit
1635 622 1745 686 cordis
1772 623 1822 685 tui

175 723 345 802 praediotae
356 722 530 800 dignitatis
544 723 671 784 honore
693 721 861 784 civitatem
889 735 969 782 ves·
1025 722 1194 804 duritiam,
1210 724 1308 800 teque
1323 723 1365 783 ad
1383 722 1472 784 viam
1496 720 1708 784 rectitudinis
1725 735 1825 784 rere*

175 823 263 883 tram
275 819 491 899 priuabimus,
508 821 580 896 ejus
596 819 765 880 dioecesim
786 833 863 880 eum
886 816 972 878 viei-
1027 819 1462 891 care,notumtibiiacimus‚
1476 833 1647 896 monemus
1660 819 1693 880 et
1703 817 1823 880 exhor·

176 921 230 980 nis
246 915 444 978 dioecesibus
459 915 676 993 applicantes,
693 931 733 976 ac
752 915 889 990 insuper
913 927 973 988 per
1028 917 1180 978 tamurin
1191 917 1346 988 Domino,
1358 916 1616 994 parapostollca
1629 915 1690 978 tibi
1698 915 1822 991 scripta

177 1013 377 1077 sententiam
403 1028 561 1091 expresse
589 1012 683 1074 vobis
707 1010 972 1089 abjudicabimus
1028 1012 1233 1080 mandantes,
1249 1015 1424 1090 quatenus,
1441 1013 1527 1091 apud
1547 1013 1702 1090 teipsum
1727 1027 1825 1074 reco-

178 1112 292 1174 omnia
302 1111 390 1172 bona
400 1113 521 1182 vestra,
533 1127 632 1188 quum
643 1109 794 1171 etvestra
807 1107 974 1186 perversi·
1027 1107 1137 1184 gitans
1164 1110 1280 1186 quanti
1294 1111 1434 1186 periculi
1450 1110 1494 1172 sit
1507 1110 1594 1188 quod
1612 1110 1771 1187 praeoisus
1787 1124 1823 1170 es

179 1213 244 1282 tas,
267 1210 300 1270 et
328 1209 485 1270 statutum
511 1206 678 1283 generalis
699 1205 839 1267 Consilii
859 1205 974 1265 contra
1029 1205 1070 1270 ab
1085 1207 1313 1270 ecclesiastica
1326 1206 1464 1279 unitate,
1479 1207 1520 1268 ad
1535 1207 1644 1268 sinum
1655 1207 1822 1278 Ecclesiae,

180 1307 328 1368 haereses
337 1307 370 1367 et
379 1321 492 1366 eorum
503 1307 656 1366 auctores
667 1303 791 1364 editum
802 1301 835 1364 id
850 1316 978 1378 exposs-
1030 1317 1103 1380 quae
1118 1306 1235 1380 parata
1254 1307 1305 1366 est
1330 1303 1481 1380 recipere
1507 1303 1695 1375 redeuntes,
1712 1303 1824 1364 humi-

181 1405 297 1466 oant...
313 1406 448 1466 Cratero
462 1402 595 1463 desunt.
1030 1400 1107 1464 liter
1121 1402 1313 1473 revertaris,
1325 1401 1358 1462 in
1375 1399 1528 1462 manibus
1540 1399 1742 1482 venerabilis
1754 1400 1825 1460 ira*

222 1521 832 1600 Ioerrmolemnecdum-scriptumest·
848 1536 974 1581 consu·
1009 1490 1092 1560 4¹⁸¹ss
1116 1497 1222 1560 ”Osiri
1251 1500 1285 1559 C·
1312 1498 1507 1560 ΡΟΡῐῑῑθΠῦῑὸ
1533 1497 1696 1575 episcopi,
1725 1501 1762 1558 Α·
1789 1499 1821 1558 S·

182 1625 271 1685 libus
290 1625 324 1684 ot
339 1621 461 1698 populo
476 1621 707 1688 Nemausensi,
726 1618 918 1682 consulibus
944 1618 977 1679 et
1030 1595 1144 1670 legati,
1162 1597 1303 1673 praeoise
1323 1596 1467 1674 jurando
1482 1596 1515 1658 θῐ
1532 1595 1718 1672 Pl’aesstflndO
1740 1594 1825 1656 allas

181 1717 554 1801 populo.hrenionensit

520 1895 636 1982 ualli

238 2033 290 2096 Ad
313 2030 555 2104 coemendum
580 2027 690 2098 tilium
710 2025 917 2100 Roumurtdt.

474 2137 510 2196 29
521 2136 594 2211 junii
611 2135 690 2194 lito.

184 2250 322 2314 [Bouquot
331 2245 405 2304 ibid,
415 2259 440 2310 p.
447 2243 492 2294 lot
499 2281 517 2387 ,p
519 2240 715 2386 mizaezbqist.
725 2239 759 2290 du
767 2237 926 2304 Languedoc,
935 2236 978 2294 lll‚

186 2429 283 2484 Monet
298 2420 496 2497 Raymundum
513 2420 601 2478 illlum
615 2417 741 2492 pontifex
760 2424 790 2474 ut
803 2414 868 2474 Sedi
885 2415 977 2486 Apos-

222 2513 313 2571 telios
326 2511 442 2568 tandem
461 2509 638 2580 obtemperet
657 2505 734 2564 etad
759 2505 853 2572 sinum
881 2503 978 2561 Eccle-

222 2603 274 2660 siae
288 2607 445 2658 revertatur
458 2614 466 2655 ε
483 2597 608 2669 alioquin
624 2611 659 2652 ex
674 2609 708 2651 oa
723 2602 798 2650 terra
812 2592 888 2649 ultro
903 2589 990 2647 Rho·.

223 2685 531 2760 donumdejicieodus,
562 2699 658 2756 quarn,
687 2681 798 2739 ceteris
814 2677 981 2751 deperditis,

224 2775 408 2852 Raymuodus
423 2783 512 2849 pater,
527 2772 694 2845 indulgente
709 2769 837 2834 Ecclesia
854 2769 982 2827 Romana

225 2867 396 2925 obtinuerat.
476 2915 492 2932 ,
582 2909 587 2919 .

230 2975 397 3038 Honorius
412 2972 598 3050 episeopus,
622 2971 697 3041 etot,
712 2966 817 3028 nobili
840 2964 912 3025 viro
942 2965 981 3024 R.

191 3075 261 3135 illio
276 3076 315 3134 R.
330 3071 496 3148 quondam
524 3067 663 3132 comitis
679 3063 848 3132 Tolosani,
878 3060 983 3138 spiri-

189 3174 260 3235 tum
275 3168 408 3232 consilii
425 3166 583 3228 sanioris.

231 3271 312 3329 Cum
324 3267 444 3326 Tolosa
459 3265 492 3325 et
504 3263 569 3324 alla
587 3261 674 3323 terra
690 3275 788 3337 quam
804 3255 985 3334 paterinus

192 3369 280 3428 ultra
293 3364 494 3426 Rhodanum
504 3359 657 3429 obtinuit,
675 3357 783 3419 sibiet
797 3353 985 3415 haeredibus

191 3465 261 3525 suis
278 3478 337 3540 per
353 3457 575 3537 apostolicam
592 3455 709 3518 sedem
729 3453 831 3515 fuerit
851 3450 986 3528 abjudi-

192 3561 266 3623 cata
293 3558 463 3636 perpetuo,
484 3551 694 3630 exigentibus
719 3551 826 3628 culpis
856 3548 938 3620 suis,
955 3547 988 3608 et

192 3657 309 3720 eadem
339 3653 530 3732 Apostolica
569 3651 681 3722 Sedes,
722 3661 861 3726 sperans
901 3643 987 3723 quod

193 3755 298 3836 ipsius
320 3753 425 3830 patris
448 3750 497 3813 tul
513 3763 609 3826 poena
626 3749 657 3809 te
683 3745 724 3808 ab
750 3747 823 3821 ejus
838 3741 988 3819 vestigiis

192 3851 405 3921 absterreret,
422 3849 456 3909 in
476 3845 631 3908 manibus
660 3844 729 3904 suis
757 3841 895 3904 retinuit
920 3840 990 3901 ter-

193 3965 267 4012 ram
301 3949 394 4010 illam
429 3959 528 4024 quam
559 3943 643 4004 citra
670 3939 866 4003 Rhodanum
901 3937 989 3999 idem

195 4047 289 4125 pater
306 4047 383 4106 tuus
402 4041 556 4112 obtinuit,
575 4041 610 4101 ut
634 4037 791 4099 videlicet
813 4038 904 4098 terra
929 4033 990 4095 tibi

1030 1693 1168 1755 idoneas
1191 1693 1373 1766 cautiones,
1391 1693 1478 1771 quod
1500 1692 1634 1770 parebis
1658 1692 1823 1755 mandatis

1031 1791 1184 1852 omnibus
1204 1807 1277 1868 qum
1299 1807 1359 1852 nos
1383 1793 1416 1854 et
1442 1791 1513 1869 ipse
1538 1791 1600 1852 tibi
1627 1790 1822 1852 duxerimus

1032 1887 1183 1964 iacienda
1199 1910 1207 1949 ε
1221 1889 1342 1960 sciens,
1357 1889 1455 1966 quod,
1473 1889 1513 1962 si,
1530 1903 1612 1950 sano
1624 1905 1705 1950 usus
1716 1889 1823 1950 consi·

1032 1984 1089 2058 lio,
1109 1984 1196 2046 intra
1211 1999 1358 2046 mensem
1379 1984 1499 2047 leceris
1523 1984 1611 2062 quod
1640 1983 1823 2056 hortamur,

1033 2097 1093 2144 nos
1107 2083 1240 2144 tuorum
1263 2081 1499 2144 obliviscemur
1513 2095 1698 2152 excessum,
1725 2083 1759 2143 et
1782 2080 1824 2142 ad

1034 2179 1259 2258 provisionem
1269 2181 1359 2242 tuam
1373 2179 1414 2240 de
1429 2193 1493 2259 qua
1509 2178 1611 2240 sedes
1624 2177 1825 2256 apostolica,

1035 2279 1071 2340 ut
1093 2275 1287 2355 praedictum
1307 2278 1369 2348 est,
1395 2277 1452 2353 pio
1475 2275 1516 2338 ab
1543 2276 1642 2338 initio
1656 2275 1825 2352 cogitavit,

1034 2375 1149 2438 taliter
1166 2374 1385 2446 intendemus,
1402 2373 1488 2451 quod
1515 2375 1664 2436 Romana
1680 2373 1828 2434 Ecclesia

1035 2472 1296 2547 erga-,tematris
1312 2471 1441 2534 viscere
1469 2470 1627 2532 fateberis
1651 2469 1826 2544 habuisse3

1036 2569 1183 2645 alioquin
1198 2567 1321 2630 habeas
1338 2583 1396 2644 pro
1412 2567 1588 2639 constanti,
1615 2566 1702 2642 quod
1728 2566 1828 2630 etiam

1038 2681 1095 2742 spe
1108 2667 1286 2727 reservatae
1302 2664 1502 2741 provisionis
1521 2666 1554 2726 te
1569 2663 1703 2725 omnino
1716 2663 1830 2740 priva-

1038 2762 1156 2834 bimus,
1168 2765 1201 2823 et
1216 2777 1275 2839 per
1290 2763 1486 2823 sententiam
1502 2760 1730 2838 expressatibi
1741 2761 1833 2838 abju-

1038 2859 1222 2920 dicabimus
1238 2859 1338 2920 eiiam
1352 2859 1474 2920 dictam
1490 2863 1614 2920 terram
1630 2857 1715 2920 citra
1737 2857 1831 2921 Rho-

1039 2957 1160 3018 danum
1195 2956 1403 3028 existentem.
1438 2957 1508 3017 Nec
1538 2954 1686 3018 oonildas
1713 2957 1749 3016 ln
1777 2970 1828 3027 eo,

1040 3053 1126 3132 quod
1147 3070 1235 3115 nuno
1261 3053 1321 3116 tibi
1351 3053 1553 3114 successisse
1568 3051 1712 3126 videtur,
1737 3053 1833 3131 quasi

1040 3153 1156 3213 contra
1169 3154 1271 3212 Deum
1283 3151 1396 3213 valeas
1409 3151 1610 3228 praevalere3
1627 3149 1716 3228 quia,
1734 3150 1761 3211 si
1773 3150 1832 3214 tibi

1040 3249 1224 3325 abjudicari
1249 3247 1427 3325 contigerit
1448 3249 1572 3310 terram
1595 3247 1712 3324 ipsam,
1738 3263 1835 3314 orror-

1041 3363 1138 3424 quam
1169 3346 1263 3407 illam
1292 3346 1599 3408 excommunicatus
1627 3345 1686 3414 diu
1710 3343 1839 3424 poteris

1041 3445 1199 3516 retinere,
1216 3459 1289 3504 cum
1306 3442 1347 3505 ab
1362 3459 1412 3506 ea.
1431 3443 1647 3520 possessione
1669 3442 1718 3508 sit
1737 3441 1840 3504 iaclle

1042 3541 1151 3619 aejrcr,
1166 3557 1240 3618 quae
1259 3541 1332 3603 sim
1350 3543 1441 3619 justo
1455 3540 1555 3607 otoo,
1576 3541 1726 3608 noscitur
1751 3539 1839 3603 am·
1892 3523 1894 3532 ‘

1044 3639 1154 3702 neri...
1172 3639 1307 3704 caera
1320 3640 1454 3702 deotolt.

1177 3971 1231 4032 Ad
1241 3973 1423 4032 uniuersos
1437 3969 1566 4031 Christi
1578 3968 1704 4040 fideles.

1327 4090 1362 4146 29
1378 4087 1450 4163 junii
1477 4087 1555 4146 litt.
1573 4151 1575 4157 ,

195 4141 387 4220 provideret
409 4135 580 4209 eademst
600 4135 633 4197 te
655 4133 792 4211 dignum
811 4132 852 4193 de
869 4131 991 4207 hujus·
1379 4203 1385 4215 .

195 4239 284 4304 modi
298 4238 406 4314 gratia
420 4234 621 4300 exhiberes:
647 4233 683 4294 tu
707 4245 799 4298 vero,
826 4227 990 4306 ejusmodi
1165 4203 1309 4268 [⁸⁰¹¹‘fflffl’
1324 4203 1420 4267 him·
1431 4202 1611 4267 ¹¹⁰¹‘¹⁰¹¹¹¹¹¹¹⁹¹
1622 4202 1643 4260 ·¹·
1654 4201 1722 4266 Μ]

195 4337 300 4415 patris
323 4335 373 4397 tui
400 4331 553 4407 vestigiis
581 4327 775 4390 deserendis
808 4325 989 4391 inherens,
1046 4309 1203 4413 Undenis·
1218 4310 1321 4412 Christi
1345 4309 1475 4412 fidelibuss
1498 4323 1567 4412 terh
1589 4308 1792 4408 hoessiienllllus
1813 4315 1842 4364 et

196 4433 308 4496 fovisti
323 4433 356 4494 et
369 4431 464 4492 iores
476 4425 663 4498 haeretioos
679 4424 792 4486 fideles
807 4423 918 4484 autern
934 4423 992 4482 im·
1081 4398 1221 4502 ⁰9¹¹s03⁸¹⁸
1235 4413 1287 4472 (ἴω
1302 4399 1454 4500 fflfflfflffl
1473 4400 1687 4500 Zwssffflessfflffl
1706 4404 1844 4456 l¹⁵¹¹⁸l⁰r

196 4530 351 4610 pugnasti
372 4531 404 4590 et
434 4525 641 4588 incessanter
667 4523 852 4600 impugnas,
882 4521 929 4582 lta
958 4521 994 4581 ut
1083 4495 1148 4559 ‘¹¹¹³’
1169 4487 1516 4562 ¹¹¹d¹¹¹3⁸m¹⁸⁸⁶⁰¹¹⁰⁰d¹²³

197 4644 265 4690 non
280 4627 385 4688 solum
401 4623 635 4685 haeretioorum
644 4619 763 4690 fautor,
772 4618 828 4679 sed
840 4619 873 4679 et
884 4617 994 4678 haere-
1088 4617 1266 4689 Honorius,
1276 4617 1357 4697 etc„
1369 4615 1538 4690 universis
1552 4614 1673 4676 Christi
1690 4612 1841 4674 ildelibus

196 4727 284 4789 ticos
298 4723 457 4794 videaris,
474 4722 507 4782 et
521 4719 588 4780 tam
600 4719 726 4784 terram
748 4715 813 4795 ipsi
833 4715 993 4793 patrituo
1049 4717 1229 4794 praesentes
1240 4770 1244 4780 ,
1255 4713 1385 4777 litteras
1408 4711 1637 4790 inspecturis„
1652 4711 1797 4780 salutem
1812 4701 1849 4772 et

199 4825 233 4885 et
246 4819 432 4884 haeredibus
448 4820 535 4895 eJ'us,
549 4818 585 4878 ut
598 4815 793 4893 praediolum
809 4817 871 4885 est,
897 4811 995 4889 abju-
1049 4811 1268 4889 apostolicam
1279 4810 1576 4881 benedictionem„

198 4920 342 4980 dicatam
352 4915 500 4984 omnino,
512 4929 609 4991 quam
622 4927 695 4974 eam
707 4927 780 4989 quae
791 4909 854 4971 iuit
867 4925 927 4986 pro
936 4913 994 4970 tua
1090 4907 1253 4987 Splendor
1273 4907 1423 4985 pateruae
1444 4905 1572 4984 gloriae,
1588 4906 1645 4983 qui
1665 4921 1726 4967 sua
1748 4922 1845 4966 mun-

199 5015 389 5094 provisione
411 5012 556 5083 seruata,
572 5009 736 5072 violenter
760 5006 934 5080 invadens,
963 5005 996 5066 ei
1050 5005 1310 5080 dom7.llluminat
1332 5003 1496 5079 ineffabili
1521 5003 1682 5074 claritate,
1699 5003 1753 5082 pia
1769 5004 1846 5064 vota

198 5117 233 5176 in
249 5129 288 5175 ea
303 5112 419 5174 favens
434 5108 602 5170 haereticis
615 5109 648 5168 et
658 5105 845 5180 receptans,
859 5120 996 5166 excom·
1052 5103 1198 5177 fidelium
1220 5103 1262 5166 da
1280 5101 1538 5162 clementissima
1553 5101 1658 5178 ipsius
1673 5101 1854 5177 majestate

200 5207 436 5274 municatlonis
451 5204 649 5267 sententiam
666 5201 876 5280 propterhoo
900 5201 934 5261 in
964 5201 1008 5272 to·
1051 5199 1360 5278 sperantiumlunc
1390 5199 1558 5276 praecipue
1587 5213 1712 5274 magno,
1733 5197 1852 5269 lavore,

199 5311 302 5372 latam
316 5323 335 5368 a
347 5303 539 5381 multisjam
555 5301 652 5362 annis
676 5298 891 5376 pertinaciter
915 5315 1002 5362 con-.
1053 5297 1275 5376 prosequitur,
1289 5312 1363 5358 curn
1383 5296 1502 5358 devota
1514 5297 1667 5373 ipsorum·
1675 5293 1850 5363 humilitas

201 5403 388 5474 temnendo,
415 5402 461 5462 ita
485 5398 668 5462 exhibuisti
685 5395 882 5473 Apostolioae
903 5396 997 5464 Sedis
1053 5396 1240 5457 sanctorum
1262 5393 1420 5470 ¹precibus
1448 5393 1631 5464 etmeritis
1657 5392 1851 5467 adjuvatur..

201 5501 308 5580 gratia
319 5497 598 5576 tejndignum,ut
608 5511 665 5572 spe
681 5493 885 5570 provisionis
896 5503 997 5569 quam
1053 5492 1228 5570 Cupientes
1255 5490 1357 5568 igitur
1387 5492 1430 5566 ut„
1453 5489 1595 5552 ecclesia
1623 5488 1847 5577 Zwerinpusis

202 5602 261 5665 tibi
278 5601 313 5660 in
329 5597 467 5677 praelata
478 5599 567 5658 terra
582 5594 665 5656 citra
682 5591 879 5671 Rhodanum
893 5607 998 5666 reser-
1054 5605 1126 5668 quae
1142 5605 1228 5655 ouva
1243 5588 1405 5667 plantatio
1421 5588 1547 5660 extitit,
1557 5588 1727 5664 „sponsaet
1742 5588 1849 5652 mater
