4248 6410
356 281 416 354 asi

351 435 514 510 *tenentur
543 443 715 506 sententiis
748 439 956 510 memoratis,
982 440 1154 516 postquam

360 542 583 605 satisfecerint
603 539 835 615 competenter,
862 535 1034 612 impendas
1055 537 1153 612 juxta

361 640 501 701 sormam
531 635 686 697 Ecclesiae
711 633 929 694 absolutionis
955 631 1152 693 beneficium

361 735 433 800 vice
448 737 573 804 nostra,
590 731 655 792 nisi
670 731 782 791 forsan
802 729 989 806 aliquorum
1005 729 1093 789 esset
1106 729 1153 788 ita

361 831 473 908 gravis
489 831 521 891 et
535 828 680 890 enormis
695 841 852 888 excessus
867 825 952 901 quod
973 825 1090 886 merito
1106 840 1155 884 es·

361 929 434 989 sent
451 926 491 987 ad
512 925 629 987 Sedem
644 923 868 999 apostoticam
892 921 1092 992 destinandi,
1108 921 1153 982 lta

361 1027 471 1086 tamen
496 1023 581 1098 quod
604 1021 697 1091 illos,
723 1020 778 1096 qui
804 1017 907 1078 nobili
930 1019 1002 1078 viro
1029 1016 1152 1076 Erardo

361 1121 475 1181 contra
491 1117 636 1179 nobilem
651 1116 823 1177 mulierem
839 1115 1040 1176 comitissam
1057 1115 1154 1174 Cam-

359 1218 468 1294 paniae
490 1213 717 1284 adhaeserunt,
740 1214 775 1273 in
799 1225 939 1288 guerra,
963 1213 995 1272 et
1018 1213 1152 1286 propter

360 1315 423 1376 boc
444 1310 797 1374 excommunicationis
820 1308 1018 1368 sententiam
1038 1307 1152 1368 incarr-

358 1410 486 1480 rerunt‚
503 1407 677 1468 occasione
692 1405 881 1482 hujusmodi
896 1405 1069 1465 absolvere
1086 1420 1152 1464 non

292 1521 298 1532 ·
361 1521 554 1584 praesumas.
572 1507 675 1564 Porro
698 1518 738 1563 ea
758 1517 831 1579 quae
850 1501 913 1572 illi,
933 1502 988 1577 qui
1004 1501 1152 1560 fraudem

362 1602 595 1664 commiserunt
608 1601 697 1661 circa
710 1599 912 1669 vicesimam,
928 1613 988 1673 pro
1001 1585 1155 1658 satisfac-

360 1701 451 1762 tione
479 1697 669 1774 impendent
696 1699 807 1756 Terrae
837 1695 967 1756 Sanctae
992 1693 1151 1762 subsidio,

359 1795 570 1858 conservabis
581 1809 694 1855 eorum
704 1807 878 1862 summam,
889 1791 995 1862 nobis,
1010 1791 1154 1850 fideliter

360 1891 593 1967 rescripturus.
609 1891 727 1949 Datum
736 1887 903 1957 Laterani,
914 1889 1056 1946 Vnonas
1069 1901 1154 1945 mar·

362 1987 412 2058 tii,
427 1985 637 2064 pontificatus
652 1983 760 2044 nostri
772 1997 860 2044 anno
876 1982 1001 2059 quinto

659 2143 856 2228 CCLXXX

529 2279 580 2337 Act
596 2277 750 2337 abbatem
769 2278 860 2336 Atdce
877 2277 984 2347 Ripae.

654 2389 767 2446 dmart.
785 2389 863 2445 tait.

401 2497 468 2562 [lisa.
478 2493 565 2552 latina,
578 2493 653 2543 tontis
662 2493 761 2552 batth,
771 2493 948 2557 bibliotheque
959 2491 1114 2557 rationale]

360 2593 502 2664 Quasdam
514 2593 715 2660 absolutiones,
724 2607 887 2664 quanquam
898 2592 1080 2666 irregulares,
1089 2605 1152 2648 con-

413 2671 516 2742 firmat,
533 2671 587 2728 nisi
601 2671 636 2728 de
648 2671 703 2728 illis
718 2671 764 2742 qui
783 2669 890 2728 Erardo
905 2670 1096 2728 adhaeserunt.

400 2779 1068 2856 Honoriusepiscopus,servusservorum
1080 2775 1149 2850 Dei,

360 2877 480 2938 dilecto
496 2876 563 2936 illio
577 2875 687 2936 abbati
702 2874 792 2935 atbae
809 2876 912 2951 Ripae,
923 2875 1152 2936 Cisterciensis

359 2973 498 3046 ordinis,
516 2973 667 3043 salutem,
681 2972 744 3032 etc.

400 3073 469 3130 Tua
481 3069 577 3130 nobis
588 3069 718 3130 devotio
734 3069 942 3144 supplicavit,
958 3071 1003 3140 ut,
1018 3085 1115 3147 quum
1133 3085 1151 3130 a

359 3165 542 3229 venerabili
564 3165 666 3228 fratre
681 3168 794 3226 nostro
814 3163 1065 3244 archiepiscopo
1082 3169 1151 3228 Re-

359 3265 476 3335 mensi,
500 3263 579 3324 tuno
597 3265 779 3338 Lingonen.
793 3264 958 3340 episcopo,
976 3264 1151 3340 deputatus

360 3361 401 3420 ad
433 3359 643 3436 poenitentias
672 3360 902 3436 injungendae,
939 3361 1151 3437 poenitentias

359 3457 562 3518 incendariis
586 3455 782 3532 quibusdam
806 3456 1003 3534 injunxeris,
1031 3473 1088 3518 eos
1110 3459 1151 3519 ab

360 3552 714 3615 excommunicationis
725 3554 889 3615 sententia
903 3571 1000 3631 quam
1021 3572 1079 3631 pro
1094 3555 1150 3617 in-

360 3649 486 3710 cendiis
500 3649 685 3710 commissis
698 3651 918 3722 incurrerant,
935 3651 1147 3724 absolvendo,

359 3746 497 3808 credens
516 3745 550 3806 id
571 3746 699 3807 licitum
720 3745 791 3816 tibi,
811 3747 875 3808 hoo
891 3750 957 3810 tuae
985 3749 1150 3826 simplici-

358 3843 419 3906 tati
443 3859 580 3920 parcere
599 3858 638 3903 ac
662 3843 753 3906 ratas
778 3844 902 3905 habere
923 3845 1150 3908 absolutiones

358 3939 546 4017 hujusmodi
562 3939 785 4016 dignaremur.
802 3943 871 4002 Nos
887 3941 990 4016 igitur
1003 3943 1052 4004 tui
1067 3960 1148 4018 pre-

358 4039 450 4098 cibus
465 4036 627 4108 inolinati,
644 4036 786 4114 benigne
806 4039 985 4099 annuimus
1000 4041 1150 4116 postula·

357 4134 514 4206 tionibus
529 4133 594 4194 nisi
610 4133 650 4194 de
666 4135 732 4194 illis
748 4134 929 4206 extiterint,
952 4137 1008 4211 qui
1026 4138 1148 4198 llrardo

358 4230 570 4291 adhaeserunt
591 4229 625 4290 in
645 4246 766 4305 guerra
782 4233 896 4291 contra
917 4231 1060 4293 nobilem
1076 4251 1150 4294 mu-

358 4327 472 4388 liorem
484 4327 686 4388 comitissam
696 4327 894 4402 Campaniae,
904 4329 1149 4406 etpropterhoc

357 4423 1146 4490 excommunicationissententiamincurrerunt.

357 4523 475 4583 Datum
485 4519 683 4592 Laterani‚V
695 4535 800 4580 nonas
811 4521 1030 4599 mariiipont.
1042 4527 1147 4586 nostri

358 4633 446 4678 anno
463 4617 590 4694 quinto.

644 4723 860 4811 dttxlxl

482 4859 534 4918 Ad
556 4858 749 4932 episcopam
772 4860 1024 4922 Pictaoeusem.

645 4943 761 5028 amira.
779 4971 856 5028 last.

385 5077 504 5140 [Καμεὶ.
515 5075 560 5127 lib.
572 5077 603 5137 V,
614 5078 689 5141 epist.
705 5077 760 5127 tas.
774 5079 832 5126 liss.
846 5077 881 5126 La
893 5077 967 5128 Parte
979 5078 1014 5130 du
1025 5079 1116 5142 rosit]

355 5174 471 5233 blandai
489 5175 516 5231 ei
531 5182 562 5232 ut
581 5173 719 5232 adversus
740 5185 887 5246 personas,
907 5179 1079 5235 monasteria
1098 5195 1148 5251 per

389 5264 577 5321 simoniacam
588 5264 756 5336 pravitatem
772 5262 919 5334 ingressas
931 5267 1070 5324 canonice
1080 5283 1145 5340 pro-

390 5351 482 5410 cedat.

394 5462 572 5531 Honorius,
590 5461 664 5528 eto,
682 5458 865 5521 venerabili
880 5460 976 5524 tratri
991 5465 1146 5542 episcopo

355 5561 522 5622 Pictaven.

964 271 1144 344 'tloltotttl
1168 282 1211 342 ΙΙΙ
1234 281 1381 344 OPERA.
1965 276 2026 338 732³

1251 441 1299 500 Ex
1317 438 1411 515 parte
1423 437 1480 500 tua
1494 437 1556 500 suit
1566 438 1753 514 expositum
1769 453 1884 499 coram
1901 439 2023 505 nobis,

1209 536 1295 612 quod
1317 535 1530 611 quamplures
1552 551 1702 610 personae
1718 537 1927 597 monasteria
1945 553 2025 596 mo-

1209 633 1404 702 nachorum,
1421 635 1455 693 ot
1473 632 1681 703 monialium,
1703 649 1834 694 necnon
1852 634 1947 694 alias
1965 651 2023 694 re-

1208 729 1345 802 gulares
1358 729 1520 790 ecclesias
1535 731 1601 790 tuae
1612 731 1766 792 dioecesis
1779 747 1839 807 per
1852 733 2024 792 simonia

1209 839 1283 886 cam
1301 825 1498 899 pravitatem
1515 826 1678 888 intrantes
1691 828 1725 888 in
1745 828 1794 888 eis
1809 835 2022 904 receperunt

1210 921 1360 982 habitum
1375 922 1576 996 regularem,
1595 925 1628 984 et
1642 925 1691 983 sic
1705 925 1763 984 diu
1778 925 2022 986 ministrantes

1210 1019 1244 1079 in
1255 1019 1305 1080 eis
1316 1019 1357 1079 ad
1370 1033 1484 1080 sacros
1495 1021 1628 1080 ordines
1640 1023 1718 1082 sunt
1732 1023 1893 1097 promoti3
1906 1039 2022 1099 quare

1208 1115 1305 1176 nobis
1330 1116 1502 1177 humiliter
1526 1118 1731 1193 supplicasti,
1758 1121 1795 1180 ut
1818 1135 1924 1196 super
1954 1121 2020 1182 hor
2092 1173 2093 1180 ,

1210 1215 1349 1288 paterna
1376 1212 1590 1288 dignaremur
1614 1217 1872 1278 mansuetudine
1896 1221 2022 1292 provi-

1208 1309 1298 1370 dere.
1323 1313 1368 1370 De
1391 1312 1448 1370 tua
1471 1312 1583 1387 itaque
1603 1312 1804 1374 discretione
1824 1315 1966 1390 plenam
1984 1319 2021 1376 in

1199 1407 1350 1467 ‘Domino
1364 1406 1518 1468 fiduciam
1535 1409 1732 1480 obtinentes,
1748 1414 2020 1488 parapostolira

1209 1505 1270 1566 tibi
1289 1507 1412 1582 scripta
1432 1508 1640 1580 mandamus,
1657 1511 1822 1586 quatenus
1837 1528 1915 1572 curn
1932 1529 2020 1589 per-

1209 1604 1300 1664 sonis
1316 1603 1506 1680 hujusmodi
1521 1621 1602 1680 agas
1618 1621 1718 1683 super
1730 1608 1793 1670 hoc
1808 1612 2020 1671 auctoritate

1209 1706 1333 1769 nostra,
1350 1705 1449 1779 prout
1462 1705 1642 1766 secundum
1657 1708 1758 1766 Deum
1772 1721 1890 1766 eorum
1907 1710 2018 1770 saluti

1208 1799 1513 1875 viderisexpedire.
1530 1803 1647 1863 Datum
1659 1803 1827 1875 Laterani,
1843 1805 1892 1864 lll
1903 1821 2020 1866 nonas

1208 1897 1332 1967 martii,
1348 1897 1559 1973 pontificatus
1572 1913 1660 1959 anno
1677 1899 1803 1976 quinto.

1490 2081 1730 2172 dclxxxii

1248 2231 1299 2294 rid
1314 2233 1469 2296 abbatem
1488 2235 1522 2294 et
1540 2239 1745 2298 aestimatam
1760 2243 1979 2303 mortasterr's'

1482 2331 1727 2392 Herttdcettsts.

1499 2441 1612 2500 hmani.
1628 2444 1707 2502 litt.

1286 2543 1433 2608 [Zeerleder,
1446 2547 1505 2598 L'rlr.
1518 2547 1542 2596 tl.
1558 2549 1641 2606 stadt,
1652 2554 1671 2599 t.
1682 2550 1702 2607 l,
1717 2565 1743 2614 p.
1753 2551 1808 2608 iol.
1820 2567 1847 2601 n.
1860 2553 1931 2618 Μ]

1207 2649 1449 2723 Compositiooem
1465 2653 1538 2712 inter
1553 2653 1684 2712 abbatem
1703 2665 1731 2714 et
1750 2667 1927 2718 conventum
1948 2677 2013 2718 mo-

1244 2740 1359 2796 nasterii
1372 2741 1564 2805 llerilacensis
1573 2757 1608 2800 ex
1617 2751 1698 2814 parte
1708 2759 1775 2813 una,
1785 2754 1812 2802 et
1822 2749 2016 2818 capellanum

1243 2828 1371 2886 eoeleste
1387 2829 1414 2886 8.
1433 2829 1537 2887 Uldrici
1563 2825 1598 2887 de
1620 2831 1741 2890 Erlacho
1761 2849 1795 2890 ex
1817 2836 1916 2904 altera,
1937 2855 2013 2895 corr·

1244 2915 1346 2973 hrmat.

1247 3023 1413 3084 Honorius
1425 3025 1610 3102 episcopus,
1619 3044 1734 3089 servus
1747 3045 1920 3093 servorum
1933 3037 2010 3103 Dei,

1207 3119 1335 3181 dilectis
1354 3121 1468 3182 liliis...
1487 3123 1598 3185 abbati
1620 3129 1652 3186 et
1675 3129 1851 3190 conventui
1867 3146 2013 3192 monas-

1210 3218 1282 3278 terii
1303 3219 1540 3292 HerilacensiS,
1557 3224 1709 3295 salutem,
1727 3225 1788 3287 etc.

1247 3317 1291 3376 Ea
1304 3333 1377 3392 quae
1388 3317 1515 3393 judicio
1527 3319 1577 3378 vel
1590 3322 1766 3383 concordia
1781 3323 2010 3387 terminantur

1206 3411 1299 3472 firma
1317 3414 1436 3476 debent
1452 3417 1485 3476 et
1507 3416 1634 3478 illibata
1651 3420 1829 3492 persistere
1844 3423 1888 3496 et,
1904 3440 1949 3484 ne
1971 3427 2005 3484 in

1205 3510 1360 3572 reoitlivae
1377 3513 1632 3590 contemptionis
1646 3518 1835 3593 scrupulum
1852 3520 2008 3582 relaban-

1205 3607 1269 3678 tur,
1286 3607 1475 3682 Apostolico
1496 3613 1651 3673 convenit
1673 3615 1827 3689 praesidio
1851 3631 2007 3678 commu-

1206 3700 1281 3762 niri.
1317 3706 1362 3764 Ea
1391 3707 1534 3782 propter,
1563 3707 1675 3769 dilecti
1704 3709 1738 3770 in
1761 3713 1900 3774 Domino
1927 3715 2001 3784 tilii,

1206 3799 1324 3859 vestris
1346 3801 1447 3877 justis
1473 3802 1626 3878 precibus
1648 3804 1813 3880 inclinati,
1836 3813 2004 3885 composi·

1204 3895 1326 3955 tionem
1339 3899 1425 3958 inter
1437 3914 1494 3958 vos
1507 3914 1549 3960 ex
1562 3903 1654 3976 parte
1668 3918 1733 3964 una
1747 3905 1780 3964 et
1791 3906 2001 3980 capellanum

1205 3993 1365 4064 ecclesiae,
1384 3995 1497 4056 Sancti
1516 3996 1640 4058 Uldrici
1662 3998 1702 4059 de
1727 4001 1868 4062 Erlacho
1890 4019 1932 4064 ex
1952 4008 2003 4066 al-

1204 4087 1286 4160 tera,
1305 4105 1404 4166 super
1429 4092 1625 4168 quibusdam
1647 4095 1831 4160 redditibus
1853 4101 2000 4176 ejusdem

1204 4185 1355 4246 ecclesiae
1376 4189 1541 4251 mediante
1557 4190 1651 4252 bonae
1667 4196 1836 4256 memoriae
1856 4199 1892 4257 B.
1910 4200 2001 4274 epis-

1204 4284 2000 4364 copoLausannensi,amicabiliterinitam,siant

1205 4377 1276 4438 sine
1292 4379 1456 4455 pravitate
1478 4383 1614 4458 provide
1635 4385 1721 4447 lacta
1737 4389 1787 4449 est
1802 4390 1835 4451 et
1849 4389 1891 4450 ab
1906 4394 2001 4452 utra-

1204 4491 1267 4552 que
1290 4477 1382 4551 parte
1397 4482 1512 4554 sponte
1532 4484 1663 4558 recepta
1680 4485 1712 4544 et
1724 4484 1886 4546 hactenns
1901 4489 1997 4565 paci·
2092 4483 2093 4486 ’

1206 4573 1265 4632 tice
1277 4573 1668 4644 observata‚auctoritate
1681 4583 1870 4658 apostolica
1883 4585 1999 4646 contir-

1203 4685 1348 4742 mamus,
1387 4676 1419 4734 et
1455 4678 1629 4750 praesentis
1664 4678 1779 4755 scripti
1812 4682 1998 4756 patrocinio

1204 4769 1457 4830 communimus.
1474 4771 1566 4833 Nulli
1584 4789 1663 4850 ergo
1677 4776 1811 4837 omnino
1827 4777 1997 4838 hominum
2092 4833 2093 4856 ,

1204 4861 1302 4924 liceat
1318 4865 1404 4926 hanc
1420 4869 1573 4942 paginam
1598 4873 1719 4932 nostrae
1735 4873 1997 4936 confirmationis

1204 4959 1397 5036 intringere,
1412 4964 1465 5024 vel
1478 4966 1509 5026 ei
1525 4982 1610 5027 ausu
1624 4969 1801 5030 temerario
1817 4973 1995 5032 contraire.
2092 5009 2093 5022 ,

1205 5056 1239 5116 si
1254 5058 1328 5132 quis
1344 5062 1453 5120 autem
1469 5060 1532 5122 hoc
1552 5065 1716 5126 attentare
1738 5071 1993 5144 praesumpserit,

1203 5151 1465 5229 indignationem
1481 5160 1716 5236 omnipotentis
1732 5163 1801 5234 Dei,
1819 5179 1858 5226 ac
1877 5164 1995 5226 beato-

1202 5267 1275 5310 rum
1286 5253 1376 5313 Petri
1392 5257 1425 5315 et
1438 5257 1533 5316 Pauli
1549 5259 1774 5334 apostolorum
1790 5264 1873 5338 ejuS,
1887 5278 1921 5322 se
1936 5279 1998 5323 no·
2092 5319 2093 5340 ,

1202 5347 1288 5409 verit
1299 5350 1523 5412 incursurum.
1541 5356 1659 5416 Datum
1677 5357 1843 5429 Laterani,
1859 5360 1903 5419 lll
1917 5376 1994 5420 nou.

1202 5445 1327 5518 martii,
1344 5449 1555 5524 pontificatus
1571 5451 1676 5514 nostri
1691 5469 1779 5515 anno
1794 5455 1920 5532 quinto.

1241 5581 1283 5638 Ia
1303 5585 1459 5642 eumdem
1478 5587 1619 5646 modeim
1640 5587 1799 5664 seriptum
1815 5589 1865 5650 est
1879 5588 1919 5649 ad
1937 5590 1999 5650 ab-
2092 5665 2093 5670 ἵ
