4300 6392
324 272 388 332 383

327 446 386 508 per
398 429 593 493 electionem
606 429 811 499 canonicam,
827 425 956 488 subiato
967 425 1121 504 appella-

324 527 426 589 tionis
452 527 641 599 obstaculo,
667 524 845 602 provideri.
877 523 969 595 Quod
996 523 1026 584 si
1054 539 1120 584 non

325 624 536 698 omneseto.
560 624 677 684 Datum
703 620 854 692 viterbii,
874 620 972 681 tertio
985 619 1118 681 kalend.

326 719 497 792 februarii,
512 719 722 796 pontificatus
742 717 848 778 nostri
863 731 950 778 anno
969 717 1098 794 quarto.

643 885 801 970 LXXVI

273 1071 289 1084 .
359 1023 411 1084 Ad
424 1023 591 1082 decanum
604 1018 638 1080 ct
651 1019 840 1092 capitulum
860 1017 979 1079 Sancti
993 1017 1095 1078 Petri

405 1115 859 1185 (testamenmentum
874 1117 1040 1176 diaecesis.

590 1227 623 1284 ai
642 1225 755 1298 ianuar.
776 1226 855 1285 1220.

350 1335 468 1399 [Regnat.
480 1333 526 1384 lib.
536 1333 580 1396 lv,
595 1332 671 1397 epist.
687 1332 741 1382 ouo.
755 1331 812 1382 iiss.
827 1331 863 1382 La
875 1333 952 1384 Porta
964 1331 1000 1381 dn
1011 1330 1105 1395 rheti]

345 1431 478 1504 Indulget
495 1431 537 1489 eis
554 1438 585 1488 ut
600 1428 780 1504 prebendam
801 1445 889 1490 unam
912 1429 1106 1504 prepositura

434 1521 561 1592 ipsorum
573 1519 704 1576 ecclesie
716 1517 874 1591 adjungere
890 1524 1016 1591 possent.

368 1628 546 1699 Honorius,
563 1627 638 1698 etc,
660 1626 791 1688 dilectis
806 1625 922 1686 liliis...
939 1625 1077 1698 decano,
1092 1627 1125 1691 et

329 1725 473 1800 capitulo
496 1724 609 1786 Sancti
631 1723 721 1784 Petri
748 1723 936 1795 casileten„
958 1723 1121 1784 Morinen.

329 1820 493 1892 dioecesis‚
510 1820 660 1893 salutem,
676 1821 737 1881 etc.

370 1916 526 1979 Exhibita
536 1915 631 1977 nobis
642 1931 685 1978 ex
696 1917 790 1993 parte
800 1914 910 1977 vestra
919 1915 1033 1993 petitio
1045 1931 1125 1976 con-

329 2012 466 2086 tinebat,
478 2013 601 2089 quod...
615 2028 689 2074 oum
704 2013 900 2088 praepositus
913 2013 1024 2074 vester
1033 2027 1076 2072 en
1086 2027 1125 2073 eo
1156 2079 1157 2084 ἵ

331 2110 418 2187 quod
444 2109 574 2170 ratione
599 2107 825 2184 praeposituras
848 2123 917 2168 suae
938 2107 1124 2169 animarum

331 2220 444 2267 curam
471 2203 606 2276 obtinet,
629 2203 763 2264 deberet
788 2204 823 2264 in
845 2205 958 2265 vestra
985 2205 1124 2268 ecclesia

330 2301 489 2373 residere,
508 2301 579 2377 ipse
599 2301 759 2376 nequiens
779 2315 822 2360 ex
834 2300 981 2377 ejusdem
995 2317 1127 2378 praepo-

331 2399 446 2459 sitnrae
464 2396 659 2470 redditibus,
680 2413 762 2474 quos
789 2397 888 2458 nimis
910 2400 1028 2460 tenues
1053 2413 1126 2460 esse
1157 2387 1158 2394 '

331 2494 453 2562 dicitis,
469 2493 659 2565 sustentari,
676 2508 742 2554 non
758 2493 864 2554 solum
884 2495 918 2554 in
934 2509 974 2556 ea
987 2511 1053 2556 non
1066 2511 1125 2556 re-

332 2591 428 2662 sidet,
443 2605 558 2651 verum
573 2589 673 2652 etiam
689 2591 785 2651 extra
804 2591 911 2666 ipsam
924 2606 985 2667 pro
999 2594 1126 2668 majore

331 2688 425 2765 parte
445 2687 604 2763 temporis
633 2687 866 2759 commoratur,
893 2705 936 2749 ex
958 2691 1053 2766 cnjus
1068 2688 1128 2750 ab·

333 2785 442 2846 sentia
456 2784 573 2862 gravia
588 2799 675 2860 saepe
690 2785 889 2860 proveniunt
901 2785 1006 2846 eidem
1019 2785 1128 2847 eccle-

332 2881 390 2942 siae
412 2881 619 2942 detrimenta.
637 2881 731 2942 Unde
755 2897 841 2952 cum,
854 2882 941 2943 sicut
963 2884 1125 2958 asseritis,

332 2977 473 3038 ecclesia
501 2977 574 3054 ipsa
607 2978 726 3054 viginti
763 2979 957 3054 praebendas
994 2979 1125 3054 babeat,

333 3089 474 3152 quarum
486 3089 586 3134 unam
595 3073 624 3134 si
633 3073 673 3135 de
683 3074 796 3135 nostra
804 3073 898 3137 robis
909 3077 1127 3151 permissione

332 3169 433 3232 liceat
454 3171 630 3232 annectere
658 3171 886 3248 prepositura
906 3171 970 3249 ipsi
985 3174 1125 3245 velletis,

333 3271 370 3329 ut
388 3284 432 3329 ex
453 3268 717 3328 necessariorum
741 3268 871 3330 deiectu
894 3285 931 3330 se
952 3269 1128 3333 absentare

228 3379 232 3386 ·
332 3365 511 3442 apraeiata
538 3364 679 3425 ecclesia
700 3367 811 3426 vester
839 3367 1037 3442 praepositus
1061 3383 1127 3429 non

333 3463 480 3539 cogatur,
496 3461 592 3522 nobis
614 3461 786 3523 humiliter
799 3461 1020 3540 supplicastis,
1037 3469 1073 3526 ut
1094 3465 1126 3526 id

333 3573 461 3636 perros
477 3557 550 3619 ileri
563 3559 762 3634 pateremur.
779 3559 848 3620 Nos
863 3575 942 3636 ergo
957 3561 1127 3637 cupientes

333 3654 482 3716 ecclesiae
497 3655 663 3732 praedictae
680 3654 874 3732 proiectum,
891 3660 964 3733 ejns
986 3657 1128 3720 libenter

333 3749 516 3827 dispendiis
531 3751 747 3823 occurrimus,
762 3754 796 3813 et
810 3753 1009 3817 utilitatibus
1020 3757 1128 3831 provi-

333 3847 458 3920 demus,
466 3848 575 3909 ratum
586 3849 671 3925 quod
682 3864 783 3925 super
792 3849 855 3910 boc
864 3865 938 3910 cum
947 3852 1127 3914 dioecesani

333 3945 435 4008 vestri
445 3943 726 4022 assensuprovide
738 3946 771 4007 et
779 3945 906 4007 utiliter
917 3948 1127 4011 statuendum

333 4041 494 4104 duxeritis
507 4041 664 4103 babituri.
682 4043 800 4104 Datum
813 4043 964 4118 viterbii,
982 4047 1126 4108 secundo

332 4137 465 4201 kalend.
490 4138 660 4212 februarii,
677 4137 887 4216 pontificatus
909 4143 1014 4204 nostri
1039 4159 1127 4207 anno

333 4238 462 4314 qnae

638 4343 819 4432 LXXVH

391 4477 443 4535 Ad
457 4476 625 4536 decanum
636 4475 669 4534 et
681 4475 869 4548 capitutum
885 4481 1065 4542 titienses.

631 4585 649 4644 Ι
664 4583 733 4644 iebr.
747 4585 825 4644 im

361 4693 484 4758 iberest„
497 4691 542 4752 lib.
554 4691 596 4750 it,
605 4691 677 4755 epist.
689 4691 745 4742 did.
757 4693 862 4746 umus
872 4694 1095 4763 concupiscit]

332 4789 448 4848 iiandat
462 4795 492 4845 ut
506 4787 667 4846 iohannem
683 4803 838 4861 pauperem
854 4791 989 4849 clericum
1004 4794 1126 4853 incano-

942 267 1118 328 HONORII
1141 267 1184 328 ΙΙΙ
1207 268 1355 328 orani.

1915 269 1974 326 384

1176 424 1262 502 quod
1278 426 1330 487 est
1340 423 1492 501 adeptus,
1506 439 1606 502 quum
1630 423 1787 490 obtulerit
1801 424 1925 502 saepius
1937 441 1976 486 se

1175 522 1333 595 incultam
1348 521 1435 582 unde
1449 521 1664 598 postulantia
1685 521 1781 588 nobis
1804 521 1978 584 humiliter

1175 619 1304 680 dilectis
1315 619 1405 691 liliis,
1418 617 1577 695 magistro
1588 618 1975 680 Guilleimosubdiacono

1175 718 1288 779 nostro
1301 717 1335 776 et
1351 716 1458 778 Jorin.
1475 715 1723 777 archidiaconis
1743 715 1872 777 Tollen.
1893 731 1976 792 sup-

1176 813 1445 890 plicantibnspro
1459 811 1575 876 eodem
1588 815 1708 876 utcum
1721 811 1872 890 quaedam
1883 827 1976 890 prae-

1175 910 1291 972 bendae
1304 910 1345 971 ad
1356 911 1549 987 praesensio
1561 911 1703 972 ecclesia
1717 912 1790 987 ipsa
1799 913 1929 983 vacent,
1939 911 1974 972 in

1176 1023 1291 1069 earum
1305 1007 1418 1085 aliqua
1433 1006 1618 1069 laceremus
1647 1005 1754 1068 eidem
1769 1007 1811 1068 de
1824 1007 1976 1083 benigni·

1176 1107 1244 1168 tate
1260 1103 1354 1166 Sedis
1375 1105 1574 1182 apostolice
1588 1105 1768 1182 provideri.
1785 1107 1891 1177 Quum
1908 1105 1975 1182 igi-

1177 1205 1231 1264 tur
1243 1217 1425 1278 pauperum
1433 1203 1631 1264 clericorum
1643 1202 1788 1280 provisio
1800 1203 1836 1262 in
1848 1217 1977 1278 seopus

1178 1300 1345 1362 contineat
1369 1299 1522 1376 pietatis,
1553 1299 1804 1361 universitatem
1830 1301 1974 1360 vestram

1177 1397 1358 1472 rogandam
1370 1395 1538 1468 dommus,
1551 1397 1584 1458 et
1596 1395 1792 1457 hortandam
1805 1411 1866 1474 per
1874 1400 1976 1472 Apos-

1178 1493 1278 1554 tolica
1301 1493 1396 1558 vobis
1416 1493 1541 1568 scripta
1574 1491 1787 1564 mandantes,
1813 1495 1977 1569 quatenus

1179 1588 1302 1651 dictum
1326 1591 1356 1652 J.
1389 1589 1511 1650 divium
1539 1589 1672 1666 pietatis
1704 1589 1828 1650 intuitu
1856 1590 1889 1650 et
1914 1604 1976 1666 pro

1178 1687 1376 1764 Apostolicae
1406 1686 1500 1748 Sedis
1532 1689 1567 1748 et
1591 1687 1704 1748 nostra
1730 1687 1918 1746 reverentia
1939 1687 1975 1745 in

1179 1784 1376 1844 canonicum
1394 1783 1594 1859 recipientes
1613 1785 1647 1846 et
1661 1783 1695 1844 in
1712 1782 1848 1847 tratrem
1869 1783 1977 1844 eidem

1180 1895 1279 1940 unam
1291 1881 1425 1958 exipsis
1439 1879 1624 1957 praebendis
1640 1879 1837 1942 vacantibus
1853 1879 1979 1940 libera-

1179 1977 1256 2038 liter
1281 1977 1472 2040 coni'eratis.
1511 1979 1630 2038 Datum
1664 1976 1825 2047 viterbii,
1858 1979 1978 2054 quarto

1180 2089 1286 2134 nonas
1314 2073 1487 2147 februarii,
1517 2075 1728 2151 pontificatus
1757 2074 1865 2156 nostri
1889 2089 1978 2134 anno

1181 2171 1310 2248 quarto.

1221 2269 1386 2345 Scriptum
1420 2269 1471 2330 est
1497 2283 1597 2345 super
1624 2268 1725 2330 hoc...
1755 2267 1911 2345 episcopo
1943 2269 1978 2328 et

1181 2365 1370 2442 primicerio
1383 2366 1577 2437 virdunen„
1599 2367 1637 2426 nt
1649 2363 1757 2426 dictos
1770 2366 1931 2426 meum
1942 2364 1975 2424 et

1181 2461 1360 2539 capitulum
1377 2462 1419 2532 ad
1435 2463 1470 2523 id
1484 2462 1643 2524 attentius
1657 2465 1815 2524 moneant
1827 2465 1862 2522 et
1875 2461 1978 2522 indu-

1181 2561 1269 2622 cant.
1291 2561 1409 2622 Datum
1424 2561 1460 2622 ut
1473 2574 1584 2636 supra.

1477 2699 1678 2788 lxxvssl

1315 2835 1367 2894 Ad
1387 2834 1576 2908 capillatam
1589 2834 1843 2896 rosacensem.

1482 2943 1573 3003 tieb.
1596 2945 1675 3004 1220.

1214 3052 1332 3116 [Regesi.,
1345 3049 1390 3102 lib.
1402 3051 1444 3110 lv,
1456 3050 1530 3115 epist.
1541 3051 1596 3100 otii.
1608 3052 1667 3101 iiss.
1677 3051 1713 3102 La
1724 3051 1799 3102 Porta
1808 3049 1842 3100 dn
1851 3050 1945 3118 risit]

1182 3149 1249 3212 iilos
1265 3163 1284 3208 a
1301 3149 1437 3222 patuere
1460 3149 1534 3208 Petri
1555 3147 1769 3221 illabentem·
1784 3149 1980 3220 litterisapcs

1217 3236 1319 3308 toiicis,
1332 3235 1402 3304 laisa
1421 3237 1599 3308 expositione
1613 3235 1748 3304 obtentis,
1764 3238 1934 3296 canonicam
1950 3238 1978 3297 io

1217 3327 1343 3398 ipsorum
1357 3325 1478 3384 ecclesia
1499 3324 1621 3400 petebat,
1638 3325 1768 3384 absolvit.

1222 3434 1400 3504 Honorius,
1422 3437 1497 3505 etc„
1519 3433 1648 3496 dilectis
1664 3433 1742 3495 illlis
1757 3434 1902 3510 capitulo
1916 3448 1977 3494 ec-

1182 3531 1293 3593 clesiae
1308 3532 1419 3594 Sancti
1434 3531 1553 3594 Hilarii
1562 3531 1904 3602 Pictaven.‚saiutem,
1913 3534 1976 3592 etc.

1222 3628 1417 3691 constitutis
1452 3629 1489 3691 in
1522 3629 1700 3705 presentia
1731 3631 1846 3696 nostra
1879 3630 1978 3690 Petro

1182 3724 1350 3791 Fulcberii
1365 3724 1487 3788 clerico
1501 3725 1668 3790 etBonino
1680 3727 1893 3800 procuratore
1906 3739 1980 3785 ves·

1181 3823 1244 3893 tro,
1259 3821 1415 3884 dilectum
1431 3822 1534 3884 tilium
1545 3823 1695 3884 nostrum
1703 3823 1740 3882 P.
1751 3820 1864 3886 Sancti
1873 3824 1979 3884 Geor-

1181 3917 1751 3993 giiadVelumAureum,diaconum
1761 3917 1976 3988 cardinalem,

1182 4015 1333 4079 dedimus
1342 4016 1539 4088 auditorem,
1550 4030 1663 4078 coram
1675 4031 1741 4092 quo
1751 4016 1893 4082 clericus
1904 4030 1978 4090 pro·

1182 4112 1292 4188 posuit
1304 4115 1518 4184 memoratus,
1532 4112 1655 4189 qnod...
1666 4112 1768 4182 abbas
1782 4109 1978 4174 Talemundi

1182 4211 1215 4269 et
1229 4208 1419 4285 conjudices
1442 4211 1513 4284 ejus
1541 4210 1649 4285 ipsum
1671 4208 1914 4272 investiverunt
1935 4207 1978 4272 de

1182 4306 1343 4374 canonica
1359 4305 1509 4371 ecciesiae
1525 4306 1646 4369 restra
1661 4305 1978 4372 nostraauctoritate

1182 4401 1975 4478 mandati,stalluminchoroassiantnteseidem,

1182 4499 1263 4561 etin
1278 4513 1400 4568 roseo
1416 4499 1501 4574 quod
1518 4499 1652 4561 illorum
1671 4498 1759 4560 iacto
1777 4515 1837 4561 ros
1852 4498 1978 4559 temere

1182 4595 1767 4672 opponebatis,excommunicationis
1780 4595 1977 4658 sententiam

1182 4691 1979 4772 proterentemundepetebatutiilorumproces-

1181 4805 1253 4850 sum
1273 4787 1464 4866 Apostolico
1478 4789 1638 4852 roborare
1660 4781 1844 4851 munimine
1858 4789 1979 4864 digna-

508 4876 605 4937 nioum
619 4884 648 4934 et
662 4873 778 4936 tratrem
798 4879 945 4952 recipiant.

1180 4901 1302 4948 remur.
1319 4888 1521 4948 Procurator
1534 4873 1614 4948 verb
1627 4888 1739 4950 vester
1748 4887 1920 4964 proposuit
1935 4901 1979 4946 ex

372 4975 550 5046 Honorius,
567 4976 644 5048 etc„
672 4975 801 5042 dilectis
821 4976 936 5040 liliis...
953 4979 1079 5044 decano
1095 4984 1129 5044 et
1182 4983 1322 5044 adverso
1344 4983 1432 5060 quod
1453 4983 1574 5046 litterae
1589 4986 1724 5056 nostrm,
1742 4999 1881 5059 quarum
1894 4997 1978 5044 anc-

333 5071 478 5150 capitulo
492 5071 633 5145 Trullen„
651 5073 804 5147 salutem,
819 5075 882 5136 etc.
1180 5079 1316 5142 toritate
1331 5083 1564 5158 processerant
1575 5079 1706 5156 judices
1722 5081 1906 5151 memorati,
1918 5094 1978 5156 per

371 5169 541 5233 Jobannes
555 5184 681 5246 pauper
696 5169 836 5232 clericus
848 5171 892 5248 ¹in
910 5175 1024 5236 nostra
1043 5191 1126 5251 pro·
1181 5191 1377 5254 expressum
1402 5177 1611 5241 mendacium
1632 5177 1765 5238 inerant
1778 5176 1976 5254 impetratae.

333 5267 444 5347 posuit
457 5265 635 5342 praesentia
647 5267 854 5341 constitutus,
866 5269 953 5346 qnod
967 5269 1127 5348 licetipse
1182 5275 1355 5350 Quumque
1381 5273 1414 5334 id
1430 5273 1548 5336 luisset
1560 5275 1767 5351 propositum
1789 5288 1900 5335 coram
1915 5275 1976 5348 ju-

332 5365 369 5426 in
386 5361 515 5425 Tollen.
532 5361 691 5434 ecclesia,
710 5365 745 5424 in
759 5380 824 5441 qua
839 5363 902 5428 fnit
919 5365 961 5427 ab
985 5366 1126 5432 infantia
1181 5368 1309 5432 dicibns
1324 5369 1416 5448 ipsis,
1438 5371 1471 5432 et
1491 5371 1539 5431 eis
1556 5371 1642 5432 banc
1663 5371 1697 5432 et
1711 5370 1796 5432 alias
1809 5369 1980 5446 exceptio-

332 5464 447 5523 tenera
469 5459 645 5532 enutritus,
671 5458 727 5520 diu
747 5461 901 5526 servierit
927 5462 1070 5525 fideliter
1095 5467 1128 5526 et
1181 5483 1240 5530 nes
1259 5469 1388 5530 vestras
1407 5468 1574 5543 legitimas
1596 5469 1771 5534 admittere
1792 5465 1979 5528 recusanti·

333 5557 459 5628 devote,
475 5555 785 5620 nondumtamenin
799 5572 838 5619 ee
851 5557 1048 5621 beneficium
1063 5561 1128 5620 ali·
1181 5562 1253 5635 bus,
1277 5563 1317 5623 ad
1344 5579 1404 5623 nos
1430 5562 1548 5626 ruisset
1568 5564 1781 5640 appellatum,
1797 5577 1858 5640 pro
1884 5560 1979 5622 vobis
