<?xml version="1.0" encoding="UTF-8"?>
<!DOCTYPE html PUBLIC "-//W3C//DTD XHTML 1.0 Transitional//EN"
    "http://www.w3.org/TR/xhtml1/DTD/xhtml1-transitional.dtd">
<html xmlns="http://www.w3.org/1999/xhtml" xml:lang="en" lang="en">
 <head>
  <title>
</title>
<meta http-equiv="Content-Type" content="text/html;charset=utf-8" />
  <meta name='ocr-system' content='tesseract 3.04.00' />
  <meta name='ocr-capabilities' content='ocr_page ocr_carea ocr_par ocr_line ocrx_word'/>
</head>
<body>
  <div class='ocr_page' id='page_1' title='image "./mediiaevibiblio03bottgoog_0327.png"; bbox 0 0 4248 6410; ppageno 0'>
   <div class='ocr_carea' id='block_1_1' title="bbox 319 397 1963 466">
    <p class='ocr_par' dir='ltr' id='par_1_1' title="bbox 319 397 1963 466">
     <span class='ocr_line' id='line_1_1' title="bbox 319 397 1963 466; baseline 0.003 -8"><span class='ocrx_word' id='word_1_1' title='bbox 319 397 377 458; x_wconf 80' lang='lat'>587</span> <span class='ocrx_word' id='word_1_2' title='bbox 938 403 1112 464; x_wconf 70' lang='lat' dir='ltr'>Honorati</span> <span class='ocrx_word' id='word_1_3' title='bbox 1136 404 1180 463; x_wconf 88' lang='lat'>111</span> <span class='ocrx_word' id='word_1_4' title='bbox 1202 405 1349 466; x_wconf 81' lang='lat' dir='ltr'><strong>OPERA.</strong></span> <span class='ocrx_word' id='word_1_5' title='bbox 1903 403 1963 463; x_wconf 76' lang='lat'>588</span> 
     </span>
    </p>
   </div>
   <div class='ocr_carea' id='block_1_2' title="bbox 318 555 1966 1904">
    <p class='ocr_par' dir='ltr' id='par_1_2' title="bbox 318 555 1966 1904">
     <span class='ocr_line' id='line_1_2' title="bbox 320 555 1964 644; baseline 0.002 -26"><span class='ocrx_word' id='word_1_6' title='bbox 320 555 843 644; x_wconf 81' lang='lat' dir='ltr'>Dei,venerabilibusfratribus...</span> <span class='ocrx_word' id='word_1_7' title='bbox 860 560 1111 638; x_wconf 83' lang='lat' dir='ltr'>archiepiscopo</span> <span class='ocrx_word' id='word_1_8' title='bbox 1167 561 1283 635; x_wconf 83' lang='lat' dir='ltr'>gratiae</span> <span class='ocrx_word' id='word_1_9' title='bbox 1309 561 1549 639; x_wconf 76' lang='lat' dir='ltr'>amplexantes,</span> <span class='ocrx_word' id='word_1_10' title='bbox 1569 560 1867 638; x_wconf 77' lang='lat' dir='ltr'>supplicationibus</span> <span class='ocrx_word' id='word_1_11' title='bbox 1887 577 1964 622; x_wconf 84' lang='lat' dir='ltr'>ves-</span> 
     </span>
     <span class='ocr_line' id='line_1_3' title="bbox 321 653 1964 740; baseline 0.003 -25"><span class='ocrx_word' id='word_1_12' title='bbox 321 653 585 732; x_wconf 83' lang='lat' dir='ltr'>Salzeburgensi,</span> <span class='ocrx_word' id='word_1_13' title='bbox 614 658 683 718; x_wconf 91' lang='lat' dir='ltr'>et...</span> <span class='ocrx_word' id='word_1_14' title='bbox 710 657 924 740; x_wconf 82' lang='lat' dir='ltr'>Secbowensi</span> <span class='ocrx_word' id='word_1_15' title='bbox 941 660 1008 721; x_wconf 89' lang='lat' dir='ltr'>et...</span> <span class='ocrx_word' id='word_1_16' title='bbox 1029 659 1113 720; x_wconf 82' lang='lat' dir='ltr'>Ves-</span> <span class='ocrx_word' id='word_1_17' title='bbox 1166 657 1964 736; x_wconf 72' lang='lat' dir='ltr'>tris,maximequecivitatisejusdemnonorem</span> 
     </span>
     <span class='ocr_line' id='line_1_4' title="bbox 321 751 1964 833; baseline 0.002 -21"><span class='ocrx_word' id='word_1_18' title='bbox 321 752 493 829; x_wconf 90' lang='lat' dir='ltr'>primiensi</span> <span class='ocrx_word' id='word_1_19' title='bbox 505 755 680 830; x_wconf 86' lang='lat' dir='ltr'>episcopis,</span> <span class='ocrx_word' id='word_1_20' title='bbox 697 751 836 816; x_wconf 90' lang='lat' dir='ltr'>salutem</span> <span class='ocrx_word' id='word_1_21' title='bbox 852 758 886 818; x_wconf 90' lang='lat' dir='ltr'>et</span> <span class='ocrx_word' id='word_1_22' title='bbox 896 754 1112 832; x_wconf 90' lang='lat' dir='ltr'>apostolicam</span> <span class='ocrx_word' id='word_1_23' title='bbox 1166 755 1349 832; x_wconf 91' lang='lat' dir='ltr'>respiciunt</span> <span class='ocrx_word' id='word_1_24' title='bbox 1370 757 1403 816; x_wconf 90' lang='lat' dir='ltr'>et</span> <span class='ocrx_word' id='word_1_25' title='bbox 1422 754 1616 833; x_wconf 90' lang='lat' dir='ltr'>profectum,</span> <span class='ocrx_word' id='word_1_26' title='bbox 1640 754 1873 818; x_wconf 80' lang='lat' dir='ltr'>favorabiliter</span> <span class='ocrx_word' id='word_1_27' title='bbox 1900 771 1964 816; x_wconf 92' lang='lat' dir='ltr'>an-</span> 
     </span>
     <span class='ocr_line' id='line_1_5' title="bbox 318 848 1961 931; baseline 0.002 -21"><span class='ocrx_word' id='word_1_28' title='bbox 318 848 592 931; x_wconf 80' lang='lat' dir='ltr'>benediotiouem.</span> <span class='ocrx_word' id='word_1_29' title='bbox 1168 868 1319 924; x_wconf 81' lang='lat' dir='ltr'>ruamus,</span> <span class='ocrx_word' id='word_1_30' title='bbox 1347 854 1521 930; x_wconf 89' lang='lat' dir='ltr'>quatenus,</span> <span class='ocrx_word' id='word_1_31' title='bbox 1538 855 1652 914; x_wconf 91' lang='lat' dir='ltr'>nostro</span> <span class='ocrx_word' id='word_1_32' title='bbox 1672 852 1814 929; x_wconf 92' lang='lat' dir='ltr'>promoti</span> <span class='ocrx_word' id='word_1_33' title='bbox 1836 851 1961 925; x_wconf 85' lang='lat' dir='ltr'>favore,</span> 
     </span>
     <span class='ocr_line' id='line_1_6' title="bbox 361 946 1964 1026; baseline 0.003 -19"><span class='ocrx_word' id='word_1_34' title='bbox 361 948 440 1008; x_wconf 87' lang='lat' dir='ltr'>Cum</span> <span class='ocrx_word' id='word_1_35' title='bbox 460 948 546 1024; x_wconf 90' lang='lat' dir='ltr'>apud</span> <span class='ocrx_word' id='word_1_36' title='bbox 564 964 624 1009; x_wconf 93' lang='lat' dir='ltr'>nos</span> <span class='ocrx_word' id='word_1_37' title='bbox 648 964 723 1010; x_wconf 90' lang='lat' dir='ltr'>esse</span> <span class='ocrx_word' id='word_1_38' title='bbox 732 946 811 1010; x_wconf 75' lang='lat' dir='ltr'>“non</span> <span class='ocrx_word' id='word_1_39' title='bbox 824 949 942 1011; x_wconf 90' lang='lat' dir='ltr'>debeat</span> <span class='ocrx_word' id='word_1_40' title='bbox 965 948 1113 1025; x_wconf 77' lang='lat' dir='ltr'>acceptio</span> <span class='ocrx_word' id='word_1_41' title='bbox 1168 953 1289 1011; x_wconf 76' lang='lat' dir='ltr'>nostrae</span> <span class='ocrx_word' id='word_1_42' title='bbox 1306 965 1365 1010; x_wconf 84' lang='lat' dir='ltr'>ros</span> <span class='ocrx_word' id='word_1_43' title='bbox 1389 950 1495 1026; x_wconf 83' lang='lat' dir='ltr'>magis</span> <span class='ocrx_word' id='word_1_44' title='bbox 1519 966 1558 1010; x_wconf 92' lang='lat' dir='ltr'>ac</span> <span class='ocrx_word' id='word_1_45' title='bbox 1585 951 1691 1026; x_wconf 75' lang='lat' dir='ltr'>magis</span> <span class='ocrx_word' id='word_1_46' title='bbox 1717 948 1835 1026; x_wconf 78' lang='lat' dir='ltr'>gratiae</span> <span class='ocrx_word' id='word_1_47' title='bbox 1861 966 1964 1026; x_wconf 91' lang='lat' dir='ltr'>coap-</span> 
     </span>
     <span class='ocr_line' id='line_1_7' title="bbox 319 1047 1965 1126; baseline 0.002 -21"><span class='ocrx_word' id='word_1_48' title='bbox 319 1059 547 1122; x_wconf 88' lang='lat' dir='ltr'>personarum,</span> <span class='ocrx_word' id='word_1_49' title='bbox 562 1047 617 1122; x_wconf 92' lang='lat' dir='ltr'>qui</span> <span class='ocrx_word' id='word_1_50' title='bbox 629 1061 784 1122; x_wconf 82' lang='lat' dir='ltr'>magnum</span> <span class='ocrx_word' id='word_1_51' title='bbox 796 1047 949 1126; x_wconf 89' lang='lat' dir='ltr'>judicare</span> <span class='ocrx_word' id='word_1_52' title='bbox 963 1048 1115 1109; x_wconf 86' lang='lat' dir='ltr'>tenemur</span> <span class='ocrx_word' id='word_1_53' title='bbox 1168 1047 1256 1118; x_wconf 79' lang='lat' dir='ltr'>tolie,</span> <span class='ocrx_word' id='word_1_54' title='bbox 1270 1063 1343 1123; x_wconf 85' lang='lat' dir='ltr'>quae</span> <span class='ocrx_word' id='word_1_55' title='bbox 1366 1049 1485 1126; x_wconf 77' lang='lat' dir='ltr'>merita</span> <span class='ocrx_word' id='word_1_56' title='bbox 1506 1047 1691 1125; x_wconf 90' lang='lat' dir='ltr'>supplicum</span> <span class='ocrx_word' id='word_1_57' title='bbox 1709 1047 1869 1108; x_wconf 82' lang='lat' dir='ltr'>excedere</span> <span class='ocrx_word' id='word_1_58' title='bbox 1884 1064 1965 1108; x_wconf 90' lang='lat' dir='ltr'>cou-</span> 
     </span>
     <span class='ocr_line' id='line_1_8' title="bbox 322 1143 1966 1222; baseline 0.001 -18"><span class='ocrx_word' id='word_1_59' title='bbox 322 1145 356 1204; x_wconf 90' lang='lat' dir='ltr'>ut</span> <span class='ocrx_word' id='word_1_60' title='bbox 366 1159 515 1219; x_wconf 90' lang='lat' dir='ltr'>parvum,</span> <span class='ocrx_word' id='word_1_61' title='bbox 528 1143 576 1204; x_wconf 87' lang='lat' dir='ltr'>sic</span> <span class='ocrx_word' id='word_1_62' title='bbox 587 1143 821 1220; x_wconf 80' lang='lat' dir='ltr'>impotentibus</span> <span class='ocrx_word' id='word_1_63' title='bbox 837 1146 951 1206; x_wconf 89' lang='lat' dir='ltr'>contra</span> <span class='ocrx_word' id='word_1_64' title='bbox 965 1144 1114 1222; x_wconf 89' lang='lat' dir='ltr'>potentes</span> <span class='ocrx_word' id='word_1_65' title='bbox 1169 1143 1287 1206; x_wconf 87' lang='lat' dir='ltr'>suevit.</span> <span class='ocrx_word' id='word_1_66' title='bbox 1314 1147 1496 1221; x_wconf 79' lang='lat' dir='ltr'>Eapropter</span> <span class='ocrx_word' id='word_1_67' title='bbox 1520 1144 1750 1205; x_wconf 86' lang='lat' dir='ltr'>universitatis</span> <span class='ocrx_word' id='word_1_68' title='bbox 1768 1145 1887 1206; x_wconf 83' lang='lat' dir='ltr'>vesnae</span> <span class='ocrx_word' id='word_1_69' title='bbox 1905 1144 1966 1206; x_wconf 90' lang='lat' dir='ltr'>de-</span> 
     </span>
     <span class='ocr_line' id='line_1_9' title="bbox 320 1240 1963 1321; baseline 0.001 -19"><span class='ocrx_word' id='word_1_70' title='bbox 320 1241 438 1302; x_wconf 88' lang='lat' dir='ltr'>adesse</span> <span class='ocrx_word' id='word_1_71' title='bbox 454 1240 611 1302; x_wconf 88' lang='lat' dir='ltr'>debemus</span> <span class='ocrx_word' id='word_1_72' title='bbox 623 1243 720 1316; x_wconf 84' lang='lat' dir='ltr'>juxta</span> <span class='ocrx_word' id='word_1_73' title='bbox 738 1243 859 1304; x_wconf 87' lang='lat' dir='ltr'>nostrae</span> <span class='ocrx_word' id='word_1_74' title='bbox 875 1240 1114 1318; x_wconf 88' lang='lat' dir='ltr'>plenitudinem</span> <span class='ocrx_word' id='word_1_75' title='bbox 1169 1242 1312 1303; x_wconf 85' lang='lat' dir='ltr'>votionis</span> <span class='ocrx_word' id='word_1_76' title='bbox 1339 1241 1492 1321; x_wconf 88' lang='lat' dir='ltr'>precibus</span> <span class='ocrx_word' id='word_1_77' title='bbox 1523 1241 1687 1313; x_wconf 92' lang='lat' dir='ltr'>inclinati,</span> <span class='ocrx_word' id='word_1_78' title='bbox 1710 1241 1855 1302; x_wconf 87' lang='lat' dir='ltr'>habendi</span> <span class='ocrx_word' id='word_1_79' title='bbox 1881 1258 1963 1319; x_wconf 92' lang='lat' dir='ltr'>pro-</span> 
     </span>
     <span class='ocr_line' id='line_1_10' title="bbox 321 1337 1964 1416; baseline 0.001 -16"><span class='ocrx_word' id='word_1_80' title='bbox 321 1338 493 1416; x_wconf 88' lang='lat' dir='ltr'>potestatis</span> <span class='ocrx_word' id='word_1_81' title='bbox 511 1361 518 1398; x_wconf 90' lang='lat'>:</span> <span class='ocrx_word' id='word_1_82' title='bbox 536 1339 585 1399; x_wconf 89' lang='lat' dir='ltr'>sic</span> <span class='ocrx_word' id='word_1_83' title='bbox 606 1341 640 1400; x_wconf 89' lang='lat' dir='ltr'>et</span> <span class='ocrx_word' id='word_1_84' title='bbox 663 1339 851 1416; x_wconf 88' lang='lat' dir='ltr'>potentibus</span> <span class='ocrx_word' id='word_1_85' title='bbox 873 1338 955 1400; x_wconf 87' lang='lat' dir='ltr'>viris</span> <span class='ocrx_word' id='word_1_86' title='bbox 975 1354 1040 1398; x_wconf 94' lang='lat' dir='ltr'>non</span> <span class='ocrx_word' id='word_1_87' title='bbox 1056 1337 1115 1397; x_wconf 87' lang='lat' dir='ltr'>de-</span> <span class='ocrx_word' id='word_1_88' title='bbox 1170 1340 1278 1415; x_wconf 90' lang='lat' dir='ltr'>prium</span> <span class='ocrx_word' id='word_1_89' title='bbox 1294 1355 1435 1400; x_wconf 90' lang='lat' dir='ltr'>cuneum</span> <span class='ocrx_word' id='word_1_90' title='bbox 1451 1339 1492 1400; x_wconf 91' lang='lat' dir='ltr'>ad</span> <span class='ocrx_word' id='word_1_91' title='bbox 1508 1339 1684 1402; x_wconf 89' lang='lat' dir='ltr'>cutendam</span> <span class='ocrx_word' id='word_1_92' title='bbox 1698 1341 1863 1402; x_wconf 87' lang='lat' dir='ltr'>monetam</span> <span class='ocrx_word' id='word_1_93' title='bbox 1879 1341 1964 1402; x_wconf 90' lang='lat' dir='ltr'>citra</span> 
     </span>
     <span class='ocr_line' id='line_1_11' title="bbox 318 1434 1965 1513; baseline 0.001 -17"><span class='ocrx_word' id='word_1_94' title='bbox 318 1434 434 1497; x_wconf 88' lang='lat' dir='ltr'>bemus</span> <span class='ocrx_word' id='word_1_95' title='bbox 451 1435 615 1496; x_wconf 84' lang='lat' dir='ltr'>auxilium</span> <span class='ocrx_word' id='word_1_96' title='bbox 631 1436 808 1512; x_wconf 79' lang='lat' dir='ltr'>denegare,</span> <span class='ocrx_word' id='word_1_97' title='bbox 824 1453 865 1496; x_wconf 93' lang='lat' dir='ltr'>ne</span> <span class='ocrx_word' id='word_1_98' title='bbox 879 1436 995 1498; x_wconf 79' lang='lat' dir='ltr'>laxare</span> <span class='ocrx_word' id='word_1_99' title='bbox 1010 1434 1116 1494; x_wconf 86' lang='lat' dir='ltr'>licen·</span> <span class='ocrx_word' id='word_1_100' title='bbox 1169 1437 1316 1498; x_wconf 87' lang='lat' dir='ltr'>valorem</span> <span class='ocrx_word' id='word_1_101' title='bbox 1330 1437 1566 1513; x_wconf 89' lang='lat' dir='ltr'>imperialium,</span> <span class='ocrx_word' id='word_1_102' title='bbox 1579 1436 1719 1498; x_wconf 89' lang='lat' dir='ltr'>liberam</span> <span class='ocrx_word' id='word_1_103' title='bbox 1739 1436 1834 1497; x_wconf 89' lang='lat' dir='ltr'>vobis</span> <span class='ocrx_word' id='word_1_104' title='bbox 1847 1439 1965 1498; x_wconf 90' lang='lat' dir='ltr'>aucto-</span> 
     </span>
     <span class='ocr_line' id='line_1_12' title="bbox 320 1519 1963 1611; baseline 0 -17"><span class='ocrx_word' id='word_1_105' title='bbox 320 1533 400 1594; x_wconf 91' lang='lat' dir='ltr'>tiam</span> <span class='ocrx_word' id='word_1_106' title='bbox 416 1533 548 1611; x_wconf 86' lang='lat' dir='ltr'>injuriis</span> <span class='ocrx_word' id='word_1_107' title='bbox 570 1533 769 1595; x_wconf 84' lang='lat' dir='ltr'>videremur.</span> <span class='ocrx_word' id='word_1_108' title='bbox 786 1536 874 1596; x_wconf 87' lang='lat' dir='ltr'>Sane</span> <span class='ocrx_word' id='word_1_109' title='bbox 892 1533 1066 1594; x_wconf 90' lang='lat' dir='ltr'>carissima</span> <span class='ocrx_word' id='word_1_110' title='bbox 1080 1530 1115 1590; x_wconf 92' lang='lat' dir='ltr'>in</span> <span class='ocrx_word' id='word_1_111' title='bbox 1169 1534 1268 1596; x_wconf 90' lang='lat' dir='ltr'>ritate</span> <span class='ocrx_word' id='word_1_112' title='bbox 1292 1519 1504 1610; x_wconf 83' lang='lat' dir='ltr'>praesentium</span> <span class='ocrx_word' id='word_1_113' title='bbox 1527 1533 1737 1595; x_wconf 89' lang='lat' dir='ltr'>concedimus</span> <span class='ocrx_word' id='word_1_114' title='bbox 1760 1532 1963 1595; x_wconf 82' lang='lat' dir='ltr'>facultatem.</span> 
     </span>
     <span class='ocr_line' id='line_1_13' title="bbox 321 1630 1965 1708; baseline 0.001 -17"><span class='ocrx_word' id='word_1_115' title='bbox 321 1631 451 1692; x_wconf 87' lang='lat' dir='ltr'>Christo</span> <span class='ocrx_word' id='word_1_116' title='bbox 473 1631 542 1692; x_wconf 88' lang='lat' dir='ltr'>illia</span> <span class='ocrx_word' id='word_1_117' title='bbox 568 1631 692 1699; x_wconf 88' lang='lat' dir='ltr'>nostra,</span> <span class='ocrx_word' id='word_1_118' title='bbox 717 1631 921 1703; x_wconf 84' lang='lat' dir='ltr'>Constantia,</span> <span class='ocrx_word' id='word_1_119' title='bbox 948 1633 1117 1692; x_wconf 89' lang='lat' dir='ltr'>Romano·</span> <span class='ocrx_word' id='word_1_120' title='bbox 1170 1633 1287 1692; x_wconf 84' lang='lat' dir='ltr'>ilatum</span> <span class='ocrx_word' id='word_1_121' title='bbox 1302 1631 1468 1703; x_wconf 87' lang='lat' dir='ltr'>Laterani,</span> <span class='ocrx_word' id='word_1_122' title='bbox 1482 1633 1541 1693; x_wconf 90' lang='lat' dir='ltr'>Vll</span> <span class='ocrx_word' id='word_1_123' title='bbox 1554 1631 1628 1692; x_wconf 90' lang='lat' dir='ltr'>idus</span> <span class='ocrx_word' id='word_1_124' title='bbox 1643 1630 1838 1703; x_wconf 86' lang='lat' dir='ltr'>decembris,</span> <span class='ocrx_word' id='word_1_125' title='bbox 1854 1631 1965 1708; x_wconf 91' lang='lat' dir='ltr'>ponti-</span> 
     </span>
     <span class='ocr_line' id='line_1_14' title="bbox 320 1727 1654 1806; baseline -0.001 -16"><span class='ocrx_word' id='word_1_126' title='bbox 320 1744 394 1790; x_wconf 88' lang='lat' dir='ltr'>rum</span> <span class='ocrx_word' id='word_1_127' title='bbox 418 1729 613 1806; x_wconf 88' lang='lat' dir='ltr'>imperatrix</span> <span class='ocrx_word' id='word_1_128' title='bbox 646 1729 798 1801; x_wconf 88' lang='lat' dir='ltr'>illustris,</span> <span class='ocrx_word' id='word_1_129' title='bbox 824 1745 886 1790; x_wconf 88' lang='lat' dir='ltr'>sua</span> <span class='ocrx_word' id='word_1_130' title='bbox 916 1727 1011 1788; x_wconf 87' lang='lat' dir='ltr'>nobis</span> <span class='ocrx_word' id='word_1_131' title='bbox 1030 1742 1114 1787; x_wconf 91' lang='lat' dir='ltr'>con·</span> <span class='ocrx_word' id='word_1_132' title='bbox 1171 1729 1289 1792; x_wconf 80' lang='lat' dir='ltr'>beatus</span> <span class='ocrx_word' id='word_1_133' title='bbox 1306 1729 1410 1791; x_wconf 89' lang='lat' dir='ltr'>nostri</span> <span class='ocrx_word' id='word_1_134' title='bbox 1427 1744 1514 1790; x_wconf 90' lang='lat' dir='ltr'>auno</span> <span class='ocrx_word' id='word_1_135' title='bbox 1530 1729 1654 1806; x_wconf 85' lang='lat' dir='ltr'>quinte.</span> 
     </span>
     <span class='ocr_line' id='line_1_15' title="bbox 320 1823 1115 1904; baseline -0.003 -19"><span class='ocrx_word' id='word_1_136' title='bbox 320 1826 492 1902; x_wconf 89' lang='lat' dir='ltr'>questione</span> <span class='ocrx_word' id='word_1_137' title='bbox 509 1827 716 1898; x_wconf 83' lang='lat' dir='ltr'>monstravit,</span> <span class='ocrx_word' id='word_1_138' title='bbox 732 1826 906 1904; x_wconf 86' lang='lat' dir='ltr'>quodcum</span> <span class='ocrx_word' id='word_1_139' title='bbox 925 1824 1003 1886; x_wconf 92' lang='lat' dir='ltr'>olim</span> <span class='ocrx_word' id='word_1_140' title='bbox 1018 1823 1115 1900; x_wconf 85' lang='lat' dir='ltr'>quasi</span> 
     </span>
    </p>
   </div>
   <div class='ocr_carea' id='block_1_3' title="bbox 318 1921 1116 3172">
    <p class='ocr_par' dir='ltr' id='par_1_3' title="bbox 318 1921 1116 3172">
     <span class='ocr_line' id='line_1_16' title="bbox 318 1921 1115 2000; baseline -0.004 -17"><span class='ocrx_word' id='word_1_141' title='bbox 318 1923 461 2000; x_wconf 89' lang='lat' dir='ltr'>captain</span> <span class='ocrx_word' id='word_1_142' title='bbox 477 1923 649 1999; x_wconf 82' lang='lat' dir='ltr'>Huugaria</span> <span class='ocrx_word' id='word_1_143' title='bbox 668 1923 894 1994; x_wconf 86' lang='lat' dir='ltr'>remansisset,</span> <span class='ocrx_word' id='word_1_144' title='bbox 921 1921 1115 1983; x_wconf 90' lang='lat' dir='ltr'>carissimus</span> 
     </span>
     <span class='ocr_line' id='line_1_17' title="bbox 321 2017 1114 2095; baseline -0.006 -13"><span class='ocrx_word' id='word_1_145' title='bbox 321 2020 356 2082; x_wconf 92' lang='lat' dir='ltr'>iu</span> <span class='ocrx_word' id='word_1_146' title='bbox 372 2021 501 2083; x_wconf 85' lang='lat' dir='ltr'>Christo</span> <span class='ocrx_word' id='word_1_147' title='bbox 520 2021 608 2081; x_wconf 87' lang='lat' dir='ltr'>illius</span> <span class='ocrx_word' id='word_1_148' title='bbox 631 2023 781 2083; x_wconf 89' lang='lat' dir='ltr'>noster...</span> <span class='ocrx_word' id='word_1_149' title='bbox 797 2021 976 2095; x_wconf 80' lang='lat' dir='ltr'>Hungariae</span> <span class='ocrx_word' id='word_1_150' title='bbox 993 2034 1054 2079; x_wconf 84' lang='lat' dir='ltr'>rex</span> <span class='ocrx_word' id='word_1_151' title='bbox 1068 2017 1114 2077; x_wconf 96' lang='lat' dir='ltr'>il-</span> 
     </span>
     <span class='ocr_line' id='line_1_18' title="bbox 320 2116 1114 2195; baseline -0.001 -18"><span class='ocrx_word' id='word_1_152' title='bbox 320 2118 447 2190; x_wconf 90' lang='lat' dir='ltr'>lustris,</span> <span class='ocrx_word' id='word_1_153' title='bbox 481 2119 654 2195; x_wconf 90' lang='lat' dir='ltr'>pecuniam</span> <span class='ocrx_word' id='word_1_154' title='bbox 686 2119 719 2178; x_wconf 91' lang='lat' dir='ltr'>et</span> <span class='ocrx_word' id='word_1_155' title='bbox 751 2133 807 2178; x_wconf 87' lang='lat' dir='ltr'>res</span> <span class='ocrx_word' id='word_1_156' title='bbox 838 2116 924 2178; x_wconf 89' lang='lat' dir='ltr'>alias</span> <span class='ocrx_word' id='word_1_157' title='bbox 952 2116 1114 2193; x_wconf 85' lang='lat' dir='ltr'>pretiosas</span> 
     </span>
     <span class='ocr_line' id='line_1_19' title="bbox 322 2213 1113 2293; baseline -0.004 -17"><span class='ocrx_word' id='word_1_158' title='bbox 322 2231 426 2293; x_wconf 86' lang='lat' dir='ltr'>usque</span> <span class='ocrx_word' id='word_1_159' title='bbox 447 2216 489 2277; x_wconf 95' lang='lat' dir='ltr'>ad</span> <span class='ocrx_word' id='word_1_160' title='bbox 505 2215 683 2277; x_wconf 85' lang='lat' dir='ltr'>valentiam</span> <span class='ocrx_word' id='word_1_161' title='bbox 703 2215 840 2290; x_wconf 86' lang='lat' dir='ltr'>triginta</span> <span class='ocrx_word' id='word_1_162' title='bbox 860 2213 1001 2274; x_wconf 89' lang='lat' dir='ltr'>millium</span> <span class='ocrx_word' id='word_1_163' title='bbox 1021 2229 1113 2274; x_wconf 90' lang='lat' dir='ltr'>mar-</span> 
     </span>
     <span class='ocr_line' id='line_1_20' title="bbox 321 2311 1116 2390; baseline -0.004 -16"><span class='ocrx_word' id='word_1_164' title='bbox 321 2329 446 2386; x_wconf 92' lang='lat' dir='ltr'>carum,</span> <span class='ocrx_word' id='word_1_165' title='bbox 470 2330 552 2390; x_wconf 87' lang='lat' dir='ltr'>quos</span> <span class='ocrx_word' id='word_1_166' title='bbox 573 2314 607 2374; x_wconf 95' lang='lat' dir='ltr'>in</span> <span class='ocrx_word' id='word_1_167' title='bbox 632 2314 728 2375; x_wconf 92' lang='lat' dir='ltr'>domo</span> <span class='ocrx_word' id='word_1_168' title='bbox 749 2313 922 2390; x_wconf 80' lang='lat' dir='ltr'>hospitalia</span> <span class='ocrx_word' id='word_1_169' title='bbox 945 2311 1116 2388; x_wconf 78' lang='lat' dir='ltr'>ierosoly-</span> 
     </span>
     <span class='ocr_line' id='line_1_21' title="bbox 320 2409 1115 2487; baseline -0.006 -13"><span class='ocrx_word' id='word_1_170' title='bbox 320 2411 437 2474; x_wconf 84' lang='lat' dir='ltr'>miteni</span> <span class='ocrx_word' id='word_1_171' title='bbox 464 2411 550 2487; x_wconf 92' lang='lat' dir='ltr'>apud</span> <span class='ocrx_word' id='word_1_172' title='bbox 579 2411 783 2486; x_wconf 81' lang='lat' dir='ltr'>strigonium</span> <span class='ocrx_word' id='word_1_173' title='bbox 819 2409 1027 2486; x_wconf 87' lang='lat' dir='ltr'>deposuerat,</span> <span class='ocrx_word' id='word_1_174' title='bbox 1054 2425 1115 2470; x_wconf 91' lang='lat' dir='ltr'>nec</span> 
     </span>
     <span class='ocr_line' id='line_1_22' title="bbox 321 2508 1116 2584; baseline -0.006 -12"><span class='ocrx_word' id='word_1_175' title='bbox 321 2512 388 2572; x_wconf 86' lang='lat' dir='ltr'>Deo</span> <span class='ocrx_word' id='word_1_176' title='bbox 412 2525 473 2570; x_wconf 88' lang='lat' dir='ltr'>nec</span> <span class='ocrx_word' id='word_1_177' title='bbox 494 2510 568 2570; x_wconf 89' lang='lat' dir='ltr'>loeo</span> <span class='ocrx_word' id='word_1_178' title='bbox 592 2508 754 2580; x_wconf 87' lang='lat' dir='ltr'>deferens,</span> <span class='ocrx_word' id='word_1_179' title='bbox 774 2523 833 2584; x_wconf 92' lang='lat' dir='ltr'>per</span> <span class='ocrx_word' id='word_1_180' title='bbox 847 2508 1039 2569; x_wconf 85' lang='lat' dir='ltr'>violentiam</span> <span class='ocrx_word' id='word_1_181' title='bbox 1058 2521 1116 2567; x_wconf 91' lang='lat' dir='ltr'>oe·</span> 
     </span>
     <span class='ocr_line' id='line_1_23' title="bbox 320 2603 1114 2684; baseline -0.003 -16"><span class='ocrx_word' id='word_1_182' title='bbox 320 2606 467 2684; x_wconf 88' lang='lat' dir='ltr'>cupavit.</span> <span class='ocrx_word' id='word_1_183' title='bbox 497 2609 538 2669; x_wconf 89' lang='lat' dir='ltr'>Ut</span> <span class='ocrx_word' id='word_1_184' title='bbox 560 2607 663 2682; x_wconf 82' lang='lat' dir='ltr'>igitur</span> <span class='ocrx_word' id='word_1_185' title='bbox 684 2607 791 2668; x_wconf 88' lang='lat' dir='ltr'>dictus</span> <span class='ocrx_word' id='word_1_186' title='bbox 815 2621 875 2667; x_wconf 84' lang='lat' dir='ltr'>rex</span> <span class='ocrx_word' id='word_1_187' title='bbox 901 2603 1114 2666; x_wconf 86' lang='lat' dir='ltr'>conscientiae</span> 
     </span>
     <span class='ocr_line' id='line_1_24' title="bbox 321 2703 1113 2775; baseline -0.001 -11"><span class='ocrx_word' id='word_1_188' title='bbox 321 2721 390 2766; x_wconf 87' lang='lat' dir='ltr'>suae</span> <span class='ocrx_word' id='word_1_189' title='bbox 411 2703 563 2768; x_wconf 86' lang='lat' dir='ltr'>consulat</span> <span class='ocrx_word' id='word_1_190' title='bbox 582 2707 614 2766; x_wconf 90' lang='lat' dir='ltr'>et</span> <span class='ocrx_word' id='word_1_191' title='bbox 635 2704 766 2775; x_wconf 86' lang='lat' dir='ltr'>honori,</span> <span class='ocrx_word' id='word_1_192' title='bbox 790 2704 1003 2768; x_wconf 82' lang='lat' dir='ltr'>serenitatem</span> <span class='ocrx_word' id='word_1_193' title='bbox 1021 2718 1113 2763; x_wconf 89' lang='lat' dir='ltr'>suam</span> 
     </span>
     <span class='ocr_line' id='line_1_25' title="bbox 321 2799 1115 2876; baseline -0.004 -13"><span class='ocrx_word' id='word_1_194' title='bbox 321 2817 492 2864; x_wconf 86' lang='lat' dir='ltr'>monemus</span> <span class='ocrx_word' id='word_1_195' title='bbox 507 2805 539 2864; x_wconf 91' lang='lat' dir='ltr'>et</span> <span class='ocrx_word' id='word_1_196' title='bbox 552 2802 725 2863; x_wconf 89' lang='lat' dir='ltr'>hortamur</span> <span class='ocrx_word' id='word_1_197' title='bbox 739 2803 875 2873; x_wconf 88' lang='lat' dir='ltr'>attente,</span> <span class='ocrx_word' id='word_1_198' title='bbox 891 2803 926 2862; x_wconf 91' lang='lat' dir='ltr'>ut</span> <span class='ocrx_word' id='word_1_199' title='bbox 940 2815 1040 2876; x_wconf 87' lang='lat' dir='ltr'>super</span> <span class='ocrx_word' id='word_1_200' title='bbox 1052 2799 1115 2861; x_wconf 89' lang='lat' dir='ltr'>boo</span> 
     </span>
     <span class='ocr_line' id='line_1_26' title="bbox 322 2895 1114 2976; baseline -0.003 -16"><span class='ocrx_word' id='word_1_201' title='bbox 322 2899 428 2961; x_wconf 92' lang='lat' dir='ltr'>eidem</span> <span class='ocrx_word' id='word_1_202' title='bbox 459 2899 664 2976; x_wconf 88' lang='lat' dir='ltr'>imperatrici</span> <span class='ocrx_word' id='word_1_203' title='bbox 685 2899 797 2961; x_wconf 89' lang='lat' dir='ltr'>taliter</span> <span class='ocrx_word' id='word_1_204' title='bbox 817 2897 1011 2969; x_wconf 82' lang='lat' dir='ltr'>satisfaciat,</span> <span class='ocrx_word' id='word_1_205' title='bbox 1028 2895 1114 2975; x_wconf 83' lang='lat' dir='ltr'>quod</span> 
     </span>
     <span class='ocr_line' id='line_1_27' title="bbox 322 2994 1116 3072; baseline -0.006 -13"><span class='ocrx_word' id='word_1_206' title='bbox 322 2997 414 3060; x_wconf 91' lang='lat' dir='ltr'>nulla</span> <span class='ocrx_word' id='word_1_207' title='bbox 430 2996 460 3058; x_wconf 91' lang='lat' dir='ltr'>ei</span> <span class='ocrx_word' id='word_1_208' title='bbox 482 2997 524 3057; x_wconf 91' lang='lat' dir='ltr'>de</span> <span class='ocrx_word' id='word_1_209' title='bbox 546 3011 581 3056; x_wconf 89' lang='lat' dir='ltr'>se</span> <span class='ocrx_word' id='word_1_210' title='bbox 590 2999 680 3072; x_wconf 85' lang='lat' dir='ltr'>justa</span> <span class='ocrx_word' id='word_1_211' title='bbox 696 2997 867 3058; x_wconf 90' lang='lat' dir='ltr'>remaneat</span> <span class='ocrx_word' id='word_1_212' title='bbox 881 2994 1020 3058; x_wconf 88' lang='lat' dir='ltr'>materia</span> <span class='ocrx_word' id='word_1_213' title='bbox 1035 3008 1116 3055; x_wconf 91' lang='lat' dir='ltr'>cou-</span> 
     </span>
     <span class='ocr_line' id='line_1_28' title="bbox 323 3091 1115 3172; baseline -0.005 -16"><span class='ocrx_word' id='word_1_214' title='bbox 323 3091 1115 3172; x_wconf 75' lang='lat' dir='ltr'>querendi.Cumigiturabsurdumsitpraedictae</span> 
     </span>
    </p>
   </div>
   <div class='ocr_carea' id='block_1_4' title="bbox 1489 1962 1644 2049">
    <p class='ocr_par' dir='ltr' id='par_1_4' title="bbox 1489 1962 1644 2049">
     <span class='ocr_line' id='line_1_29' title="bbox 1489 1962 1644 2049; baseline 0 0"><span class='ocrx_word' id='word_1_215' title='bbox 1489 1962 1644 2049; x_wconf 83' lang='lat' dir='ltr'>CXXVI</span> 
     </span>
    </p>
   </div>
   <div class='ocr_carea' id='block_1_5' title="bbox 1248 2079 1878 2284">
    <p class='ocr_par' dir='ltr' id='par_1_5' title="bbox 1248 2079 1878 2284">
     <span class='ocr_line' id='line_1_30' title="bbox 1248 2079 1878 2185; baseline -0.002 -14"><span class='ocrx_word' id='word_1_216' title='bbox 1248 2113 1300 2171; x_wconf 85' lang='lat' dir='ltr'>Ad</span> <span class='ocrx_word' id='word_1_217' title='bbox 1309 2113 1466 2185; x_wconf 78' lang='lat' dir='ltr'>priorem</span> <span class='ocrx_word' id='word_1_218' title='bbox 1478 2111 1513 2172; x_wconf 88' lang='lat' dir='ltr'>et</span> <span class='ocrx_word' id='word_1_219' title='bbox 1526 2111 1659 2184; x_wconf 78' lang='lat' dir='ltr'>fraires</span> <span class='ocrx_word' id='word_1_220' title='bbox 1673 2079 1878 2172; x_wconf 78' lang='lat' dir='ltr'>monasterii</span> 
     </span>
     <span class='ocr_line' id='line_1_31' title="bbox 1374 2207 1752 2284; baseline -0.003 -15"><span class='ocrx_word' id='word_1_221' title='bbox 1374 2209 1551 2282; x_wconf 73' lang='lat' dir='ltr'>hospitatis</span> <span class='ocrx_word' id='word_1_222' title='bbox 1566 2211 1603 2269; x_wconf 83' lang='lat' dir='ltr'>ic</span> <span class='ocrx_word' id='word_1_223' title='bbox 1615 2207 1752 2284; x_wconf 71' lang='lat' dir='ltr'>steppo.</span> 
     </span>
    </p>
   </div>
   <div class='ocr_carea' id='block_1_6' title="bbox 1252 2337 1875 2527">
    <p class='ocr_par' dir='ltr' id='par_1_6' title="bbox 1252 2337 1875 2527">
     <span class='ocr_line' id='line_1_32' title="bbox 1432 2337 1696 2396; baseline -0.004 -1"><span class='ocrx_word' id='word_1_224' title='bbox 1432 2339 1450 2395; x_wconf 87' lang='lat'><strong>8</strong></span> <span class='ocrx_word' id='word_1_225' title='bbox 1468 2337 1597 2396; x_wconf 87' lang='lat' dir='ltr'>decemb.</span> <span class='ocrx_word' id='word_1_226' title='bbox 1618 2338 1696 2395; x_wconf 75' lang='lat' dir='ltr'>itto.</span> 
     </span>
     <span class='ocr_line' id='line_1_33' title="bbox 1252 2461 1875 2527; baseline -0.003 -14"><span class='ocrx_word' id='word_1_227' title='bbox 1252 2461 1431 2527; x_wconf 73' lang='lat' dir='ltr'>[Wurdtueim</span> <span class='ocrx_word' id='word_1_228' title='bbox 1440 2463 1512 2513; x_wconf 83' lang='lat' dir='ltr'>Nova</span> <span class='ocrx_word' id='word_1_229' title='bbox 1521 2461 1646 2521; x_wconf 81' lang='lat' dir='ltr'>subsidia,</span> <span class='ocrx_word' id='word_1_230' title='bbox 1657 2467 1676 2513; x_wconf 90' lang='lat' dir='ltr'>t.</span> <span class='ocrx_word' id='word_1_231' title='bbox 1688 2461 1757 2521; x_wconf 85' lang='lat' dir='ltr'>xlii,</span> <span class='ocrx_word' id='word_1_232' title='bbox 1769 2477 1795 2526; x_wconf 95' lang='lat' dir='ltr'>p.</span> <span class='ocrx_word' id='word_1_233' title='bbox 1808 2461 1875 2526; x_wconf 78' lang='lat' dir='ltr'>tito]</span> 
     </span>
    </p>
   </div>
   <div class='ocr_carea' id='block_1_7' title="bbox 1169 2578 2059 2651">
    <p class='ocr_par' dir='ltr' id='par_1_7' title="bbox 1169 2578 2059 2651">
     <span class='ocr_line' id='line_1_34' title="bbox 1169 2578 2059 2651; baseline 0.001 -14"><span class='ocrx_word' id='word_1_234' title='bbox 1169 2579 1245 2637; x_wconf 80' lang='lat' dir='ltr'>bona</span> <span class='ocrx_word' id='word_1_235' title='bbox 1261 2587 1290 2636; x_wconf 88' lang='lat' dir='ltr'>et</span> <span class='ocrx_word' id='word_1_236' title='bbox 1304 2579 1503 2651; x_wconf 86' lang='lat' dir='ltr'>possessiones</span> <span class='ocrx_word' id='word_1_237' title='bbox 1523 2580 1688 2637; x_wconf 87' lang='lat' dir='ltr'>monasterii</span> <span class='ocrx_word' id='word_1_238' title='bbox 1712 2586 1742 2636; x_wconf 90' lang='lat' dir='ltr'>et</span> <span class='ocrx_word' id='word_1_239' title='bbox 1764 2578 1913 2651; x_wconf 86' lang='lat' dir='ltr'>hospitalis</span> <span class='ocrx_word' id='word_1_240' title='bbox 1933 2578 1963 2635; x_wconf 94' lang='lat' dir='ltr'>iu</span> <span class='ocrx_word' id='word_1_241' title='bbox 2053 2631 2059 2638; x_wconf 93' lang='lat'>.</span> 
     </span>
    </p>
   </div>
   <div class='ocr_carea' id='block_1_8' title="bbox 1292 2667 1843 2742">
    <p class='ocr_par' dir='ltr' id='par_1_8' title="bbox 1292 2667 1843 2742">
     <span class='ocr_line' id='line_1_35' title="bbox 1292 2667 1843 2742; baseline -0.004 -16"><span class='ocrx_word' id='word_1_242' title='bbox 1292 2669 1397 2742; x_wconf 79' lang='lat' dir='ltr'>Steyga</span> <span class='ocrx_word' id='word_1_243' title='bbox 1412 2667 1466 2725; x_wconf 81' lang='lat' dir='ltr'>sub</span> <span class='ocrx_word' id='word_1_244' title='bbox 1479 2683 1530 2724; x_wconf 88' lang='lat' dir='ltr'>sua</span> <span class='ocrx_word' id='word_1_245' title='bbox 1546 2668 1647 2741; x_wconf 85' lang='lat' dir='ltr'>recipit</span> <span class='ocrx_word' id='word_1_246' title='bbox 1659 2669 1843 2740; x_wconf 88' lang='lat' dir='ltr'>protectione.</span> 
     </span>
    </p>
   </div>
   <div class='ocr_carea' id='block_1_9' title="bbox 1169 2795 1963 3150">
    <p class='ocr_par' dir='ltr' id='par_1_9' title="bbox 1169 2795 1963 3150">
     <span class='ocr_line' id='line_1_36' title="bbox 1210 2795 1962 2872; baseline -0.004 -14"><span class='ocrx_word' id='word_1_247' title='bbox 1210 2795 1376 2858; x_wconf 88' lang='lat' dir='ltr'>Honorius</span> <span class='ocrx_word' id='word_1_248' title='bbox 1387 2795 1572 2872; x_wconf 80' lang='lat' dir='ltr'>episcopua,</span> <span class='ocrx_word' id='word_1_249' title='bbox 1583 2795 1962 2867; x_wconf 83' lang='lat' dir='ltr'>serrasservorumbei,</span> 
     </span>
     <span class='ocr_line' id='line_1_37' title="bbox 1169 2891 1963 2970; baseline -0.004 -15"><span class='ocrx_word' id='word_1_250' title='bbox 1169 2893 1299 2955; x_wconf 90' lang='lat' dir='ltr'>dilectis</span> <span class='ocrx_word' id='word_1_251' title='bbox 1324 2892 1413 2964; x_wconf 89' lang='lat' dir='ltr'>filiis,</span> <span class='ocrx_word' id='word_1_252' title='bbox 1440 2892 1544 2970; x_wconf 89' lang='lat' dir='ltr'>priori</span> <span class='ocrx_word' id='word_1_253' title='bbox 1559 2895 1592 2954; x_wconf 91' lang='lat' dir='ltr'>et</span> <span class='ocrx_word' id='word_1_254' title='bbox 1607 2891 1765 2954; x_wconf 89' lang='lat' dir='ltr'>tratribus</span> <span class='ocrx_word' id='word_1_255' title='bbox 1786 2891 1963 2969; x_wconf 86' lang='lat' dir='ltr'>hospitalis</span> 
     </span>
     <span class='ocr_line' id='line_1_38' title="bbox 1169 2989 1963 3067; baseline -0.001 -16"><span class='ocrx_word' id='word_1_256' title='bbox 1169 2991 1204 3052; x_wconf 90' lang='lat' dir='ltr'>in</span> <span class='ocrx_word' id='word_1_257' title='bbox 1218 2993 1349 3067; x_wconf 85' lang='lat' dir='ltr'>Steyga‚</span> <span class='ocrx_word' id='word_1_258' title='bbox 1367 2991 1508 3052; x_wconf 91' lang='lat' dir='ltr'>salutem</span> <span class='ocrx_word' id='word_1_259' title='bbox 1523 2993 1556 3052; x_wconf 92' lang='lat' dir='ltr'>et</span> <span class='ocrx_word' id='word_1_260' title='bbox 1569 2989 1786 3066; x_wconf 88' lang='lat' dir='ltr'>apostolicam</span> <span class='ocrx_word' id='word_1_261' title='bbox 1800 2989 1963 3050; x_wconf 89' lang='lat' dir='ltr'>benedic-</span> 
     </span>
     <span class='ocr_line' id='line_1_39' title="bbox 1169 3088 1304 3150; baseline -0.015 -1"><span class='ocrx_word' id='word_1_262' title='bbox 1169 3088 1304 3150; x_wconf 90' lang='lat' dir='ltr'>tionem.</span> 
     </span>
    </p>
   </div>
   <div class='ocr_carea' id='block_1_10' title="bbox 322 3177 1964 3464">
    <p class='ocr_par' dir='ltr' id='par_1_10' title="bbox 322 3177 1964 3464">
     <span class='ocr_line' id='line_1_40' title="bbox 322 3177 1964 3272; baseline -0.005 -18"><span class='ocrx_word' id='word_1_263' title='bbox 322 3193 528 3272; x_wconf 89' lang='lat' dir='ltr'>imperatrici</span> <span class='ocrx_word' id='word_1_264' title='bbox 538 3191 656 3268; x_wconf 80' lang='lat' dir='ltr'>negari</span> <span class='ocrx_word' id='word_1_265' title='bbox 664 3191 841 3269; x_wconf 88' lang='lat' dir='ltr'>justitiam,</span> <span class='ocrx_word' id='word_1_266' title='bbox 858 3205 931 3267; x_wconf 83' lang='lat' dir='ltr'>quae</span> <span class='ocrx_word' id='word_1_267' title='bbox 944 3189 1117 3252; x_wconf 84' lang='lat' dir='ltr'>bumilita·</span> <span class='ocrx_word' id='word_1_268' title='bbox 1210 3185 1429 3247; x_wconf 80' lang='lat' dir='ltr'>Sacrnsancta</span> <span class='ocrx_word' id='word_1_269' title='bbox 1444 3187 1591 3246; x_wconf 83' lang='lat' dir='ltr'>Romana</span> <span class='ocrx_word' id='word_1_270' title='bbox 1608 3184 1756 3246; x_wconf 83' lang='lat' dir='ltr'>Ecclesia</span> <span class='ocrx_word' id='word_1_271' title='bbox 1779 3177 1913 3246; x_wconf 85' lang='lat' dir='ltr'>devotos</span> <span class='ocrx_word' id='word_1_272' title='bbox 1929 3185 1964 3245; x_wconf 89' lang='lat' dir='ltr'>et</span> 
     </span>
     <span class='ocr_line' id='line_1_41' title="bbox 322 3280 1962 3368; baseline -0.007 -15"><span class='ocrx_word' id='word_1_273' title='bbox 322 3296 390 3353; x_wconf 90' lang='lat' dir='ltr'>tem</span> <span class='ocrx_word' id='word_1_274' title='bbox 411 3291 566 3368; x_wconf 82' lang='lat' dir='ltr'>potentiae</span> <span class='ocrx_word' id='word_1_275' title='bbox 595 3287 788 3367; x_wconf 87' lang='lat' dir='ltr'>praeferens,</span> <span class='ocrx_word' id='word_1_276' title='bbox 818 3304 882 3350; x_wconf 91' lang='lat' dir='ltr'>non</span> <span class='ocrx_word' id='word_1_277' title='bbox 910 3286 1113 3359; x_wconf 90' lang='lat' dir='ltr'>fortitudine,</span> <span class='ocrx_word' id='word_1_278' title='bbox 1170 3283 1312 3345; x_wconf 86' lang='lat' dir='ltr'>humiles</span> <span class='ocrx_word' id='word_1_279' title='bbox 1337 3281 1422 3342; x_wconf 88' lang='lat' dir='ltr'>illios</span> <span class='ocrx_word' id='word_1_280' title='bbox 1451 3297 1493 3343; x_wconf 84' lang='lat' dir='ltr'>ex</span> <span class='ocrx_word' id='word_1_281' title='bbox 1520 3283 1661 3344; x_wconf 81' lang='lat' dir='ltr'>assuetae</span> <span class='ocrx_word' id='word_1_282' title='bbox 1693 3282 1826 3359; x_wconf 89' lang='lat' dir='ltr'>pietatis</span> <span class='ocrx_word' id='word_1_283' title='bbox 1852 3280 1962 3343; x_wconf 85' lang='lat' dir='ltr'>officio</span> 
     </span>
     <span class='ocr_line' id='line_1_42' title="bbox 324 3378 1964 3464; baseline -0.006 -15"><span class='ocrx_word' id='word_1_284' title='bbox 324 3389 381 3450; x_wconf 89' lang='lat' dir='ltr'>sed</span> <span class='ocrx_word' id='word_1_285' title='bbox 395 3387 525 3450; x_wconf 89' lang='lat' dir='ltr'>ratione</span> <span class='ocrx_word' id='word_1_286' title='bbox 535 3387 756 3464; x_wconf 87' lang='lat' dir='ltr'>prosequitur,</span> <span class='ocrx_word' id='word_1_287' title='bbox 770 3383 856 3463; x_wconf 86' lang='lat' dir='ltr'>quod</span> <span class='ocrx_word' id='word_1_288' title='bbox 872 3384 1014 3447; x_wconf 87' lang='lat' dir='ltr'>intendit</span> <span class='ocrx_word' id='word_1_289' title='bbox 1030 3405 1037 3444; x_wconf 92' lang='lat'><strong>:</strong></span> <span class='ocrx_word' id='word_1_290' title='bbox 1052 3383 1116 3446; x_wconf 89' lang='lat' dir='ltr'>fra·</span> <span class='ocrx_word' id='word_1_291' title='bbox 1170 3381 1365 3458; x_wconf 88' lang='lat' dir='ltr'>propensius</span> <span class='ocrx_word' id='word_1_292' title='bbox 1379 3379 1517 3455; x_wconf 79' lang='lat' dir='ltr'>diligere</span> <span class='ocrx_word' id='word_1_293' title='bbox 1532 3378 1714 3450; x_wconf 85' lang='lat' dir='ltr'>consuevit,</span> <span class='ocrx_word' id='word_1_294' title='bbox 1731 3380 1764 3441; x_wconf 91' lang='lat' dir='ltr'>et</span> <span class='ocrx_word' id='word_1_295' title='bbox 1778 3394 1819 3440; x_wconf 92' lang='lat' dir='ltr'>ne</span> <span class='ocrx_word' id='word_1_296' title='bbox 1841 3393 1964 3456; x_wconf 86' lang='lat' dir='ltr'>pravo-</span> 
     </span>
    </p>
   </div>
   <div class='ocr_carea' id='block_1_11' title="bbox 322 3476 1965 3948">
    <p class='ocr_par' dir='ltr' id='par_1_11' title="bbox 322 3476 1965 3948">
     <span class='ocr_line' id='line_1_43' title="bbox 325 3476 1965 3561; baseline -0.007 -13"><span class='ocrx_word' id='word_1_297' title='bbox 325 3485 473 3548; x_wconf 90' lang='lat' dir='ltr'>ternitati</span> <span class='ocrx_word' id='word_1_298' title='bbox 483 3488 603 3548; x_wconf 78' lang='lat' dir='ltr'>restrae</span> <span class='ocrx_word' id='word_1_299' title='bbox 617 3483 874 3561; x_wconf 78' lang='lat' dir='ltr'>parapostolica</span> <span class='ocrx_word' id='word_1_300' title='bbox 889 3483 1011 3560; x_wconf 88' lang='lat' dir='ltr'>scripta</span> <span class='ocrx_word' id='word_1_301' title='bbox 1026 3498 1116 3545; x_wconf 89' lang='lat' dir='ltr'>man·</span> <span class='ocrx_word' id='word_1_302' title='bbox 1170 3495 1244 3541; x_wconf 92' lang='lat' dir='ltr'>rum</span> <span class='ocrx_word' id='word_1_303' title='bbox 1260 3478 1430 3539; x_wconf 86' lang='lat' dir='ltr'>hominurn</span> <span class='ocrx_word' id='word_1_304' title='bbox 1443 3476 1603 3538; x_wconf 88' lang='lat' dir='ltr'>molestiis</span> <span class='ocrx_word' id='word_1_305' title='bbox 1620 3476 1799 3552; x_wconf 85' lang='lat' dir='ltr'>agitentur,</span> <span class='ocrx_word' id='word_1_306' title='bbox 1816 3491 1873 3538; x_wconf 90' lang='lat' dir='ltr'>eos</span> <span class='ocrx_word' id='word_1_307' title='bbox 1887 3479 1965 3538; x_wconf 87' lang='lat' dir='ltr'>tan·</span> 
     </span>
     <span class='ocr_line' id='line_1_44' title="bbox 323 3570 1964 3658; baseline -0.006 -14"><span class='ocrx_word' id='word_1_308' title='bbox 323 3582 451 3654; x_wconf 89' lang='lat' dir='ltr'>damus,</span> <span class='ocrx_word' id='word_1_309' title='bbox 468 3585 631 3658; x_wconf 83' lang='lat' dir='ltr'>quatenus</span> <span class='ocrx_word' id='word_1_310' title='bbox 651 3581 680 3642; x_wconf 89' lang='lat' dir='ltr'>si</span> <span class='ocrx_word' id='word_1_311' title='bbox 698 3580 805 3643; x_wconf 86' lang='lat' dir='ltr'>dictus</span> <span class='ocrx_word' id='word_1_312' title='bbox 825 3570 887 3641; x_wconf 83' lang='lat' dir='ltr'>rex</span> <span class='ocrx_word' id='word_1_313' title='bbox 901 3579 1115 3642; x_wconf 90' lang='lat' dir='ltr'>monitionem</span> <span class='ocrx_word' id='word_1_314' title='bbox 1171 3593 1269 3654; x_wconf 88' lang='lat' dir='ltr'>quam</span> <span class='ocrx_word' id='word_1_315' title='bbox 1282 3576 1336 3653; x_wconf 93' lang='lat' dir='ltr'>pia</span> <span class='ocrx_word' id='word_1_316' title='bbox 1350 3575 1456 3636; x_wconf 90' lang='lat' dir='ltr'>mater</span> <span class='ocrx_word' id='word_1_317' title='bbox 1468 3589 1537 3636; x_wconf 83' lang='lat' dir='ltr'>suae</span> <span class='ocrx_word' id='word_1_318' title='bbox 1553 3574 1768 3651; x_wconf 89' lang='lat' dir='ltr'>protectionis</span> <span class='ocrx_word' id='word_1_319' title='bbox 1779 3573 1964 3636; x_wconf 89' lang='lat' dir='ltr'>munimine</span> 
     </span>
     <span class='ocr_line' id='line_1_45' title="bbox 323 3667 1963 3754; baseline -0.009 -11"><span class='ocrx_word' id='word_1_320' title='bbox 323 3681 472 3743; x_wconf 90' lang='lat' dir='ltr'>nostram</span> <span class='ocrx_word' id='word_1_321' title='bbox 486 3678 671 3754; x_wconf 79' lang='lat' dir='ltr'>neglexerit</span> <span class='ocrx_word' id='word_1_322' title='bbox 686 3677 880 3754; x_wconf 89' lang='lat' dir='ltr'>adimplere,</span> <span class='ocrx_word' id='word_1_323' title='bbox 904 3691 963 3738; x_wconf 79' lang='lat' dir='ltr'>ros</span> <span class='ocrx_word' id='word_1_324' title='bbox 984 3691 1060 3738; x_wconf 91' lang='lat' dir='ltr'>eum</span> <span class='ocrx_word' id='word_1_325' title='bbox 1075 3677 1115 3738; x_wconf 88' lang='lat' dir='ltr'>ad</span> <span class='ocrx_word' id='word_1_326' title='bbox 1171 3670 1358 3734; x_wconf 84' lang='lat' dir='ltr'>confovere.</span> <span class='ocrx_word' id='word_1_327' title='bbox 1388 3669 1579 3746; x_wconf 77' lang='lat' dir='ltr'>iiapropier,</span> <span class='ocrx_word' id='word_1_328' title='bbox 1619 3669 1730 3731; x_wconf 92' lang='lat' dir='ltr'>dilecti</span> <span class='ocrx_word' id='word_1_329' title='bbox 1759 3667 1794 3728; x_wconf 95' lang='lat' dir='ltr'>in</span> <span class='ocrx_word' id='word_1_330' title='bbox 1824 3667 1963 3729; x_wconf 85' lang='lat' dir='ltr'>Domino</span> 
     </span>
     <span class='ocr_line' id='line_1_46' title="bbox 323 3764 1962 3852; baseline -0.009 -13"><span class='ocrx_word' id='word_1_331' title='bbox 323 3777 355 3840; x_wconf 92' lang='lat' dir='ltr'>id</span> <span class='ocrx_word' id='word_1_332' title='bbox 376 3775 595 3848; x_wconf 88' lang='lat' dir='ltr'>districtione,</span> <span class='ocrx_word' id='word_1_333' title='bbox 618 3789 684 3852; x_wconf 84' lang='lat' dir='ltr'>qua</span> <span class='ocrx_word' id='word_1_334' title='bbox 710 3773 876 3846; x_wconf 85' lang='lat' dir='ltr'>convenit,</span> <span class='ocrx_word' id='word_1_335' title='bbox 894 3773 1116 3850; x_wconf 83' lang='lat' dir='ltr'>appellatione</span> <span class='ocrx_word' id='word_1_336' title='bbox 1172 3768 1243 3839; x_wconf 85' lang='lat' dir='ltr'>ulii,</span> <span class='ocrx_word' id='word_1_337' title='bbox 1259 3767 1381 3830; x_wconf 86' lang='lat' dir='ltr'>vestris</span> <span class='ocrx_word' id='word_1_338' title='bbox 1400 3766 1501 3843; x_wconf 78' lang='lat' dir='ltr'>iustis</span> <span class='ocrx_word' id='word_1_339' title='bbox 1525 3764 1678 3842; x_wconf 88' lang='lat' dir='ltr'>precibus</span> <span class='ocrx_word' id='word_1_340' title='bbox 1699 3766 1794 3841; x_wconf 78' lang='lat' dir='ltr'>grato</span> <span class='ocrx_word' id='word_1_341' title='bbox 1818 3781 1962 3826; x_wconf 90' lang='lat' dir='ltr'>concur-</span> 
     </span>
     <span class='ocr_line' id='line_1_47' title="bbox 322 3861 1962 3948; baseline -0.009 -11"><span class='ocrx_word' id='word_1_342' title='bbox 322 3876 459 3946; x_wconf 90' lang='lat' dir='ltr'>remota,</span> <span class='ocrx_word' id='word_1_343' title='bbox 474 3873 613 3935; x_wconf 87' lang='lat' dir='ltr'>veritate</span> <span class='ocrx_word' id='word_1_344' title='bbox 626 3873 750 3948; x_wconf 84' lang='lat' dir='ltr'>agnita,</span> <span class='ocrx_word' id='word_1_345' title='bbox 774 3871 990 3948; x_wconf 90' lang='lat' dir='ltr'>compellatis.</span> <span class='ocrx_word' id='word_1_346' title='bbox 1004 3873 1117 3932; x_wconf 87' lang='lat' dir='ltr'>Testes</span> <span class='ocrx_word' id='word_1_347' title='bbox 1171 3867 1282 3927; x_wconf 87' lang='lat' dir='ltr'>rentes</span> <span class='ocrx_word' id='word_1_348' title='bbox 1297 3880 1447 3931; x_wconf 88' lang='lat' dir='ltr'>assensn,</span> <span class='ocrx_word' id='word_1_349' title='bbox 1467 3879 1627 3940; x_wconf 88' lang='lat' dir='ltr'>personas</span> <span class='ocrx_word' id='word_1_350' title='bbox 1650 3864 1779 3925; x_wconf 88' lang='lat' dir='ltr'>vestras</span> <span class='ocrx_word' id='word_1_351' title='bbox 1795 3863 1828 3924; x_wconf 91' lang='lat' dir='ltr'>et</span> <span class='ocrx_word' id='word_1_352' title='bbox 1842 3861 1962 3935; x_wconf 91' lang='lat' dir='ltr'>locum,</span> 
     </span>
    </p>
   </div>
   <div class='ocr_carea' id='block_1_12' title="bbox 321 3969 1118 4242">
    <p class='ocr_par' dir='ltr' id='par_1_12' title="bbox 321 3969 1118 4242">
     <span class='ocr_line' id='line_1_48' title="bbox 322 3969 956 4048; baseline -0.009 -14"><span class='ocrx_word' id='word_1_353' title='bbox 322 3974 445 4041; x_wconf 84' lang='lat' dir='ltr'>autem,</span> <span class='ocrx_word' id='word_1_354' title='bbox 461 3974 523 4033; x_wconf 89' lang='lat' dir='ltr'>etc.</span> <span class='ocrx_word' id='word_1_355' title='bbox 536 3971 627 4043; x_wconf 88' lang='lat' dir='ltr'>Quod</span> <span class='ocrx_word' id='word_1_356' title='bbox 639 3971 667 4031; x_wconf 89' lang='lat' dir='ltr'>si</span> <span class='ocrx_word' id='word_1_357' title='bbox 679 3985 744 4030; x_wconf 92' lang='lat' dir='ltr'>non</span> <span class='ocrx_word' id='word_1_358' title='bbox 755 3983 883 4048; x_wconf 84' lang='lat' dir='ltr'>omnes,</span> <span class='ocrx_word' id='word_1_359' title='bbox 894 3969 956 4030; x_wconf 88' lang='lat' dir='ltr'>etc.</span> 
     </span>
     <span class='ocr_line' id='line_1_49' title="bbox 361 4065 1118 4143; baseline -0.008 -11"><span class='ocrx_word' id='word_1_360' title='bbox 361 4072 480 4133; x_wconf 88' lang='lat' dir='ltr'>Datum</span> <span class='ocrx_word' id='word_1_361' title='bbox 505 4069 672 4139; x_wconf 85' lang='lat' dir='ltr'>Laterani,</span> <span class='ocrx_word' id='word_1_362' title='bbox 700 4067 798 4130; x_wconf 91' lang='lat' dir='ltr'>nonis</span> <span class='ocrx_word' id='word_1_363' title='bbox 821 4065 1016 4138; x_wconf 71' lang='lat' dir='ltr'>decembris</span> <span class='ocrx_word' id='word_1_364' title='bbox 1033 4081 1118 4143; x_wconf 92' lang='lat' dir='ltr'>pon·</span> 
     </span>
     <span class='ocr_line' id='line_1_50' title="bbox 321 4165 832 4242; baseline -0.008 -12"><span class='ocrx_word' id='word_1_365' title='bbox 321 4167 465 4230; x_wconf 88' lang='lat' dir='ltr'>iillcatus</span> <span class='ocrx_word' id='word_1_366' title='bbox 479 4167 584 4230; x_wconf 87' lang='lat' dir='ltr'>nostri</span> <span class='ocrx_word' id='word_1_367' title='bbox 599 4181 686 4228; x_wconf 91' lang='lat' dir='ltr'>anno</span> <span class='ocrx_word' id='word_1_368' title='bbox 705 4165 832 4242; x_wconf 85' lang='lat' dir='ltr'>quinte.</span> 
     </span>
    </p>
   </div>
   <div class='ocr_carea' id='block_1_13' title="bbox 652 4368 788 4457">
    <p class='ocr_par' dir='ltr' id='par_1_13' title="bbox 652 4368 788 4457">
     <span class='ocr_line' id='line_1_51' title="bbox 652 4368 788 4457; baseline -0.022 0"><span class='ocrx_word' id='word_1_369' title='bbox 652 4368 788 4457; x_wconf 84' lang='lat' dir='ltr'>CXXV</span> 
     </span>
    </p>
   </div>
   <div class='ocr_carea' id='block_1_14' title="bbox 362 4511 1076 4795">
    <p class='ocr_par' dir='ltr' id='par_1_14' title="bbox 362 4511 1076 4795">
     <span class='ocr_line' id='line_1_52' title="bbox 362 4511 1075 4586; baseline -0.008 -11"><span class='ocrx_word' id='word_1_370' title='bbox 362 4515 413 4575; x_wconf 83' lang='lat' dir='ltr'>Ad</span> <span class='ocrx_word' id='word_1_371' title='bbox 424 4511 632 4586; x_wconf 82' lang='lat' dir='ltr'>potestatem</span> <span class='ocrx_word' id='word_1_372' title='bbox 646 4512 679 4571; x_wconf 88' lang='lat' dir='ltr'>ei</span> <span class='ocrx_word' id='word_1_373' title='bbox 695 4514 860 4584; x_wconf 81' lang='lat' dir='ltr'>populum</span> <span class='ocrx_word' id='word_1_374' title='bbox 878 4511 1075 4570; x_wconf 67' lang='lat' dir='ltr'>firmanos</span> 
     </span>
     <span class='ocr_line' id='line_1_53' title="bbox 619 4621 818 4680; baseline -0.015 0"><span class='ocrx_word' id='word_1_375' title='bbox 619 4625 634 4680; x_wconf 89' lang='grc'><strong>7</strong></span> <span class='ocrx_word' id='word_1_376' title='bbox 654 4621 717 4680; x_wconf 91' lang='lat' dir='ltr'>dec.</span> <span class='ocrx_word' id='word_1_377' title='bbox 739 4621 818 4679; x_wconf 69' lang='lat' dir='ltr'>ltro.</span> 
     </span>
     <span class='ocr_line' id='line_1_54' title="bbox 364 4725 1076 4795; baseline -0.013 -11"><span class='ocrx_word' id='word_1_378' title='bbox 364 4731 491 4795; x_wconf 63' lang='lat' dir='ltr'>[Thalnae</span> <span class='ocrx_word' id='word_1_379' title='bbox 509 4727 593 4782; x_wconf 84' lang='lat' dir='ltr'>Codex</span> <span class='ocrx_word' id='word_1_380' title='bbox 605 4729 669 4793; x_wconf 91' lang='lat' dir='ltr'>dipl.</span> <span class='ocrx_word' id='word_1_381' title='bbox 685 4727 794 4778; x_wconf 80' lang='lat' dir='ltr'>dominii</span> <span class='ocrx_word' id='word_1_382' title='bbox 806 4733 894 4793; x_wconf 69' lang='lat' dir='ltr'>temp„</span> <span class='ocrx_word' id='word_1_383' title='bbox 905 4727 924 4786; x_wconf 96' lang='lat' dir='ltr'>l,</span> <span class='ocrx_word' id='word_1_384' title='bbox 937 4726 977 4786; x_wconf 79' lang='lat' dir='ltr'>fl,</span> <span class='ocrx_word' id='word_1_385' title='bbox 988 4739 1014 4776; x_wconf 90' lang='lat' dir='ltr'>n.</span> <span class='ocrx_word' id='word_1_386' title='bbox 1024 4725 1076 4790; x_wconf 72' lang='lat' dir='ltr'>dli]</span> 
     </span>
    </p>
   </div>
   <div class='ocr_carea' id='block_1_15' title="bbox 321 4833 1115 4998">
    <p class='ocr_par' dir='ltr' id='par_1_15' title="bbox 321 4833 1115 4998">
     <span class='ocr_line' id='line_1_55' title="bbox 321 4833 1115 4911; baseline -0.014 -11"><span class='ocrx_word' id='word_1_387' title='bbox 321 4841 358 4900; x_wconf 88' lang='lat' dir='ltr'>Ut</span> <span class='ocrx_word' id='word_1_388' title='bbox 371 4847 516 4898; x_wconf 85' lang='lat' dir='ltr'>monetam</span> <span class='ocrx_word' id='word_1_389' title='bbox 531 4838 675 4911; x_wconf 91' lang='lat' dir='ltr'>propriam</span> <span class='ocrx_word' id='word_1_390' title='bbox 696 4838 766 4894; x_wconf 89' lang='lat' dir='ltr'>citra</span> <span class='ocrx_word' id='word_1_391' title='bbox 782 4836 908 4894; x_wconf 88' lang='lat' dir='ltr'>valorem</span> <span class='ocrx_word' id='word_1_392' title='bbox 925 4833 1115 4909; x_wconf 87' lang='lat' dir='ltr'>imperialium</span> 
     </span>
     <span class='ocr_line' id='line_1_56' title="bbox 598 4925 941 4998; baseline -0.012 -14"><span class='ocrx_word' id='word_1_393' title='bbox 598 4925 702 4984; x_wconf 89' lang='lat' dir='ltr'>cudere</span> <span class='ocrx_word' id='word_1_394' title='bbox 718 4925 837 4998; x_wconf 88' lang='lat' dir='ltr'>possint.</span> <span class='ocrx_word' id='word_1_395' title='bbox 939 4941 941 4948; x_wconf 61' lang='lat'><strong>⁴</strong></span> 
     </span>
    </p>
   </div>
   <div class='ocr_carea' id='block_1_16' title="bbox 317 5037 1116 5804">
    <p class='ocr_par' dir='ltr' id='par_1_16' title="bbox 318 5037 1115 5316">
     <span class='ocr_line' id='line_1_57' title="bbox 361 5037 1114 5120; baseline -0.013 -13"><span class='ocrx_word' id='word_1_396' title='bbox 361 5037 1114 5120; x_wconf 79' lang='lat' dir='ltr'>Honoriusepiscopus,servasserrorumbei,</span> 
     </span>
     <span class='ocr_line' id='line_1_58' title="bbox 320 5137 1115 5218; baseline -0.014 -12"><span class='ocrx_word' id='word_1_397' title='bbox 320 5143 450 5206; x_wconf 90' lang='lat' dir='ltr'>dilectis</span> <span class='ocrx_word' id='word_1_398' title='bbox 463 5141 579 5202; x_wconf 87' lang='lat' dir='ltr'>tiliis...</span> <span class='ocrx_word' id='word_1_399' title='bbox 595 5139 750 5218; x_wconf 88' lang='lat' dir='ltr'>potestati</span> <span class='ocrx_word' id='word_1_400' title='bbox 762 5142 794 5202; x_wconf 93' lang='lat' dir='ltr'>et</span> <span class='ocrx_word' id='word_1_401' title='bbox 808 5139 928 5217; x_wconf 90' lang='lat' dir='ltr'>populo</span> <span class='ocrx_word' id='word_1_402' title='bbox 938 5137 1115 5208; x_wconf 77' lang='lat' dir='ltr'>Firmanis,</span> 
     </span>
     <span class='ocr_line' id='line_1_59' title="bbox 318 5236 1029 5316; baseline -0.015 -12"><span class='ocrx_word' id='word_1_403' title='bbox 318 5243 460 5305; x_wconf 88' lang='lat' dir='ltr'>salutem</span> <span class='ocrx_word' id='word_1_404' title='bbox 476 5239 508 5300; x_wconf 91' lang='lat' dir='ltr'>et</span> <span class='ocrx_word' id='word_1_405' title='bbox 522 5238 739 5316; x_wconf 88' lang='lat' dir='ltr'>apostolicam</span> <span class='ocrx_word' id='word_1_406' title='bbox 753 5236 1029 5298; x_wconf 88' lang='lat' dir='ltr'>benedictionem.</span> 
     </span>
    </p>

    <p class='ocr_par' dir='ltr' id='par_1_17' title="bbox 317 5331 1116 5804">
     <span class='ocr_line' id='line_1_60' title="bbox 358 5331 1116 5422; baseline -0.013 -20"><span class='ocrx_word' id='word_1_407' title='bbox 358 5340 479 5402; x_wconf 81' lang='lat' dir='ltr'>Firmae</span> <span class='ocrx_word' id='word_1_408' title='bbox 490 5337 567 5398; x_wconf 88' lang='lat' dir='ltr'>lidei</span> <span class='ocrx_word' id='word_1_409' title='bbox 580 5337 613 5400; x_wconf 90' lang='lat' dir='ltr'>et</span> <span class='ocrx_word' id='word_1_410' title='bbox 622 5353 736 5422; x_wconf 77' lang='lat' dir='ltr'>prouae</span> <span class='ocrx_word' id='word_1_411' title='bbox 749 5333 935 5396; x_wconf 86' lang='lat' dir='ltr'>devotionis</span> <span class='ocrx_word' id='word_1_412' title='bbox 947 5331 1116 5409; x_wconf 90' lang='lat' dir='ltr'>promptus</span> 
     </span>
     <span class='ocr_line' id='line_1_61' title="bbox 317 5428 1115 5513; baseline -0.016 -13"><span class='ocrx_word' id='word_1_413' title='bbox 317 5439 468 5510; x_wconf 81' lang='lat' dir='ltr'>affectus,</span> <span class='ocrx_word' id='word_1_414' title='bbox 496 5451 592 5513; x_wconf 84' lang='lat' dir='ltr'>quem</span> <span class='ocrx_word' id='word_1_415' title='bbox 632 5449 711 5510; x_wconf 82' lang='lat' dir='ltr'>erga</span> <span class='ocrx_word' id='word_1_416' title='bbox 745 5433 861 5494; x_wconf 88' lang='lat' dir='ltr'>Sedem</span> <span class='ocrx_word' id='word_1_417' title='bbox 893 5428 1115 5506; x_wconf 81' lang='lat' dir='ltr'>Apostolicam</span> 
     </span>
     <span class='ocr_line' id='line_1_62' title="bbox 318 5523 1116 5613; baseline -0.014 -16"><span class='ocrx_word' id='word_1_418' title='bbox 318 5534 470 5613; x_wconf 82' lang='lat' dir='ltr'>gessistis</span> <span class='ocrx_word' id='word_1_419' title='bbox 483 5535 516 5594; x_wconf 87' lang='lat' dir='ltr'>at</span> <span class='ocrx_word' id='word_1_420' title='bbox 526 5531 642 5608; x_wconf 82' lang='lat' dir='ltr'>geritis</span> <span class='ocrx_word' id='word_1_421' title='bbox 656 5523 972 5604; x_wconf 89' lang='lat' dir='ltr'>incessanter,.apud</span> <span class='ocrx_word' id='word_1_422' title='bbox 984 5541 1044 5586; x_wconf 90' lang='lat' dir='ltr'>nos</span> <span class='ocrx_word' id='word_1_423' title='bbox 1056 5540 1116 5602; x_wconf 88' lang='lat' dir='ltr'>pro</span> 
     </span>
     <span class='ocr_line' id='line_1_63' title="bbox 318 5622 1115 5696; baseline -0.016 -1"><span class='ocrx_word' id='word_1_424' title='bbox 318 5633 412 5695; x_wconf 84' lang='lat' dir='ltr'>vobis</span> <span class='ocrx_word' id='word_1_425' title='bbox 440 5629 622 5692; x_wconf 77' lang='lat' dir='ltr'>efficaciter</span> <span class='ocrx_word' id='word_1_426' title='bbox 655 5626 851 5696; x_wconf 88' lang='lat' dir='ltr'>intercedit,</span> <span class='ocrx_word' id='word_1_427' title='bbox 885 5622 1115 5686; x_wconf 81' lang='lat' dir='ltr'>uicinitatem</span> 
     </span>
     <span class='ocr_line' id='line_1_64' title="bbox 318 5720 1116 5804; baseline -0.016 -10"><span class='ocrx_word' id='word_1_428' title='bbox 318 5732 461 5794; x_wconf 83' lang='lat' dir='ltr'>vestram</span> <span class='ocrx_word' id='word_1_429' title='bbox 478 5725 614 5804; x_wconf 90' lang='lat' dir='ltr'>speciali</span> <span class='ocrx_word' id='word_1_430' title='bbox 635 5723 856 5802; x_wconf 83' lang='lat' dir='ltr'>praerogativa</span> <span class='ocrx_word' id='word_1_431' title='bbox 877 5720 1066 5784; x_wconf 89' lang='lat' dir='ltr'>dilectionis</span> <span class='ocrx_word' id='word_1_432' title='bbox 1084 5723 1116 5781; x_wconf 91' lang='lat' dir='ltr'>et</span> 
     </span>
    </p>
   </div>
   <div class='ocr_carea' id='block_1_17' title="bbox 1170 3959 1968 5795">
    <p class='ocr_par' dir='ltr' id='par_1_18' title="bbox 1170 3959 1968 5795">
     <span class='ocr_line' id='line_1_65' title="bbox 1172 3959 1963 4040; baseline -0.004 -16"><span class='ocrx_word' id='word_1_433' title='bbox 1172 3965 1206 4024; x_wconf 92' lang='lat' dir='ltr'>in</span> <span class='ocrx_word' id='word_1_434' title='bbox 1222 3979 1285 4040; x_wconf 91' lang='lat' dir='ltr'>quo</span> <span class='ocrx_word' id='word_1_435' title='bbox 1294 3961 1406 4022; x_wconf 87' lang='lat' dir='ltr'>divino</span> <span class='ocrx_word' id='word_1_436' title='bbox 1419 3961 1498 4022; x_wconf 88' lang='lat' dir='ltr'>estis</span> <span class='ocrx_word' id='word_1_437' title='bbox 1509 3960 1666 4036; x_wconf 87' lang='lat' dir='ltr'>obsequio</span> <span class='ocrx_word' id='word_1_438' title='bbox 1679 3959 1871 4036; x_wconf 89' lang='lat' dir='ltr'>mancipati,</span> <span class='ocrx_word' id='word_1_439' title='bbox 1888 3977 1963 4023; x_wconf 92' lang='lat' dir='ltr'>cum</span> 
     </span>
     <span class='ocr_line' id='line_1_66' title="bbox 1172 4056 1966 4134; baseline -0.003 -13"><span class='ocrx_word' id='word_1_440' title='bbox 1172 4061 1268 4122; x_wconf 89' lang='lat' dir='ltr'>bonis</span> <span class='ocrx_word' id='word_1_441' title='bbox 1285 4058 1446 4129; x_wconf 89' lang='lat' dir='ltr'>omnibus,</span> <span class='ocrx_word' id='word_1_442' title='bbox 1473 4057 1603 4134; x_wconf 80' lang='lat' dir='ltr'>quaein</span> <span class='ocrx_word' id='word_1_443' title='bbox 1624 4056 1879 4134; x_wconf 86' lang='lat' dir='ltr'>praesentiarum</span> <span class='ocrx_word' id='word_1_444' title='bbox 1908 4073 1966 4119; x_wconf 91' lang='lat' dir='ltr'>ra·</span> 
     </span>
     <span class='ocr_line' id='line_1_67' title="bbox 1172 4153 1963 4232; baseline -0.006 -13"><span class='ocrx_word' id='word_1_445' title='bbox 1172 4157 1377 4220; x_wconf 89' lang='lat' dir='ltr'>tionabillter</span> <span class='ocrx_word' id='word_1_446' title='bbox 1393 4155 1547 4232; x_wconf 90' lang='lat' dir='ltr'>possidet,</span> <span class='ocrx_word' id='word_1_447' title='bbox 1563 4155 1620 4215; x_wconf 87' lang='lat' dir='ltr'>aut</span> <span class='ocrx_word' id='word_1_448' title='bbox 1642 4154 1676 4214; x_wconf 92' lang='lat' dir='ltr'>in</span> <span class='ocrx_word' id='word_1_449' title='bbox 1697 4153 1855 4228; x_wconf 88' lang='lat' dir='ltr'>futurum,</span> <span class='ocrx_word' id='word_1_450' title='bbox 1873 4171 1963 4232; x_wconf 89' lang='lat' dir='ltr'>prae-</span> 
     </span>
     <span class='ocr_line' id='line_1_68' title="bbox 1172 4248 1963 4330; baseline -0.006 -14"><span class='ocrx_word' id='word_1_451' title='bbox 1172 4256 1279 4317; x_wconf 89' lang='lat' dir='ltr'>stante</span> <span class='ocrx_word' id='word_1_452' title='bbox 1308 4253 1458 4324; x_wconf 88' lang='lat' dir='ltr'>Domin0,</span> <span class='ocrx_word' id='word_1_453' title='bbox 1480 4251 1580 4330; x_wconf 87' lang='lat' dir='ltr'>justis</span> <span class='ocrx_word' id='word_1_454' title='bbox 1608 4248 1714 4313; x_wconf 92' lang='lat' dir='ltr'>modis</span> <span class='ocrx_word' id='word_1_455' title='bbox 1741 4253 1862 4329; x_wconf 92' lang='lat' dir='ltr'>poterit</span> <span class='ocrx_word' id='word_1_456' title='bbox 1886 4252 1963 4312; x_wconf 93' lang='lat' dir='ltr'>adi·</span> 
     </span>
     <span class='ocr_line' id='line_1_69' title="bbox 1172 4349 1964 4431; baseline -0.003 -19"><span class='ocrx_word' id='word_1_457' title='bbox 1172 4353 1273 4431; x_wconf 87' lang='lat' dir='ltr'>pisci,</span> <span class='ocrx_word' id='word_1_458' title='bbox 1299 4350 1360 4412; x_wconf 89' lang='lat' dir='ltr'>sub</span> <span class='ocrx_word' id='word_1_459' title='bbox 1386 4349 1474 4410; x_wconf 90' lang='lat' dir='ltr'>beati</span> <span class='ocrx_word' id='word_1_460' title='bbox 1503 4349 1592 4411; x_wconf 87' lang='lat' dir='ltr'>Petri</span> <span class='ocrx_word' id='word_1_461' title='bbox 1622 4351 1655 4411; x_wconf 90' lang='lat' dir='ltr'>et</span> <span class='ocrx_word' id='word_1_462' title='bbox 1683 4353 1798 4410; x_wconf 89' lang='lat' dir='ltr'>nostra</span> <span class='ocrx_word' id='word_1_463' title='bbox 1828 4351 1964 4428; x_wconf 89' lang='lat' dir='ltr'>protec-</span> 
     </span>
     <span class='ocr_line' id='line_1_70' title="bbox 1170 4446 1965 4525; baseline -0.009 -11"><span class='ocrx_word' id='word_1_464' title='bbox 1170 4451 1261 4514; x_wconf 90' lang='lat' dir='ltr'>tione</span> <span class='ocrx_word' id='word_1_465' title='bbox 1274 4449 1484 4525; x_wconf 90' lang='lat' dir='ltr'>suscipimus,</span> <span class='ocrx_word' id='word_1_466' title='bbox 1506 4446 1696 4524; x_wconf 88' lang='lat' dir='ltr'>specialiter</span> <span class='ocrx_word' id='word_1_467' title='bbox 1717 4449 1826 4508; x_wconf 90' lang='lat' dir='ltr'>autem</span> <span class='ocrx_word' id='word_1_468' title='bbox 1847 4446 1886 4508; x_wconf 90' lang='lat' dir='ltr'>de</span> <span class='ocrx_word' id='word_1_469' title='bbox 1900 4451 1965 4507; x_wconf 83' lang='lat' dir='ltr'>ltr-</span> 
     </span>
     <span class='ocr_line' id='line_1_71' title="bbox 1170 4543 1963 4624; baseline -0.006 -15"><span class='ocrx_word' id='word_1_470' title='bbox 1170 4549 1317 4624; x_wconf 78' lang='lat' dir='ltr'>gentina,</span> <span class='ocrx_word' id='word_1_471' title='bbox 1333 4547 1374 4607; x_wconf 93' lang='lat' dir='ltr'>de</span> <span class='ocrx_word' id='word_1_472' title='bbox 1387 4545 1516 4616; x_wconf 88' lang='lat' dir='ltr'>Marlei,</span> <span class='ocrx_word' id='word_1_473' title='bbox 1544 4544 1584 4605; x_wconf 92' lang='lat' dir='ltr'>de</span> <span class='ocrx_word' id='word_1_474' title='bbox 1606 4544 1787 4617; x_wconf 90' lang='lat' dir='ltr'>Kircbeim,</span> <span class='ocrx_word' id='word_1_475' title='bbox 1806 4543 1847 4606; x_wconf 92' lang='lat' dir='ltr'>de</span> <span class='ocrx_word' id='word_1_476' title='bbox 1863 4545 1963 4605; x_wconf 88' lang='lat' dir='ltr'>Wes-</span> 
     </span>
     <span class='ocr_line' id='line_1_72' title="bbox 1170 4640 1964 4716; baseline -0.008 -8"><span class='ocrx_word' id='word_1_477' title='bbox 1170 4647 1304 4716; x_wconf 78' lang='lat' dir='ltr'>thoren,</span> <span class='ocrx_word' id='word_1_478' title='bbox 1328 4643 1368 4704; x_wconf 89' lang='lat' dir='ltr'>de</span> <span class='ocrx_word' id='word_1_479' title='bbox 1393 4640 1632 4713; x_wconf 88' lang='lat' dir='ltr'>Wazelnbeim,</span> <span class='ocrx_word' id='word_1_480' title='bbox 1660 4641 1700 4702; x_wconf 92' lang='lat' dir='ltr'>de</span> <span class='ocrx_word' id='word_1_481' title='bbox 1724 4642 1904 4708; x_wconf 84' lang='lat' dir='ltr'>Grastelen,</span> <span class='ocrx_word' id='word_1_482' title='bbox 1923 4640 1964 4702; x_wconf 89' lang='lat' dir='ltr'>de</span> 
     </span>
     <span class='ocr_line' id='line_1_73' title="bbox 1170 4739 1965 4816; baseline -0.01 -10"><span class='ocrx_word' id='word_1_483' title='bbox 1170 4741 1287 4816; x_wconf 87' lang='lat' dir='ltr'>Altorf,</span> <span class='ocrx_word' id='word_1_484' title='bbox 1304 4742 1344 4802; x_wconf 90' lang='lat' dir='ltr'>de</span> <span class='ocrx_word' id='word_1_485' title='bbox 1359 4739 1512 4810; x_wconf 72' lang='lat' dir='ltr'>sarburc</span> <span class='ocrx_word' id='word_1_486' title='bbox 1530 4740 1571 4800; x_wconf 91' lang='lat' dir='ltr'>de</span> <span class='ocrx_word' id='word_1_487' title='bbox 1588 4739 1792 4812; x_wconf 87' lang='lat' dir='ltr'>Alleuwilre,</span> <span class='ocrx_word' id='word_1_488' title='bbox 1809 4739 1850 4800; x_wconf 93' lang='lat' dir='ltr'>de</span> <span class='ocrx_word' id='word_1_489' title='bbox 1872 4739 1965 4800; x_wconf 87' lang='lat' dir='ltr'>Mar-</span> 
     </span>
     <span class='ocr_line' id='line_1_74' title="bbox 1171 4836 1964 4914; baseline -0.008 -12"><span class='ocrx_word' id='word_1_490' title='bbox 1171 4842 1252 4912; x_wconf 92' lang='lat' dir='ltr'>sale,</span> <span class='ocrx_word' id='word_1_491' title='bbox 1264 4842 1304 4902; x_wconf 89' lang='lat' dir='ltr'>de</span> <span class='ocrx_word' id='word_1_492' title='bbox 1320 4839 1487 4901; x_wconf 85' lang='lat' dir='ltr'>Ostboven</span> <span class='ocrx_word' id='word_1_493' title='bbox 1505 4838 1732 4914; x_wconf 83' lang='lat' dir='ltr'>possessiones</span> <span class='ocrx_word' id='word_1_494' title='bbox 1746 4837 1863 4899; x_wconf 89' lang='lat' dir='ltr'>acatia</span> <span class='ocrx_word' id='word_1_495' title='bbox 1876 4836 1964 4898; x_wconf 90' lang='lat' dir='ltr'>bona</span> 
     </span>
     <span class='ocr_line' id='line_1_75' title="bbox 1170 4935 1967 5012; baseline -0.006 -13"><span class='ocrx_word' id='word_1_496' title='bbox 1170 4941 1291 5008; x_wconf 85' lang='lat' dir='ltr'>vestra,</span> <span class='ocrx_word' id='word_1_497' title='bbox 1309 4938 1394 4998; x_wconf 88' lang='lat' dir='ltr'>sicut</span> <span class='ocrx_word' id='word_1_498' title='bbox 1409 4951 1448 4996; x_wconf 91' lang='lat' dir='ltr'>ea</span> <span class='ocrx_word' id='word_1_499' title='bbox 1462 4935 1572 4996; x_wconf 88' lang='lat' dir='ltr'>omnia</span> <span class='ocrx_word' id='word_1_500' title='bbox 1584 4937 1673 5012; x_wconf 78' lang='lat' dir='ltr'>iuste</span> <span class='ocrx_word' id='word_1_501' title='bbox 1688 4951 1728 4996; x_wconf 89' lang='lat' dir='ltr'>ac</span> <span class='ocrx_word' id='word_1_502' title='bbox 1741 4935 1877 5010; x_wconf 83' lang='lat' dir='ltr'>pacifice</span> <span class='ocrx_word' id='word_1_503' title='bbox 1893 4949 1967 5012; x_wconf 82' lang='lat' dir='ltr'>pos·</span> 
     </span>
     <span class='ocr_line' id='line_1_76' title="bbox 1171 5031 1965 5110; baseline -0.006 -13"><span class='ocrx_word' id='word_1_504' title='bbox 1171 5035 1296 5108; x_wconf 89' lang='lat' dir='ltr'>sidetis,</span> <span class='ocrx_word' id='word_1_505' title='bbox 1325 5033 1419 5095; x_wconf 86' lang='lat' dir='ltr'>vobis</span> <span class='ocrx_word' id='word_1_506' title='bbox 1443 5035 1476 5094; x_wconf 90' lang='lat' dir='ltr'>et</span> <span class='ocrx_word' id='word_1_507' title='bbox 1501 5048 1559 5110; x_wconf 91' lang='lat' dir='ltr'>par</span> <span class='ocrx_word' id='word_1_508' title='bbox 1586 5049 1645 5094; x_wconf 82' lang='lat' dir='ltr'>vos</span> <span class='ocrx_word' id='word_1_509' title='bbox 1669 5031 1826 5108; x_wconf 87' lang='lat' dir='ltr'>hospitali</span> <span class='ocrx_word' id='word_1_510' title='bbox 1854 5033 1965 5094; x_wconf 82' lang='lat' dir='ltr'>restro</span> 
     </span>
     <span class='ocr_line' id='line_1_77' title="bbox 1171 5127 1968 5208; baseline -0.006 -14"><span class='ocrx_word' id='word_1_511' title='bbox 1171 5132 1368 5194; x_wconf 87' lang='lat' dir='ltr'>auctoritate</span> <span class='ocrx_word' id='word_1_512' title='bbox 1382 5127 1827 5208; x_wconf 82' lang='lat' dir='ltr'>Apostolicacouflrmamus,</span> <span class='ocrx_word' id='word_1_513' title='bbox 1842 5131 1875 5190; x_wconf 93' lang='lat' dir='ltr'>et</span> <span class='ocrx_word' id='word_1_514' title='bbox 1884 5145 1968 5206; x_wconf 89' lang='lat' dir='ltr'>prae·</span> 
     </span>
     <span class='ocr_line' id='line_1_78' title="bbox 1172 5225 1963 5304; baseline -0.005 -14"><span class='ocrx_word' id='word_1_515' title='bbox 1172 5229 1275 5291; x_wconf 89' lang='lat' dir='ltr'>seniis</span> <span class='ocrx_word' id='word_1_516' title='bbox 1320 5227 1435 5304; x_wconf 89' lang='lat' dir='ltr'>scripti</span> <span class='ocrx_word' id='word_1_517' title='bbox 1479 5225 1666 5303; x_wconf 85' lang='lat' dir='ltr'>patrocinio</span> <span class='ocrx_word' id='word_1_518' title='bbox 1710 5227 1963 5287; x_wconf 77' lang='lat' dir='ltr'>communimus</span> 
     </span>
     <span class='ocr_line' id='line_1_79' title="bbox 1171 5323 1966 5402; baseline -0.006 -13"><span class='ocrx_word' id='word_1_519' title='bbox 1171 5327 1263 5389; x_wconf 91' lang='lat' dir='ltr'>Nulli</span> <span class='ocrx_word' id='word_1_520' title='bbox 1285 5342 1364 5402; x_wconf 86' lang='lat' dir='ltr'>ergo</span> <span class='ocrx_word' id='word_1_521' title='bbox 1388 5325 1523 5386; x_wconf 89' lang='lat' dir='ltr'>omnino</span> <span class='ocrx_word' id='word_1_522' title='bbox 1550 5323 1721 5385; x_wconf 90' lang='lat' dir='ltr'>bominum</span> <span class='ocrx_word' id='word_1_523' title='bbox 1747 5323 1848 5384; x_wconf 90' lang='lat' dir='ltr'>liceat</span> <span class='ocrx_word' id='word_1_524' title='bbox 1878 5323 1966 5384; x_wconf 90' lang='lat' dir='ltr'>banc</span> 
     </span>
     <span class='ocr_line' id='line_1_80' title="bbox 1171 5420 1968 5501; baseline -0.006 -16"><span class='ocrx_word' id='word_1_525' title='bbox 1171 5424 1327 5501; x_wconf 82' lang='lat' dir='ltr'>paginam</span> <span class='ocrx_word' id='word_1_526' title='bbox 1350 5423 1472 5483; x_wconf 83' lang='lat' dir='ltr'>nostrae</span> <span class='ocrx_word' id='word_1_527' title='bbox 1499 5420 1713 5497; x_wconf 87' lang='lat' dir='ltr'>protectionis</span> <span class='ocrx_word' id='word_1_528' title='bbox 1736 5420 1770 5481; x_wconf 91' lang='lat' dir='ltr'>et</span> <span class='ocrx_word' id='word_1_529' title='bbox 1788 5420 1968 5482; x_wconf 85' lang='lat' dir='ltr'>confirma-</span> 
     </span>
     <span class='ocr_line' id='line_1_81' title="bbox 1170 5517 1966 5595; baseline -0.006 -12"><span class='ocrx_word' id='word_1_530' title='bbox 1170 5521 1272 5583; x_wconf 89' lang='lat' dir='ltr'>tionis</span> <span class='ocrx_word' id='word_1_531' title='bbox 1291 5519 1485 5595; x_wconf 84' lang='lat' dir='ltr'>iufringere,</span> <span class='ocrx_word' id='word_1_532' title='bbox 1503 5521 1565 5580; x_wconf 89' lang='lat' dir='ltr'>etc.</span> <span class='ocrx_word' id='word_1_533' title='bbox 1592 5517 1710 5580; x_wconf 87' lang='lat' dir='ltr'>Datum</span> <span class='ocrx_word' id='word_1_534' title='bbox 1735 5517 1902 5586; x_wconf 86' lang='lat' dir='ltr'>Laterani,</span> <span class='ocrx_word' id='word_1_535' title='bbox 1921 5519 1966 5578; x_wconf 88' lang='lat' dir='ltr'>Vl</span> 
     </span>
     <span class='ocr_line' id='line_1_82' title="bbox 1171 5613 1966 5694; baseline -0.008 -13"><span class='ocrx_word' id='word_1_536' title='bbox 1171 5617 1245 5681; x_wconf 88' lang='lat' dir='ltr'>idus</span> <span class='ocrx_word' id='word_1_537' title='bbox 1268 5616 1462 5688; x_wconf 89' lang='lat' dir='ltr'>decembris,</span> <span class='ocrx_word' id='word_1_538' title='bbox 1503 5615 1713 5694; x_wconf 86' lang='lat' dir='ltr'>pontificatus</span> <span class='ocrx_word' id='word_1_539' title='bbox 1745 5613 1850 5677; x_wconf 91' lang='lat' dir='ltr'>nostri</span> <span class='ocrx_word' id='word_1_540' title='bbox 1876 5628 1966 5676; x_wconf 88' lang='lat' dir='ltr'>anno</span> 
     </span>
     <span class='ocr_line' id='line_1_83' title="bbox 1172 5717 1297 5795; baseline -0.016 -18"><span class='ocrx_word' id='word_1_541' title='bbox 1172 5717 1297 5795; x_wconf 88' lang='lat' dir='ltr'>quinto.</span> 
     </span>
    </p>
   </div>
   <div class='ocr_carea' id='block_1_18' title="bbox 0 0 2131 6404">
    <p class='ocr_par' dir='ltr' id='par_1_19' title="bbox 0 0 2131 6404">
     <span class='ocr_line' id='line_1_84' title="bbox 0 0 2131 6404; baseline 0 0"><span class='ocrx_word' id='word_1_542' title='bbox 0 0 2131 6404; x_wconf 95' lang='lat' dir='ltr'> </span> 
     </span>
    </p>
   </div>
  </div>
 </body>
</html>
