4250 6404
325 309 383 370 155

618 470 797 558 .nxini

325 612 378 673 Ad
393 608 599 684 magistrum
621 600 820 669 damonem,
842 603 1119 662 archidiaconum

579 704 866 765 senonicensem.

617 815 826 874 immstm

359 928 466 991 [liegest.
479 925 525 976 lib.
537 924 578 982 iii,
592 923 667 988 epist.
679 921 735 972 3l7.
749 923 805 973 lise.
817 921 853 972 La
865 921 940 971 Porte
951 919 986 970 du
995 919 1089 982 Theti]

344 1025 460 1086 Mandat
472 1032 502 1082 ut
515 1023 589 1081 bona
603 1023 631 1080 in
644 1021 773 1094 deposito
789 1026 905 1094 accepta
919 1019 1104 1078 restituantur

544 1113 629 1186 priori
642 1108 903 1169 Grandimontensi.

366 1221 544 1292 Honorius,
560 1223 635 1292 ete,
653 1219 773 1280 dilecto
786 1217 854 1280 illio
867 1217 1026 1293 magistro
1038 1217 1122 1278 Gui-

328 1319 406 1382 doni
421 1318 656 1381 archidiacono
672 1315 881 1378 Lemovicen.

370 1417 564 1493 satagentes
586 1415 697 1492 sopire
716 1413 926 1484 discordiam,
944 1409 1125 1490 quaelicet

210 1580 215 1589 ,
328 1515 428 1592 longo
450 1517 521 1591 jam
550 1512 699 1590 tempore
727 1509 847 1573 iratres
877 1509 1124 1571 erandimontts

329 1612 486 1682 turbavit,
499 1611 553 1671 his
562 1611 672 1672 tamen
690 1607 892 1686 temporibus
906 1606 1041 1669 sevisse
1050 1607 1125 1684 plus

330 1709 428 1771 solito
450 1705 635 1778 videbatur,
659 1705 810 1784 quaedam
834 1703 981 1781 capitula
1002 1704 1125 1779 regulae

330 1823 411 1879 suae,
426 1821 499 1883 quae
511 1803 666 1881 precipue
678 1802 852 1878 pariebant
866 1801 1038 1864 materiem
1047 1803 1125 1879 jnr-

331 1904 471 1978 giorum,
488 1901 528 1962 de
548 1899 687 1961 fratrum
708 1901 895 1961 nostrorum
916 1897 1055 1960 consilio
1069 1898 1127 1960 de-

331 2000 461 2064 clarare
482 1997 683 2068 curavimus,
708 1997 743 2058 ut
766 1995 955 2057 innovando
978 1996 1126 2073 quaedam

332 2096 615 2175 praedecessorum
626 2094 815 2155 nostrorum
828 2095 961 2164 statuta,
974 2093 1127 2154 etnostra

332 2194 431 2256 etiam
458 2191 644 2269 adjiciendo
669 2191 709 2251 de
728 2205 831 2261 novo,
853 2191 900 2252 ita
924 2189 1127 2269 providimus

333 2291 419 2368 quod
435 2289 625 2367 hujusmodi
640 2286 806 2350 discordia
819 2287 859 2350 de
873 2289 983 2349 cetero
995 2287 1126 2363 poterit,

217 2427 220 2436 ι
332 2387 472 2449 Domino
487 2385 697 2457 concedente,
715 2400 857 2446 cessare.
873 2385 956 2456 Quia
969 2400 1048 2446 vero
1060 2385 1130 2446 tbe-

333 2501 453 2546 saurus
477 2483 747 2546 Grandimonten.
764 2482 914 2546 ecciesiae
942 2481 1019 2552 tibi,
1044 2483 1130 2545 sicut

334 2583 533 2659 accepimus,
546 2581 741 2642 commissas
752 2579 872 2652 extitit,
878 2582 948 2658 jam
960 2579 1047 2644 dicta
1060 2580 1130 2642 dis-

334 2678 448 2741 cordia
467 2679 635 2748 saeviente,
656 2677 849 2739 discretioni
867 2679 932 2740 tuae
953 2693 1012 2756 per
1029 2695 1129 2756 apos-

337 2777 435 2838 tolica
449 2775 573 2852 scripta
588 2773 811 2852 praecipiendo
825 2773 1030 2848 mandamus,
1048 2791 1131 2854 para-

334 2875 432 2936 ieaus
460 2871 653 2934 thesaurum
684 2871 813 2948 ipsum,
835 2873 868 2933 et
894 2871 976 2941 alia,
1000 2872 1028 2932 si
1056 2889 1130 2950 quae

335 2970 376 3032 de
391 2969 487 3032 bonis
501 2969 606 3046 ipsius
633 2968 795 3037 ecclesiae,
821 2970 855 3028 et
876 2968 1035 3031 celtarum
1058 2973 1130 3048 ejus

337 3065 574 3131 custodienda,
604 3063 656 3126 rel
689 3063 788 3126 etiam
825 3064 958 3125 nomine
991 3064 1130 3144 depositi

337 3162 505 3240 recepisti,
526 3179 588 3224 nec
603 3177 670 3224 non
684 3176 724 3222 ea
740 3175 813 3243 quae
834 3157 875 3222 de
894 3160 990 3230 bonis
1005 3163 1131 3224 ordinis

336 3260 396 3322 tibi
421 3260 618 3323 dicuntura
648 3259 845 3336 Tempiariis
849 3302 909 3319 .....
942 3261 1129 3338 assignata,

337 3358 458 3420 diiecto
480 3357 585 3422 illio...
612 3357 718 3436 priori
740 3357 887 3434 eJusdem
910 3357 976 3420 loci
1000 3357 1056 3420 vel
1077 3359 1129 3420 cui

338 3453 1132 3532 mandaverit,sinequalibetdiminutioneacdi·

338 3552 462 3613 latione
474 3551 635 3627 resignes,
647 3552 849 3628 praeceptum
862 3553 1011 3613 nostrum
1021 3552 1133 3614 taliter

338 3649 554 3726 impleturus,
579 3647 664 3724 quod
692 3647 900 3709 devotionem
917 3650 950 3709 et
971 3647 1131 3712 obedien-

338 3746 419 3807 tiam
441 3748 531 3808 tuam
553 3744 731 3807 debeamus
751 3745 869 3807 merito
889 3746 1131 3808 commendare.

339 3844 457 3905 Datum
473 3843 628 3904 Laterani
641 3841 741 3907 tertio
755 3858 861 3904 nonas
874 3843 985 3904 martii
1000 3845 1134 3922 pontifl-

340 3940 433 4000 catus
447 3939 552 4000 nostri
565 3953 652 3999 anno
663 3937 774 4000 tertio.

672 4096 806 4183 CXLV

425 4234 477 4292 Ad
493 4235 650 4307 priorem
669 4233 704 4292 et
722 4232 930 4293 conventren
947 4235 1045 4296 caum
1073 4253 1079 4262 ’

630 4327 842 4388 Sanctarum.

634 4439 648 4495 i
665 4445 748 4495 mart.
763 4438 842 4498 itit.

431 4539 584 4604 [Baliarium
600 4541 755 4599 Romanam,
766 4541 827 4592 edit.
839 4543 914 4592 isar.
926 4544 968 4602 lii,
980 4541 1048 4608 att]

355 4635 539 4696 Confirmatio
551 4642 721 4694 statutorum
734 4635 842 4697 ordinis
858 4638 941 4698 vallis
958 4637 1125 4698 scholarum

594 4724 703 4782 ordinis
722 4726 888 4786 cistercien.

382 4824 549 4886 Honorius
571 4825 746 4902 episcopus
762 4841 878 4886 servus
893 4841 1063 4888 servorum
1078 4829 1137 4889 Dei

342 4920 473 4983 dilectis
483 4921 561 4982 tiliis
572 4922 688 4998 priori,
699 4923 732 4984 et
741 4923 918 4985 conventui
928 4923 1027 4986 valiis
1039 4924 1138 4988 Solm-

342 5017 450 5081 larum
465 5018 616 5091 salutem,
640 5021 673 5082 et
693 5019 910 5098 apostolicam
928 5020 1137 5086 benedictio-

344 5131 432 5176 nem.

942 297 1116 360 HONORII
1143 297 1187 358 111
1210 297 1357 358 OPERA.

1914 297 1971 356 irc

1174 455 1399 524 institutiones
1415 455 1554 532 proinde
1566 454 1825 532 assumpseritis,
1836 455 1923 533 qnod
1936 458 1972 519 tu

1174 552 1972 632 scilicetflliprior,etsuccessorestui,omnibus

1174 650 1325 718 ecclesiae
1336 651 1385 712 tui
1398 650 1536 722 ordinis,
1549 651 1589 713 de
1598 666 1690 712 more
1703 650 1972 718 cisterciensium

1174 748 1375 810 visitationis
1390 747 1548 820 cilicium,
1572 749 1645 810 sine
1669 747 1870 811 abarorum
1883 749 1973 812 tem·-

1175 845 1339 924 poraiium
1355 846 1530 908 exactione
1547 843 1758 922 impendatis,
1774 845 1808 914 et
1818 846 1887 909 ires
1904 846 1975 923 pri-

1175 959 1238 1004 mae
1251 943 1329 1006 tiliae
1344 942 1449 1020 ipsius
1463 941 1591 1005 ordinis
1606 942 1765 1004 visitandi
1780 944 1920 1007 matrem
1933 943 1975 1006 de

1176 1055 1269 1102 more
1281 1040 1551 1102 cisterciensium
1560 1039 1700 1101 fratrum
1712 1039 1858 1106 babeant
1867 1039 1976 1103 inatti-

1176 1139 1289 1210 tatem,
1310 1139 1343 1200 et
1361 1137 1447 1216 quod
1469 1138 1597 1214 priores
1620 1137 1799 1201 Forenseci
1822 1138 1923 1204 semel
1939 1137 1975 1200 ia

1178 1251 1265 1298 anno
1279 1235 1427 1312 tempore
1450 1235 1574 1296 statuto
1596 1235 1683 1312 apud
1700 1235 1875 1298 ecclesiam
1894 1251 1975 1298 aes-

1177 1335 1263 1394 tram
1279 1332 1515 1394 convenientes
1529 1333 1564 1392 in
1579 1349 1681 1394 unum
1696 1331 1867 1394 eelebrent
1883 1347 1976 1393 more

1178 1430 1341 1492 dictorum
1368 1430 1560 1492 Cistercien.
1592 1429 1773 1506 capitulum
1799 1430 1972 1505 generaie;

1180 1542 1240 1588 nee
1252 1542 1317 1588 nnn
1329 1525 1429 1587 etiam
1443 1527 1480 1586 ut
1493 1525 1680 1600 scapularia
1691 1524 1811 1586 iratres
1826 1525 1977 1588 deserant

1181 1622 1388 1694 laborantes,
1423 1621 1581 1684 camisias
1618 1623 1728 1684 autem
1766 1622 1874 1684 lineas
1909 1637 1975 1682 non

1181 1719 1336 1792 habeant,
1354 1735 1415 1782 nec
1439 1721 1475 1780 in
1491 1720 1685 1781 dormitorio
1712 1719 1880 1792 culcitras,
1901 1722 1975 1780 sani

1181 1819 1338 1882 carnibus
1365 1833 1431 1879 non
1458 1819 1648 1887 vescantur,
1679 1817 1744 1878 nisi
1772 1816 1913 1889 debiles,
1944 1821 1977 1878 et

1182 1916 1309 1992 aegroti.
1325 1914 1418 1977 Unde
1434 1914 1529 1976 nobis
1538 1913 1709 1976 humiliter
1722 1914 1928 1992 supplicatis,
1939 1917 1979 1976 ut

1182 2013 1407 2076 institutiones
1422 2013 1598 2089 praedictas
1611 2009 1800 2090 apostolico
1817 2011 1978 2089 dignare-

1182 2127 1257 2174 mur
1271 2110 1455 2174 munimine
1467 2110 1636 2172 roborare.
1652 2111 1721 2172 Nos
1732 2111 1839 2172 autem
1855 2110 1977 2172 uestris

1183 2207 1461 2286 postulationibus
1483 2207 1635 2270 inclinati
1656 2221 1817 2283 personas
1835 2209 1976 2279 vestras,

1182 2308 1216 2368 et
1230 2307 1303 2368 iona
1316 2306 1351 2367 in
1363 2304 1481 2384 quibus
1492 2305 1605 2368 divino
1618 2305 1698 2366 estis
1712 2303 1870 2384 obsequio
1883 2321 1975 2367 man-

1183 2403 1285 2480 cipati
1298 2419 1372 2464 oum
1394 2402 1547 2466 omnibus
1562 2401 1670 2476 bonis,
1687 2419 1760 2486 quae
1781 2401 1816 2465 in
1829 2419 1980 2482 praesen-

1184 2501 1305 2564 tiaram
1324 2500 1569 2564 rationabiliter
1583 2501 1770 2578 possidetis,
1796 2503 1854 2565 ant
1872 2502 1907 2562 in
1923 2502 1979 2562 iu-

1182 2602 1294 2660 tnrnm
1324 2598 1426 2676 justis
1462 2597 1580 2668 modis,
1606 2597 1785 2675 praestante
1815 2599 1976 2670 Domino,

1184 2695 1334 2772 poteritis
1344 2695 1484 2772 adipisci
1495 2694 1556 2756 snb
1566 2696 1770 2773 protectione
1786 2695 1874 2758 beati
1888 2697 1979 2759 Petri

1184 2790 1416 2868 suscipientes
1434 2793 1467 2853 et
1480 2792 1782 2870 presentisscrtptt
1794 2793 1979 2869 patrocinio

1185 2888 1436 2950 communimus.
1454 2887 1546 2950 Nulli
1560 2904 1640 2966 ergo
1656 2889 1793 2952 omnino
1808 2889 1980 2952 hominum

1184 2985 1285 3047 liceat
1298 2984 1385 3046 hanc
1399 2985 1555 3063 paginam
1576 2986 1699 3047 nostre
1720 2986 1978 3058 constitutionis,

1186 3085 1219 3144 et
1244 3081 1505 3148 confirmationis
1531 3081 1724 3160 intringere,
1750 3085 1808 3144 aut
1835 3083 1867 3144 ei
1896 3098 1980 3142 ausu

1185 3179 1363 3242 temerario
1370 3179 1548 3242 contraire.
1561 3181 1675 3261 Siquis
1684 3181 1868 3260 autemnon
1877 3183 1981 3242 atten-

1185 3278 1256 3340 tare
1278 3277 1526 3355 presumpserit
1547 3277 1807 3354 indignationem
1828 3278 1982 3353 omnipo-

1185 3374 1285 3436 tentis
1297 3374 1367 3445 Dei,
1384 3377 1418 3435 et
1428 3372 1600 3438 beatorum
1613 3375 1843 3454 Apostolorum
1859 3377 1933 3452 ejus
1945 3391 1981 3434 se

1186 3471 1317 3532 noverit
1338 3471 1559 3534 incursurum.
1581 3475 1698 3534 Datum
1715 3473 1868 3534 Laterani
1884 3473 1982 3532 nonis

1187 3569 1298 3630 martii
1313 3570 1523 3646 pontificatus
1538 3570 1644 3631 nostri
1659 3586 1747 3632 anno
1762 3571 1872 3632 tertio.

1507 3747 1660 3837 CXLVI

1247 3883 1299 3942 Ad
1313 3883 1525 3944 amalricum
1536 3882 1697 3944 comitem
1711 3885 1921 3944 inmensum.

1478 3995 1595 4052 timart.
1613 3995 1692 4054 trit.

1221 4097 1358 4164 [bouquet
1374 4099 1474 4150 ilecusii
1487 4099 1531 4148 des
1546 4099 1620 4152 illst..
1633 4103 1652 4149 t.
1666 4099 1733 4171 iiiii,
1746 4115 1773 4164 ρ.
1782 4099 1837 4158 ete
1853 4101 1951 4164 Regest.

1504 4179 1581 4242 episi.
1597 4179 1665 4244 m]

1190 4276 1259 4336 Cum
1286 4275 1498 4336 Aestrienses
1524 4275 1686 4335 Moatelorti
1710 4276 1812 4350 adjus
1831 4275 1984 4336 decadum

1225 4371 1375 4422 vocamur
1390 4363 1425 4424 ab
1440 4365 1559 4438 iisques
1575 4371 1654 4438 pater
1664 4367 1844 4439 spoliaverat,
1856 4365 1987 4439 indulget

1226 4453 1253 4509 el
1268 4453 1419 4522 Honorius,
1436 4459 1470 4513 ut
1481 4453 1549 4513 atili
1560 4454 1734 4526 respondere
1743 4461 1872 4515 manaan
1884 4462 1988 4526 protei·

1226 4555 1312 4613 quam
1329 4541 1363 4600 Α.
1380 4541 1409 4602 S.
1425 4541 1530 4616 legato,
1547 4543 1601 4600 nisi
1614 4541 1767 4616 derogetur
1782 4541 1849 4600 huic
1862 4556 1985 4600 maces-

1226 4630 1299 4686 sioni
1310 4643 1360 4702 per
1373 4629 1506 4688 litterasa
1522 4631 1549 4688 S.
1566 4631 1601 4690 Α.
1613 4631 1726 4690 missas.

1231 4739 1398 4801 Honorius
1418 4739 1630 4817 episcopus...
1645 4740 1766 4804 dilecto
1784 4740 1853 4802 illio
1867 4741 1986 4802 Amai-

1192 4835 1261 4896 rico
1277 4835 1389 4897 comiti
1400 4836 1575 4909 Tolosano,
1587 4837 1739 4910 salutem,
1756 4839 1819 4901 etc.

1232 4931 1389 5009 Experto
1402 4933 1460 4994 tua
1475 4931 1537 5002 luit
1551 4933 1648 4995 nobis
1669 4933 1842 4996 humiliter
1859 4932 1990 5010 suppli-

1193 5030 1300 5090 catum
1314 5029 1360 5100 ut,
1378 5044 1453 5090 cum
1467 5031 1621 5092 nonnulii
1636 5030 1748 5092 aemuli
1762 5031 1812 5093 tui
1825 5047 1885 5108 per
1899 5029 1991 5092 litte-

1192 5141 1248 5186 ras
1267 5126 1476 5202 apostolicas
1496 5129 1529 5190 te
1548 5127 1674 5190 iaciant
1692 5128 1735 5188 ad
1760 5129 1834 5190 loca
1856 5127 1990 5189 diversa

383 5212 539 5274 Exhibita
562 5211 657 5276 nobis
685 5231 728 5276 ex
755 5217 849 5292 parte
878 5217 988 5280 vasae
1024 5216 1139 5296 petitio
1193 5223 1301 5296 citari,
1323 5223 1365 5284 ad
1380 5239 1454 5301 quae
1480 5225 1553 5286 sine
1578 5226 1673 5302 gravi
1689 5225 1839 5302 periculo
1859 5240 1920 5286 nec
1937 5226 1991 5286 ire

345 5309 545 5382 continebat,
562 5311 648 5388 quod
664 5328 764 5389 quum
779 5313 820 5374 de
834 5311 1034 5391 prudentum
1043 5315 1137 5376 viro-
1194 5321 1300 5396 potes,
1321 5335 1382 5382 nec
1397 5323 1630 5400 procuratores
1652 5322 1789 5384 idoneos
1804 5323 1989 5396 destinere3

340 5424 416 5470 rum
433 5409 573 5470 consilio
588 5411 712 5472 certam
724 5409 858 5477 vivendi
873 5409 1014 5474 formam
1029 5411 1141 5490 elege-
1194 5419 1368 5500 quatenus,
1382 5419 1418 5482 in
1430 5421 1475 5492 ie,
1492 5420 1588 5498 qnasi
1602 5418 1644 5482 ob
1658 5419 1914 5490 contumaciam,
1929 5435 1993 5482 ex-

342 5508 417 5570 ritis
435 5509 533 5586 juxta
550 5507 637 5569 beati
654 5508 831 5586 Augustini
846 5509 996 5586 regulam
1019 5509 1138 5572 obser·
1184 5515 1504 5582 communicationis
1530 5516 1728 5588 sententiam
1752 5516 1879 5583 iaciant
1908 5531 1992 5594 pro-

333 5596 545 5679 'randamde
555 5605 745 5684 approbatis
756 5605 1139 5688 religionibusquasdam
1195 5613 1348 5689 mulgeri,
1370 5629 1471 5696 super
1486 5614 1549 5676 boc
1570 5613 1632 5678 tibi
1656 5617 1795 5694 paterna
1814 5615 1993 5692 providere
2113 5609 2114 5694 ἴ
