4230 6388
332 307 391 366 779

333 467 425 528 tione
446 465 641 542 postposita,
660 465 908 542 compescendo.
926 461 1044 524 Datum
1059 463 1124 522 La-

331 561 456 634 terani,
481 565 557 622 VIII
589 562 749 622 kalendas
782 560 880 632 maii,
913 559 1124 638 pontificatus

333 659 439 721 nostri
454 673 542 720 anno
558 659 684 736 quinto.

627 833 828 922 cccxiii

331 970 383 1030 Ad
407 969 561 1030 abbatem
588 967 1057 1028 etcouoeutums.ll1oriae
1082 967 1125 1026 od

632 1064 822 1137 martores:

319 1261 321 1272 Ι
614 1177 650 1235 II
664 1177 745 1250 april.
762 1177 841 1234 lull.

369 1343 377 1348 ,
409 1281 659 1348 [llittalrheinischcs
675 1281 734 1344 Ub.,
745 1287 765 1332 t.
778 1281 821 1340 Ill,
834 1295 862 1345 p.
875 1279 929 1340 lit,
939 1293 965 1330 n.
981 1279 1049 1343 Idi]

332 1391 383 1449 Eis
402 1389 553 1447 confirmat
572 1387 702 1462 quadam
725 1403 740 1445 a
762 1386 938 1446 Theoderico
959 1387 1125 1445 'treverensi

368 1477 586 1552 archiepiscopo
603 1492 654 1550 pro
668 1493 766 1534 eorurn
782 1477 955 1534 monasterio
973 1483 1088 1532 statuta.

372 1595 539 1656 HonorIus
551 1595 736 1672 episcopua,
750 1610 865 1654 servus
874 1592 1124 1664 servorumliei,

333 1691 462 1753 dilectis
471 1691 549 1752 liliis
560 1691 671 1753 ahbati
683 1692 715 1753 et
723 1691 900 1753 conventui
913 1690 1043 1752 Sanctae
1053 1691 1127 1750 Ma-

333 1788 393 1850 riae
408 1787 449 1848 ad
467 1789 524 1850 SS.
540 1791 705 1868 Martyres
729 1787 882 1850 dioecesis
897 1786 1123 1858 'fresonensis

333 1879 485 1956 salutem,
501 1886 563 1948 etc.

372 1981 555 2059 Eaproptcr
578 1983 690 2044 dilecti
706 1981 766 2044 tilii
782 1981 817 2042 in
832 1982 983 2052 Domina,
1005 1979 1126 2042 vestris

328 2079 429 2154 justis
455 2079 732 2156 postulationibus
768 2078 862 2154 grato
890 2077 1126 2156 concurrentes

332 2190 484 2246 assensu,
508 2191 559 2246 ea,
586 2192 660 2252 quae
681 2191 701 2237 a
723 2173 908 2236 venerabili
922 2173 1126 2234 Theoderico

332 2271 530 2334 'treverensi
556 2271 806 2348 archiepiscopo
830 2270 933 2332 fratre
957 2269 1071 2332 nostro
1094 2275 1127 2330 et

205 2435 209 2443 ¹
332 2369 405 2445 ejus
421 2367 669 2430 successoribus
686 2383 786 2446 super
800 2369 911 2429 vestro
925 2367 1125 2428 monasterio

332 2463 367 2524 in
381 2463 576 2526 fundatione
591 2465 623 2525 et
638 2464 722 2526 alias
738 2464 863 2527 statuta
878 2465 965 2536 sunt,
979 2465 1125 2540 Aposto-

943 302 1119 364 HONORII
1141 301 1185 362 111
1207 301 1355 362 OPERA.

1918 298 1987 361 780

1178 460 1246 532 rili,
1272 459 1313 520 ad
1333 459 1475 522 fertilem
1494 459 1615 534 satagit
1628 456 1887 534 transplantare,
1908 457 1983 520 tam

1178 555 1391 628 abbatissam,
1418 571 1517 632 quam
1538 554 1701 616 moniales
1728 569 1842 614 omnes
1861 551 1905 614 ad
1919 568 1985 614 ec-

1179 653 1315 714 clesiam
1339 652 1453 714 Sancti
1469 651 1566 722 sixti,
1581 651 1648 724 ubi,
1670 667 1730 728 per
1744 651 1805 712 Dei
1819 650 1981 728 gratiam,

1179 749 1295 816 domus
1310 749 1466 824 religioni
1486 748 1667 826 aptIssimae
1683 763 1759 809 cum
1783 747 1886 808 multa
1899 749 1985 808 sunt

1179 843 1981 922 diligentiasalvioatae,duximustransierendas‚

1179 942 1342 1004 translata
1372 942 1473 1003 etiam
1505 939 1626 1018 majori
1656 941 1752 1017 parte
1779 940 1983 1002 monialium

1180 1039 1330 1102 ecclesias
1356 1039 1485 1100 Sanctae
1506 1038 1655 1099 Bibianae
1670 1037 1712 1098 de
1733 1037 1905 1102 voluntate
1919 1036 1982 1114 ip-

1180 1151 1291 1198 sarum
1304 1152 1377 1213 quae
1391 1151 1456 1196 una
1468 1135 1639 1196 vobIscunr
1652 1134 1825 1210 elegerunt
1836 1135 1982 1196 Domino

1180 1233 1347 1294 famulari.
1370 1234 1440 1294 Nos
1459 1234 1572 1311 itaque
1592 1231 1731 1310 provide
1753 1231 1982 1304 attendentes,

1181 1329 1266 1407 quod
1281 1330 1455 1392 translatis
1475 1329 1638 1407 personis,
1655 1329 1689 1390 ei
1701 1344 1814 1390 rerum
1829 1328 1984 1390 mansla-

1178 1427 1226 1487 tio
1238 1425 1312 1487 fleri
1324 1425 1451 1498 debeat,
1469 1441 1583 1488 omnes
1599 1425 1734 1486 omnino
1745 1425 1982 1502 possessiones

1180 1523 1287 1584 cultas
1297 1523 1330 1584 et
1337 1523 1493 1594 incultas,
1505 1523 1634 1589 vineas,
1646 1537 1761 1599 aquas,
1774 1522 1896 1598 sylvae,
1908 1523 1982 1582 tarn

1181 1619 1347 1696 praedictae
1371 1619 1523 1680 ecclesiae
1544 1619 1674 1680 Sanctae
1696 1617 1812 1678 Mariae
1827 1617 1862 1677 in
1877 1620 1982 1676 Tem-

1181 1730 1272 1792 pore,
1299 1732 1398 1794 quam
1422 1715 1569 1794 praelatae
1593 1715 1743 1778 ecclesiae
1766 1715 1896 1776 Sancta
1920 1713 1981 1774 Bi-

1180 1814 1300 1886 bianao,
1323 1813 1589 1890 possessionibus
1610 1827 1693 1890 quas
1714 1811 1815 1872 hahet
1833 1811 1869 1872 in
1888 1811 1980 1871 teni-

1180 1912 1293 1972 mento
1335 1911 1554 1987 Anguillariae
1601 1909 1763 1970 duntaxat
1807 1907 1978 1986 exceptis,

1181 2007 1275 2068 vohis
1289 2008 1330 2069 de
1350 2010 1473 2070 nostrae
1485 2006 1658 2084 potestatis
1669 2005 1875 2083 plenitudine
1890 2019 1976 2065 con—

1180 2104 1346 2180 cedentes,
1383 2105 1490 2176 sobIs,
1525 2105 1559 2166 et
1594 2119 1653 2180 per
1681 2119 1742 2165 ros
1774 2101 1978 2164 monasterio

1180 2201 1290 2262 restro
1305 2202 1503 2263 auctoritate
1518 2200 1708 2278 apostolica
1728 2198 1975 2270 confirmamus,

1181 2297 1213 2358 et
1231 2298 1390 2374 praesenti
1413 2297 1590 2376 privilegIO
1612 2297 1864 2357 communimus.
1883 2292 1976 2354 Nulli

1181 2410 1259 2470 ergo
1273 2395 1408 2456 omnino
1432 2395 1602 2454 hominum
1618 2395 1740 2454 nostrae
1751 2392 1976 2454 concessionis

1181 2493 1214 2555 et
1239 2491 1501 2554 confirmationis
1523 2491 1623 2553 liceat
1644 2489 1731 2552 hanc
1752 2491 1907 2566 paginam
1922 2489 1977 2548 iu-

330 2555 396 2622 Iica
418 2562 616 2623 auctoritate
637 2561 872 2623 confirmamus
897 2559 931 2622 et
951 2561 1125 2638 praesentis

1181 2588 1326 2664 iringere
1344 2587 1397 2650 vel
1410 2589 1442 2650 ei
1455 2603 1539 2648 ausu
1550 2587 1728 2648 temerario
1749 2586 1926 2648 contraire.
1939 2587 1976 2646 Si

332 2657 447 2734 scripti
474 2659 657 2720 munimine
683 2657 900 2728 ratificamus,
930 2659 992 2719 etc.
1009 2659 1127 2719 Datum

1181 2687 1255 2764 quis
1288 2687 1398 2748 autem
1430 2685 1494 2746 hoc
1524 2685 1687 2746 attentare
1715 2683 1974 2760 praesumpserit,

331 2753 483 2828 Vitesbfir
506 2757 583 2816 Vffl
607 2754 767 2818 kalendas
792 2755 883 2828 maii,
914 2753 1126 2832 P⁰ntffl⁰³tus
1181 2781 1441 2858 indignationem
1451 2779 1792 2856 omnipotentisDeiet
1804 2778 1978 2842 beatorum

331 2852 439 2916 nostri
453 2867 540 2912 anno
556 2853 681 2929 quinto.

616 3020 839 3114 cccliiii

371 3163 423 3224 Ad
433 3163 645 3237 priorissam
663 3163 697 3223 et
709 3161 917 3226 conventum
927 3163 963 3222 S.
979 3162 1088 3230 Struit,

615 3273 650 3334 25
665 3275 746 3348 april.
763 3275 843 3332 lali.

401 3379 518 3444 liutpold,
536 3380 633 3430 Bullar.
652 3379 793 3444 predicat„
807 3385 827 3430 t.
838 3380 859 3439 l,
868 3393 894 3443 p.
908 3379 947 3437 Is,
963 3379 1054 3442 nib-1

332 3476 488 3536 translatis
507 3476 649 3536 abbatissa
669 3483 698 3534 et
715 3477 886 3536 monialibus
904 3479 1016 3536 sancte
1030 3479 1127 3538 llarie

367 3566 544 3636 intempore
554 3565 692 3636 etmaJori
701 3573 781 3637 parte
792 3565 959 3624 monialium
969 3573 1128 3624 conventus

371 3653 399 3712 S.
416 3651 541 3710 Bibianae
562 3652 597 3710 ad
616 3659 789 3710 conventum
805 3653 833 3712 S.
851 3653 920 3710 Sixti
935 3654 964 3710 in
981 3653 1066 3722 Urbe,
1084 3655 1125 3710 ei·
1159 3645 1160 3648 ’

367 3739 432 3797 dem
455 3740 584 3798 ecclesiae
607 3739 738 3798 concedit
763 3741 961 3812 possessiones
985 3740 1128 3814 praediola
1348 3731 1731 3796 [Monumenussotca,i.x‚p.
1746 3731 1812 3792 ²46]

367 3827 396 3888 S.
411 3829 507 3886 llariae
525 3837 553 3886 et
567 3829 595 3888 S.
609 3825 745 3886 Biblauae.
1182 3835 1359 3896 Personas'ct
1371 3835 1444 3896 hona
1459 3836 1847 3895 monasteriiinllundestorl
1854 3837 1980 3896 tuendos

371 3938 540 4002 Honorius
551 3938 737 4016 episcopus,
748 3953 1046 4000 servusgepvofflm
1054 3939 1125 4010 Dei,
1216 3925 1334 3999 anselpit
1349 3925 1512 3999 specialiter
1528 3933 1622 3984 autem
1636 3926 1789 3982 ecclesiam
1808 3924 1844 3983 de
1856 3927 1976 3984 Glanar·

331 4036 462 4106 dilectis
473 4035 508 4096 in
521 4035 653 4096 Christo
666 4033 797 4096 filiabus
810 4035 990 4114 mmmm,
1015 4037 1048 4098 et
1067 4053 1126 4098 50,
1217 4014 1283 4072 dorl
1292 4013 1471 4087 abepiscopo
1485 4015 1660 4087 Frisingensi
1671 4015 1803 4072 collatam
1814 4015 1976 4072 confirmat.

331 4133 464 4196 roribus
493 4133 675 4194 conventus
703 4133 816 4194 Sancti
848 4133 935 4194 Sixti
963 4133 1004 4195 de
1026 4134 1125 4206 Urbe,
1222 4131 1387 4194 Honorius
1401 4132 1586 4208 episcopus,
1597 4147 1713 4194 servus
1724 4147 1894 4194 servorum
1904 4133 1977 4204 Dei,

332 4231 474 4293 salutem
490 4231 522 4292 et
536 4229 751 4308 apostolicam
771 4229 1049 4300 benedictionem,
1182 4229 1312 4291 dilectis
1336 4229 1414 4290 tiliIs
1442 4229 1621 4307 praeposito
1641 4228 1674 4290 et
1701 4230 1878 4291 conventui
1905 4247 1980 4292 mo-

371 4329 441 4390 Etsi
456 4327 672 4392 ecclesiarum
689 4326 836 4390 omnium
851 4326 946 4388 nohis
962 4342 1042 4388 cura
1058 4328 1126 4388 im·
1184 4327 1320 4390 nastcrii
1341 4325 1375 4386 in
1389 4325 1602 4392 ilundestori.
1618 4325 1769 4400 salutem,
1787 4326 1849 4388 etc.

331 4425 456 4488 mineat
478 4425 656 4501 generalis,
683 4440 762 4500 erga
778 4424 938 4486 ecclesias
958 4426 1069 4486 tamen
1087 4425 1128 4486 de
1223 4423 1441 4486 sacrosancta
1453 4425 1602 4486 Romana
1625 4423 1773 4486 Ecclesia
1789 4423 1924 4486 devotos
1943 4426 1978 4486 et

331 4523 519 4588 Urbetanto
531 4538 591 4582 nos
601 4519 931 4596 decetpropensioris
944 4521 1128 4596 diligentiae
1182 4520 1324 4582 humiles
1350 4519 1453 4592 lilios
1480 4536 1522 4580 ex
1548 4521 1690 4582 assuetae
1714 4521 1847 4598 pietatis
1869 4521 1976 4583 officio

331 4620 477 4684 studium
500 4618 670 4688 adhibere,
701 4619 825 4694 quanto
840 4632 898 4677 eas
925 4617 1069 4678 vicinius
1095 4619 1129 4680 et
1183 4618 1378 4696 propensius
1394 4617 1533 4692 diligere
1549 4619 1732 4690 consuevit,
1750 4619 1784 4682 et
1797 4635 1839 4680 ne
1853 4633 1974 4696 praro-

330 4717 531 4778 iamiliarius
569 4715 746 4785 intuentes,
783 4714 869 4774 sicut
903 4713 943 4774 de
978 4715 1129 4790 ipsarum
1182 4714 1441 4775 rumhominum
1457 4714 1621 4777 molestiis
1634 4717 1813 4792 agitentur,
1827 4733 1884 4778 eos
1896 4717 1974 4776 tan-

331 4814 492 4890 proiectu,
525 4811 708 4872 secundnm
742 4811 917 4888 utrumque
945 4811 1125 4885 hominem,
1182 4811 1550 4895 quampiamatersuae
1565 4813 1779 4889 protectionis
1795 4813 1976 4874 munimine

330 4909 501 4988 gaudium,
523 4909 570 4974 ita
592 4907 679 4969 etde
695 4907 836 4979 delectu,
851 4908 936 4984 quod
952 4908 1048 4981 ahsit,
1063 4908 1128 4971 do-.
1182 4909 1370 4972 confovere.
1400 4911 1593 4986 Eapropter,
1629 4909 1741 4974 dilecti
1776 4911 1812 4972 in
1837 4911 1976 4974 Domino

330 5007 436 5068 lorem
460 5004 699 5066 inviolabiliter
721 5004 924 5081 experimur.
943 5006 1030 5070 Saue
1053 5021 1129 5068 cum
1182 5006 1254 5078 tilii,
1279 5006 1402 5068 vestris
1419 5007 1520 5083 justis
1548 5005 1828 5082 postulationibus
1845 5009 1978 5084 gratum

330 5103 474 5169 ecclesia
492 5104 622 5163 sanctae
643 5100 760 5170 Mariae
784 5102 819 5162 in
835 5104 996 5178 Tempore
1022 5119 1129 5180 usque
1181 5103 1408 5180 impertientes
1423 5118 1608 5175 assensum,
1624 5120 1786 5180 personas
1800 5110 1929 5167 vestras
1945 5107 1979 5167 ct

331 5201 414 5264 adeo
439 5200 474 5260 in
498 5197 728 5276 spiritualibus
752 5200 840 5259 esset
863 5199 1021 5276 collapsa,
1036 5202 1070 5262 et
1092 5202 1127 5261 in
1182 5202 1289 5261 locum
1307 5201 1343 5261 in
1360 5215 1423 5278 quo
1448 5199 1561 5261 divino
1576 5201 1703 5262 vacatis
1726 5201 1978 5280 obsequiosum

329 5297 569 5374 temporalibus
598 5293 777 5362 diminuta,
803 5295 889 5370 qnod
918 5311 1126 5374 nequaquam
1181 5298 1333 5360 omnibus
1347 5297 1442 5360 honis
1465 5315 1538 5374 quse
1557 5299 1593 5359 in
1604 5301 1859 5375 praesentiarum
1872 5302 1980 5363 ratio-

329 5395 377 5461 ihi
412 5393 590 5464 abbatissa,
614 5392 647 5453 et
672 5391 834 5452 moniales
860 5392 967 5470 ipSIus
992 5395 1128 5470 possent
1181 5395 1337 5464 habiliter
1360 5395 1546 5471 possidetis
1571 5397 1674 5458 autin
1690 5396 1849 5469 futurum,
1866 5414 1978 5475 praes-

331 5493 501 5561 commode
534 5503 726 5559 remanere,
762 5504 822 5549 nos
851 5505 943 5554 more
970 5491 1126 5553 industrii
1181 5494 1272 5553 tante
1295 5493 1445 5560 Domino,
1457 5493 1559 5568 justIs
1584 5493 1690 5554 modis
1718 5495 1871 5571 poteritis
1898 5496 1977 5556 adi-

330 5592 484 5656 vinitoris
499 5587 701 5672 quiplantas
718 5585 905 5648 fructiferas
918 5587 958 5648 de
971 5587 1044 5650 loco
1059 5591 1126 5651 ste-
1180 5589 1274 5665 pisci,
1296 5589 1356 5650 sub
1371 5589 1459 5656 beati
1481 5589 1570 5651 Petri
1588 5593 1620 5651 et
1640 5593 1752 5653 nostra
1770 5591 1980 5668 protectione

1182 2877 1272 2940 Petri
1287 2879 1320 2940 et
1335 2877 1434 2940 Pauli
1448 2876 1672 2954 apostolorum
1688 2879 1773 2953 ejus,
1792 2891 1828 2936 se
1848 2875 1980 2936 nouerit

1181 2977 1404 3036 incursurum.
1421 2975 1541 3035 Datum
1557 2973 1725 3045 Laterani,
1739 2975 1799 3032 l'II
1815 2971 1979 3034 kalendas

1181 3071 1273 3142 maii,
1287 3071 1499 3148 pontificatus
1515 3070 1622 3133 nostri
1642 3086 1729 3132 anno
1750 3070 1876 3148 quinto.

1472 3265 1687 3354 cccxciv

1180 3410 1232 3471 Ac
1242 3407 1471 3482 prepositum
1491 3409 1525 3469 et
1542 3408 1749 3470 corruentem
1772 3409 1982 3470 ncormstcrtr'

1432 3507 1471 3566 tu
1489 3506 1717 3579 Hurrdcsiorf.

1464 3625 1498 3684 rr
1516 3625 1597 3699 apra.
1613 3625 1691 3684 rari.
