4280 6404
958 301 1133 362 HONORII
1157 303 1201 362 111
1223 303 1371 368 oralia.
1924 305 1984 368 ‘rto

1182 463 1369 524 nostrum...
1391 462 1583 540 episcopum
1604 463 1639 524 et
1660 463 1798 524 dilectos
1819 461 1905 522 lilios
1924 479 1982 523 ar·-

1183 558 1415 620 chidiaconnm
1430 561 1499 620 et...
1517 560 1679 620 decanum
1696 560 1809 620 Sancti
1830 561 1980 620 Marcelli

621 491 625 496 ’
677 487 792 574 cclv

299 585 313 602 ι
354 623 405 684 Ad
417 621 645 684 Laurentium
662 623 857 694 episcopam
873 619 907 680 ct
923 619 1110 694 capitulum

783 719 789 730 ,
1185 656 1345 717 Parisien.
1361 655 1489 718 litteras
1507 657 1730 734 impetrasset,
1748 660 1784 717 ut
1798 656 1847 716 eis
1863 659 1988 718 contra

591 718 882 778 Wratisloozcase.

784 807 786 814 .
1183 753 1348 830 praefatos.
1361 735 1647 830 archiepiscopum
1669 758 1702 814 et
1722 754 1903 828 capitulum
1920 769 1983 814 es-

613 837 648 896 26
660 837 757 910 aprilis
771 835 849 914 ¹2¹⁹·
1184 851 1259 912 sent¹
1271 850 1401 926 judices
1416 850 1589 927 speciales,
1608 850 1657 911 illi
1674 849 1849 912 occasione
1863 851 1983 928 liujus-

434 954 594 1020 [Wurrweia
609 955 681 1004 Nova
691 948 818 1010 Subsidia,
832 953 895 1018 dipl.
906 967 952 1010 ιιι,
964 951 1031 1020 tlo.]
1163 977 1169 988 ·
1184 947 1270 1006 modi
1283 947 1552 1023 jurisdictionem
1567 946 1631 1008 sibi
1649 949 1841 1024 perpetuam
1857 953 1980 1022 contra

336 1043 461 1131 uulua,
478 1068 508 1119 ut
520 1061 616 1118 domur
631 1059 666 1118 de
680 1061 762 1120 Νογο
781 1062 879 1118 cestro
895 1059 1075 1134 (Naumpurg
1095 1058 1129 1115 „a
1183 1057 1240 1103 eos
1260 1043 1405 1104 indebite
1422 1046 1631 1120 usurpantes,
1647 1045 1775 1106 tantum
1797 1043 1981 1106 extendunt

371 1149 474 1224 Bober)
487 1149 548 1208 ord.
561 1151 589 1207 S.
601 1152 722 1222 llugust.
732 1149 895 1208 wratislav.
911 1148 994 1206 dioec.
1004 1148 1130 1206 decimas
1182 1139 1310 1208 endem,
1327 1141 1412 1218 qnod
1432 1158 1497 1204 non
1513 1142 1619 1203 solum
1636 1157 1754 1202 causas
1768 1157 1840 1218 quae
1853 1143 1978 1203 inter...

370 1248 485 1300 centum
507 1239 611 1312 viginti
633 1253 797 1294 mansorum
820 1237 968 1310 cujusdam
994 1238 1127 1304 nemoris,
1184 1238 1470 1315 archiepiscopum
1491 1241 1560 1302 ot...
1585 1239 1785 1300 abbatissam
1812 1255 1872 1317 pro
1896 1241 1981 1300 tem-

370 1344 442 1400 qtlos
466 1327 605 1384 Hellriclls
625 1327 681 1382 dux
701 1326 807 1383 Silesioe
829 1325 921 1382 eidem
944 1326 1060 1383 (babillus
1082 1325 1129 1393 Sil,
1184 1350 1263 1410 pore
1290 1337 1454 1408 oriuntur,
1483 1336 1628 1412 gestiunt
1648 1338 1840 1408 terminare,
1863 1352 1980 1396 verum

371 1415 538 1496 ⁰⁰¹¹iedi¹¹b
1184 1431 1283 1492 etiam
1311 1432 1401 1508 ipsos
1425 1433 1467 1494 ab
1498 1433 1546 1493 eis
1575 1449 1641 1494 non
1666 1434 1838 1511 patiuntur
1867 1435 1990 1510 petere·

333 1589 335 1600 ,
375 1524 554 1595 Honorius,
581 1525 656 1594 etc,
682 1523 837 1600 episcopo
853 1524 885 1585 et
900 1522 1029 1584 dilectis
1052 1521 1130 1580 illlis
1179 1531 1259 1606 jura
1276 1545 1337 1592 sua
1358 1531 1394 1590 in
1420 1546 1534 1592 eorum
1550 1545 1616 1592 non
1636 1531 1800 1593 modicum
1821 1531 1982 1608 ppaejudi.

335 1621 479 1698 capitulo
501 1620 782 1693 wratislaviensi,
795 1620 936 1706 salutem
949 1621 981 1681 et
996 1623 1130 1698 aposto-
1184 1625 1282 1698 cium,
1300 1629 1333 1687 et
1351 1642 1549 1702 gravamen3
1572 1643 1675 1704 quare
1692 1629 1787 1690 nobis
1808 1628 1981 1689 humiliter

335 1719 433 1780 licam
448 1718 720 1782 benedictionem.
1184 1724 1392 1800 supplicavit,
1410 1726 1445 1785 ut
1465 1741 1539 1785 cum
1563 1742 1628 1786 non
1644 1726 1687 1786 sit
1701 1726 1884 1786 verisimile
1898 1741 1981 1802 praa

375 1816 520 1878 Dilectus
541 1815 628 1875 iilius
651 1813 773 1874 u0bilis
789 1814 852 1884 iii,
869 1813 1045 1884 Humilis,
1063 1812 1130 1873 dux
1183 1820 1305 1882 dictum
1323 1821 1533 1882 decessorem
1551 1824 1699 1884 nostrum
1716 1823 1814 1883 etiam
1828 1823 1901 1900 post
1917 1823 1979 1886 de-

335 1912 464 1974 Silesiae
479 1912 576 1974 nobis
596 1913 768 1972 insinuare
786 1913 926 1982 curarit,
944 1911 1028 1987 quod
1045 1926 1128 1972 con·
1183 1933 1311 1978 cessum
1327 1934 1423 1978 suurn
1439 1919 1487 1979 eis
1502 1919 1648 1980 voluisse
1663 1922 1860 1996 perpetuare
1871 1921 1982 1997 juris-

334 2007 486 2072 siderans
508 2011 736 2087 paupertatem
752 2008 868 2068 domus
884 2007 924 2068 de
940 2009 1033 2068 Novo
1049 2009 1130 2068 Cas·
1183 2014 1360 2080 dictionem
1385 2015 1588 2092 hujusmodi,
1616 2016 1668 2077 vel
1694 2016 1794 2077 etiam
1820 2016 1978 2087 valuisse,

333 2108 385 2168 tro
411 2108 538 2168 ordinis
563 2109 595 2167 S.
624 2103 800 2179 Augustini
826 2105 947 2165 vestrae
976 2103 1129 2164 dioeeesis
1183 2126 1366 2186 congruum
1383 2127 1482 2187 super
1496 2113 1559 2173 hoc
1573 2113 1623 2174 eis
1643 2113 1858 2187 dignaremur
1872 2129 1982 2174 reme-

333 2205 464 2265 centum
480 2203 597 2280 viginti
627 2217 759 2262 mansos
786 2201 958 2280 quusdam
983 2199 1129 2262 nemoris
1184 2206 1274 2268 dium
1287 2207 1456 2270 adbibere.
1474 2209 1635 2294 Quocirca
1650 2211 1843 2274 discretioni
1859 2214 1979 2272 vestrae

334 2296 387 2358 sui
402 2297 451 2358 eis
471 2297 552 2358 dare
566 2295 738 2374 proposuit
751 2295 927 2356 dnmmodo
942 2311 1001 2356 vos
1016 2295 1064 2355 eis
1077 2310 1129 2355 eo·
1182 2319 1243 2382 per
1266 2306 1456 2382 apostoliea
1481 2307 1604 2390 scripta
1630 2308 1835 2380 mandamns,
1862 2309 1981 2386 quate-
2007 2359 2011 2368 .

334 2393 484 2456 rumdem
517 2409 708 2456 mansorum
743 2393 890 2454 decimas
923 2391 1126 2464 concedatis,
1183 2418 1256 2474 nus,
1283 2403 1312 2462 si
1336 2418 1406 2464 rem
1433 2403 1628 2465 inveneritis
1647 2405 1695 2466 ita
1714 2419 1800 2476 esse,
1822 2404 1980 2480 praedicto

335 2491 414 2554 licet
428 2495 536 2571 major
549 2507 626 2569 pars
641 2491 787 2552 vestrum
799 2490 833 2550 in
848 2489 1038 2569 hujusmodi
1054 2506 1130 2551 con·
1183 2499 1337 2577 episcopo
1358 2502 1390 2562 et
1409 2501 1545 2576 collegis
1564 2501 1669 2578 ipsius
1689 2518 1788 2578 snper
1804 2501 1873 2563 boc
1897 2517 1981 2563 euc-

335 2589 486 2652 cessione
507 2587 693 2660 concorda,
708 2584 841 2666 auidam
862 2589 973 2648 tamen
993 2603 1012 2648 a
1034 2585 1128 2648 vobis
1183 2597 1315 2659 raritate
1337 2598 1451 2659 nostra
1472 2599 1640 2660 suentium
1665 2599 1853 2675 imponatis.
1885 2600 1978 2670 ouon

334 2686 480 2750 noudum
509 2685 720 2763 acquiescere
747 2684 924 2745 voluerint.
953 2685 1003 2746 Ne
1029 2684 1131 2761 igitur
1183 2693 1631 2766 sinonnomneffietapatum
1645 2696 1857 2773 Romaeapud
1875 2699 1985 2758 sanc.

335 2783 426 2860 pium
449 2779 571 2844 nobilis
594 2781 743 2860 predicti
768 2783 971 2858 propositum
996 2781 1037 2842 ub
1067 2781 1130 2842 1100
1183 2793 1251 2852 tum
1282 2793 1427 2864 Petrum,
1454 2794 1548 2854 sexto
1566 2793 1633 2857 kal.
1657 2792 1985 2870 maii„pontiilcatus

335 2879 500 2942 retardari
516 2878 695 2955 contingat,
719 2877 843 2955 etipse
863 2895 997 2940 nemore
1019 2895 1131 2939 rema·
1184 2889 1289 2954 nostri
1302 2905 1390 2954 anno
1409 2890 1520 2956 tertio.

336 2978 437 3040 nante
450 2975 585 3048 inculto,
601 2992 660 3036 nec
674 2973 768 3036 vobis
786 2991 846 3036 nec
862 2975 1020 3036 iratribus
1034 2976 1129 3036 dictae
1162 3051 1163 3054 Ἴ

335 3074 451 3136 domus
466 3089 509 3136 ex
524 3089 563 3135 eo
579 3072 702 3149 aliquid
719 3073 871 3133 utilitatis
891 3073 1037 3144 accedat,
1052 3073 1131 3132 uni-
1226 3129 1228 3134 .

335 3171 527 3232 versitatum
546 3170 691 3231 vestram
716 3168 897 3244 rogandam
919 3169 1075 3230 duximus
1097 3171 1131 3230 et

335 3267 544 3338 hortandam,
557 3283 617 3344 per
628 3266 816 3343 Apostolica
833 3266 953 3343 scripta
968 3265 1131 3327 mandan-

334 3367 395 3437 tes,
409 3367 572 3442 quatenus
587 3364 753 3441 praedictaa
771 3362 882 3425 domui
897 3361 1043 3425 decimas
1058 3363 1131 3424 dic-

334 3464 442 3525 torum
476 3476 667 3522 mansorum
692 3460 900 3521 concorditer
926 3459 1127 3531 concedatis,

333 3559 525 3621 mandatum
546 3559 695 3620 nostrum
711 3557 825 3618 taliter
838 3556 1017 3635 impleturi,
1043 3556 1129 3634 quod

334 3656 436 3717 iidem
451 3657 571 3718 iratres
586 3657 720 3733 propter
741 3655 803 3715 hoc
822 3655 863 3716 ad
879 3671 939 3716 nos
954 3669 1129 3716 recurrere

333 3770 399 3815 non
414 3754 583 3832 cogantur.
607 3754 724 3814 batum
741 3755 853 3814 Rornae
868 3752 955 3829 apud
972 3753 1129 3813 Sanctum

334 3853 469 3913 Petrum
483 3849 689 3912 Vllralmaii
702 3849 913 3928 pontificatus
927 3849 1033 3912 nostri
1042 3863 1129 3909 anno

333 3949 443 4012 tertio.

685 4073 780 4160 GGV

332 4219 384 4277 Ad
411 4219 589 4287 decuriam,
611 4215 791 4277 cantorem
815 4215 847 4276 ei
872 4213 1131 4276 thesaurariam

615 4315 850 4374 Eorotceascs.

608 4423 643 4480 26
658 4424 755 4495 aprilis
771 4423 849 4480 lala.

362 4529 481 4592 [Rogat.
495 4527 539 4578 lib.
553 4527 598 4586 lll,
609 4527 681 4592 epist.
695 4527 749 4576 lbi.
762 4529 819 4578 blss.
831 4527 866 4576 La
877 4527 953 4576 Porta
964 4527 999 4576 du
1012 4525 1106 4590 lircil]

333 4633 466 4693 Prohibet
478 4649 515 4690 ne
533 4632 644 4706 judices
662 4633 735 4689 inter
755 4632 1000 4704 archiepiscopum
1022 4631 1127 4690 Rotho·

369 4737 485 4796 magen.
501 4729 528 4778 et
541 4721 714 4779 abbatissam
730 4721 895 4778 monasterii
908 4721 1021 4780 villaris
1033 4729 1130 4778 exten-

368 4811 436 4867 dant
451 4811 573 4882 amplius
583 4825 664 4866 suam
678 4807 914 4881 jurisdictionem.

373 4927 552 4998 Honorius,
576 4925 653 5000 etc,
677 4927 806 4988 dilectis
826 4927 943 4987 filiis..
964 4926 1129 4991 decano...

314 5075 319 5082 .
333 5024 463 5088 cantori
476 5025 546 5086 et...
564 5023 774 5086 thesaurario
790 5024 964 5086 Ebroicen.

313 5173 316 5180 .
372 5120 583 5185 Venerabilis
607 5121 711 5186 irater
731 5123 881 5185 noster...
903 5121 1132 5198 archiepisco-

334 5237 395 5299 pus
412 5220 448 5281 et
470 5219 581 5282 dilecti
602 5219 664 5281 lilii
683 5219 865 5297 capitulum
890 5219 1129 5294 Rotbomagen.

334 5316 534 5385 transmissa
566 5316 663 5379 nohis
696 5317 933 5394 conquestione
965 5315 1133 5377 monstra-

334 5419 422 5488 runt,
440 5415 655 5493 quodcum...
671 5413 841 5476 abbatissa
852 5411 1046 5474 monasterii
1062 5411 1132 5474 Vil-

334 5512 446 5576 larisa
460 5513 567 5575 lelicis
578 5513 747 5574 memoriae
756 5510 948 5573 Innocentio
960 5524 1044 5587 papa
1057 5526 1133 5586 prae·

335 5613 510 5672 decessore
537 5613 650 5670 nostro
675 5609 714 5670 ad
744 5606 969 5668 verrerabilem
997 5605 1130 5668 tratrem

1523 3021 1638 3110 tovi

1274 3155 1328 3215 sid
1347 3155 1558 3228 srepnaaam
1586 3157 1886 3218 cantuariensem.

1468 3267 1502 3324 27
1519 3265 1597 3338 april.
1612 3267 1689 3324 lala.

1308 3371 1460 3436 [Baliarium
1473 3371 1556 3424 liora..
1568 3371 1629 3420 edit.
1640 3371 1715 3422 Taur.
1731 3372 1774 3430 lli,
1787 3373 1856 3438 aas]

1184 3469 1300 3528 Mandat
1314 3479 1344 3526 ut
1356 3469 1509 3528 informent
1521 3469 1557 3527 de
1571 3471 1627 3528 vita
1642 3477 1670 3528 et
1686 3471 1831 3528 miraculis
1851 3473 1983 3545 lingonis

1396 3557 1603 3615 Lincolnlensis
1627 3559 1764 3631 episcopi.

1224 3665 1391 3727 Honorius
1406 3666 1710 3742 episcopusservus
1724 3668 1981 3740 servorumDei,

1183 3761 1431 3824 venerabilibus
1445 3762 1602 3823 iratribus
1616 3763 1867 3840 archiepiscopo
1889 3766 1978 3826 Can-

1182 3855 1472 3927 tuarien.,sanctae
1484 3862 1642 3921 Romanae
1653 3861 1981 3922 Ecclesiaecardinali

1184 3957 1217 4018 et
1245 3957 1401 4034 episcopo
1434 3957 1666 4030 conventren„
1692 3959 1725 4018 et
1763 3957 1883 4020 dilecto
1912 3959 1981 4020 illio

1184 4052 1295 4114 abbati
1311 4053 1351 4116 do
1367 4054 1526 4116 Fontibus
1539 4054 1731 4116 Cistercien.
1746 4054 1883 4126 ordinis,
1893 4054 1983 4116 Ebo-

1185 4164 1296 4213 racen.
1327 4149 1491 4223 dioecesis,
1522 4151 1663 4214 salutem
1699 4153 1732 4214 et
1765 4151 1982 4238 apostolicam

1184 4247 1459 4310 benedictionem.

1224 4347 1305 4405 Cum
1334 4347 1493 4423 juventus
1536 4345 1703 4417 Ecclesiae,
1743 4343 1829 4405 sicut
1869 4345 1982 4422 aquila

1185 4443 1376 4514 renovetur,
1393 4459 1467 4506 cum
1482 4443 1588 4503 simus
1600 4443 1634 4504 in
1649 4459 1730 4519 quos
1744 4442 1826 4502 fines
1841 4443 1988 4503 saculo-

1186 4555 1270 4611 rum,
1306 4540 1486 4603 secundum
1515 4539 1722 4616 Apostolum,
1765 4539 1982 4606 devenerunt,

1185 4636 1325 4698 innovat
1334 4638 1435 4712 ¹signa
1455 4637 1624 4706 Dominus,
1642 4639 1675 4697 et
1698 4637 1851 4698 immutat
1874 4637 1982 4698 mira-

1185 4733 1266 4795 bilia
1285 4733 1460 4809 magnillce
1482 4733 1664 4793 mirificans
1686 4735 1819 4794 sanctos
1839 4750 1916 4795 suos
1941 4733 1983 4794 ad

1186 4831 1447 4892 confirmandam
1481 4831 1654 4892 catllolicae
1679 4829 1760 4892 fidel.
1791 4831 1981 4908 puritatem,

1184 4931 1218 4990 et
1233 4928 1433 5005 pravitatem
1451 4927 1643 4990 haereticam
1667 4928 1914 5000 confutandam,
1941 4929 1982 4992 ad

1186 5025 1443 5088 convertendum
1482 5023 1684 5098 incredulos,
1729 5025 1770 5086 ad
1816 5027 1982 5104 justorum

1186 5122 1372 5193 scientiam,
1387 5123 1419 5184 et
1432 5122 1533 5183 corda
1546 5121 1694 5187 fidelium
1707 5123 1742 5184 in
1756 5123 1810 5186 sul
1831 5124 1983 5185 condito-

1186 5220 1233 5279 ris
1262 5235 1409 5280 amorem
1437 5220 1584 5281 suaviter
1625 5220 1885 5282 accendendum.
1929 5221 1983 5282 Sic

1186 5317 1273 5376 enim
1306 5314 1439 5392 fulgura
1466 5318 1500 5378 in
1531 5317 1677 5396 pluviam
1704 5317 1784 5379 lacit
1811 5317 1980 5390 Dominus,

1187 5430 1261 5474 cum
1275 5414 1512 5478 miraculorum
1523 5413 1809 5477 coruscationibus
1822 5415 1985 5490 gloriosis

1187 5511 1363 5572 ecclesiam
1380 5528 1473 5574 suam
1490 5515 1637 5573 sanctam
1653 5512 1808 5588 dignatur
1832 5512 1985 5574 salubri«

1186 5611 1237 5668 ter
1264 5609 1467 5670 imitandam.
1499 5611 1578 5682 Quis
1605 5610 1692 5670 enim
1718 5611 1835 5672 videns
1858 5611 1984 5676 electos
