4248 6410
322 289 379 348 711

323 447 419 523 pectu
457 445 606 507 inliciant
639 460 832 515 venen0s03
863 440 1112 501 universitatem

322 545 466 604 vestram
493 559 664 604 monemus
687 545 719 602 et
746 542 917 601 hortamur
940 538 1110 604 attentius,

323 655 383 716 per
402 639 590 716 spostolica
615 637 709 710 vobis
737 637 859 712 scripta
890 634 1112 711 praecipiendo

323 735 530 807 mandantes,
542 737 715 812 quatenus,
727 735 794 793 nisi
806 733 888 794 tales
901 731 941 792 ad
958 731 1114 792 monitio-

322 849 398 894 nem
412 834 555 894 vestram
570 847 606 892 se
619 829 827 892 correxerint
842 831 874 890 et
887 827 928 888 ad
949 843 1043 887 suum
1056 841 1114 888 or-

322 930 432 990 dinem
460 929 492 990 et
514 929 602 990 viam
630 927 791 988 redierint
829 926 991 992 veritatis,
1022 925 1113 999 ipsos

321 1026 672 1088 excommunicationis
696 1022 832 1085 vincqu
859 1022 989 1098 publice
1010 1022 1113 1082 inno-

259 1181 270 1190 ,
320 1119 1114 1195 detis,subinterminationeanathemaiisomni·

318 1221 380 1282 bns
404 1219 628 1297 prohibentes,
645 1233 687 1279 ne
706 1217 812 1279 dictos
834 1217 1002 1294 apostatas
1027 1217 1115 1274 reci-

319 1331 397 1394 pere
411 1317 462 1376 vel
473 1317 620 1378 retinere
631 1317 781 1390 receptos
793 1316 849 1374 aut
861 1314 894 1373 iu
909 1329 969 1372 sua
986 1313 1113 1373 malitia

318 1413 495 1475 confovere
518 1413 582 1483 vel,
606 1412 692 1488 quod
718 1411 815 1481 absit,
839 1411 888 1470 eis
913 1410 948 1470 iu
976 1425 1113 1469 suarum

320 1510 507 1570 animarum
522 1509 706 1586 periculum
721 1508 966 1569 communicare
986 1523 1115 1581 praesu-

320 1607 422 1668 mant.
455 1609 573 1666 Datum
597 1605 765 1676 Laterani,
786 1607 815 1665 V
836 1604 909 1664 idus
933 1603 1111 1674 februarii,

322 1703 532 1780 pontificatus
547 1703 654 1764 nostri
667 1718 754 1763 anno
770 1703 895 1779 quinto.

634 1890 801 1977 cdlxii

609 2034 661 2093 Ad
675 2034 820 2092 eosdem.

617 2149 718 2210 91111.
737 2152 814 2214 litt.

508 2267 642 2328 [Strehlke,
653 2267 670 2316 Ι.
682 2281 713 2324 c..
726 2281 752 2330 p.
764 2265 819 2324 318,
832 2281 856 2316 1.
868 2265 935 2329 aei]

375 2373 457 2432 iubet
471 2373 579 2431 ordinis
593 2372 760 2430 1111111111
776 2373 928 2430 violatores
939 2384 1061 2428 censura

538 2462 730 2518 ecclesiastica
745 2462 900 2533 compesci.

362 2569 529 2631 Honorius
541 2570 725 2648 episcopus,
738 2585 852 2628 servus
862 2583 1033 2628 servorum
1043 2567 1113 2636 Dei,

323 2667 569 2728 venerabilibus
603 2667 760 2727 fratribus
793 2665 1054 2740 archiepiscopis
1084 2667 1117 2726 et

323 2765 486 2840 episcopis
500 2767 531 2824 et
547 2765 675 2824 dilectis
692 2764 768 2823 tiliis
788 2763 975 2832 abbatibus,
994 2763 1117 2839 priori-

322 2861 394 2931 bus,
407 2861 663 2930 archidiaconis,
679 2861 814 2920 decanis
830 2863 862 2920 et
873 2860 949 2919 aliis
960 2859 1117 2920 ecclesia·

323 2973 396 3018 rum
409 2957 566 3034 praelatis,
581 2959 622 3016 ad
636 2973 717 3032 quos
733 2957 852 3017 litterae
869 2957 940 3017 rstae
955 2972 1117 3031 pervene-

325 3055 402 3125 rint,
418 3055 556 3114 salutem
568 3054 600 3114 et
611 3053 824 3128 apostolicam
839 3053 1114 3114 benedictionem.

363 3152 431 3214 Etsi
457 3151 656 3227 spostolicae
688 3151 856 3211 servitutis
883 3151 1029 3211 officium
1057 3167 1117 3210 nos

326 3249 505 3312 constituat
518 3247 669 3308 omnibus
682 3249 717 3307 in
726 3248 857 3324 justitia
873 3247 1048 3318 debitores
1065 3248 1117 3306 vi-

325 3347 373 3407 ris
388 3347 499 3406 tamen
515 3344 680 3420 religiosis
692 3347 723 3406 et
738 3345 786 3405 eis
802 3345 955 3414 maxime,
967 3359 1047 3420 quos
1060 3361 1119 3420 per

327 3443 422 3504 Sedis
434 3442 632 3518 Apostolicae
649 3442 823 3518 privilegia
840 3443 958 3518 majori
977 3442 1118 3500 donavi-

327 3557 401 3600 mus
426 3539 589 3610 libertute‚
607 3539 797 3614 specialiter
816 3539 932 3599 adesse
955 3541 1116 3609 tenemur,

328 3655 370 3698 ue
384 3637 496 3707 iidem,
514 3636 598 3713 qnod
614 3634 710 3706 absit,
733 3637 952 3710 malignorum
971 3636 1119 3694 incursi-

327 3735 389 3796 bus
404 3733 622 3810 exponantnr,
641 3733 745 3792 sinon
760 3732 868 3802 fuerit,
881 3733 937 3808 qui
948 3748 1006 3808 pro
1020 3733 1068 3792 eis
1085 3747 1119 3792 se

328 3848 458 3893 murum
471 3830 672 3892 defensionis
688 3833 840 3906 opponat.
860 3829 1121 3904 (1111111111ἀί-

328 3930 406 3992 lecti
436 3929 495 3990 fllii
531 3929 689 4004 magister
720 3929 751 3989 et
788 3928 906 3988 fratres
938 3927 1120 4003 Hospitalis

330 4029 459 4089 Sanctae
486 4027 600 4086 Mariae
621 4025 902 4086 Theutonicorurn
928 4025 1121 4101 Hierosoly-

329 4125 445 4186 mitaui
461 4139 503 4185 ex
523 4139 561 4185 eo
581 4123 676 4184 nobis
691 4122 839 4198 graviter
855 4123 922 4182 sint
937 4121 1119 4198 conquesti,

330 4221 426 4298 quod,
451 4237 524 4280 curn
540 4221 605 4295 ipsi
623 4235 643 4280 a
665 4219 935 4278 malefactoribus
951 4221 1020 4279 suis
1039 4235 1119 4294 pas-

330 4319 392 4377 sim
409 4317 549 4392 injurias
565 4315 751 4375 sustineant
768 4316 801 4375 11
822 4315 968 4390 rapinas,
988 4315 1046 4374 vix
1064 4315 1121 4373 in-

330 4413 472 4482 venitur,
488 4411 543 4488 qui
566 4427 711 4486 congrue
737 4409 802 4471 illis
823 4413 1026 4486 protectione
1044 4411 1123 4471 sub-

331 4509 453 4580 veniat,
478 4506 686 4567 universitati
710 4508 828 4567 vestras
856 4524 914 4583 per
934 4508 1122 4583 apostolica

332 4607 454 4682 scripta
474 4603 668 4664 mandamus
683 4604 715 4665 et
733 4603 978 4666 inobedientiae
1002 4606 1123 4667 virtute

332 4703 480 4764 districte
506 4701 732 4778 precipimus,
763 4703 923 4777 quatenus
952 4703 1044 4773 illos,
1068 4703 1123 4778 qui

245 4805 249 4814 “
333 4800 453 4861 1111111
467 4799 641 4875 praedictos
654 4799 686 4859 et
700 4815 814 4858 eorum
829 4799 978 4859 homines
993 4799 1027 4859 in
1049 4815 1125 4874 per-

334 4899 424 4960 sonis
436 4898 485 4956 vel
498 4895 596 4956 rebus
612 4895 820 4968 offenderint,
837 4899 889 4956 vel
906 4897 1052 4972 ipsorum
1066 4896 1126 4956 do-

333 5011 405 5058 mos
442 4993 604 5054 violenter
635 4994 829 5062 invaserint,
867 4997 924 5055 aut
955 4993 1126 5068 rapuerint

334 5094 421 5155 bona
436 5107 507 5161 sua,
526 5090 652 5150 tamdiu
671 5090 973 5152 excommunicatos
996 5090 1125 5165 publice

336 5189 507 5261 nuntietis,
520 5188 645 5260 111111,
658 5187 821 5264 inquibus
836 5186 1025 5248 eorumdem
1041 5187 1126 5249 bona

335 5287 467 5350 detenta
504 5285 638 5357 fuerint,
676 5283 868 5360 supponatis
901 5283 1126 5347 ecclesiastico

303 5417 307 5424 ·
335 5383 522 5454 interdicto,
546 5383 651 5443 donec
676 5380 906 5441 malefactores
933 5381 996 5456 ipsi
1017 5382 1127 5443 ablata

336 5483 493 5546 universa
508 5480 687 5541 restituant
701 5481 734 5538 et
747 5477 788 5536 de
804 5477 905 5539 illatis
919 5477 1052 5554 injuriis
1067 5495 1126 5541 sa-

336 5577 505 5648 tisfaciant
541 5575 773 5652 competenter.
811 5575 928 5636 Datum
956 5577 1125 5648 Laterani,

940 279 1115 342 noxouii
1137 279 1182 338 111
1203 280 1352 338 OPERA.

1909 271 1980 330 712

1167 439 1194 496 V
1209 437 1284 496 idus
1306 435 1477 503 februarii,
1508 432 1721 508 pontificatus
1744 429 1850 492 nostri
1878 443 1977 490 anuo

1167 534 1295 609 quinto.

1470 644 1659 731 subilli

1461 789 1513 846 Ad
1527 789 1674 848 eosdem,

1465 907 1483 964 9
1499 906 1568 962 febr.
1586 907 1666 963 irai.

1351 1021 1487 1084 [Strehllre.
1499 1021 1516 1069 l.
1528 1035 1561 1076 1,,
1573 1035 1598 1084 p.
1609 1019 1666 1076 sis,
1679 1033 1704 1068 1.
1715 1019 1784 1083 m]

1168 1127 1354 1188 Commendat
1383 1129 1565 1199 praelatorum
1594 1127 1819 1198 populorumque
1847 1127 1970 1184 muniti·

1203 1219 1305 1273 11111111
1325 1216 1454 1287 ordinem
1475 1216 1682 1272 theutonicum
1699 1215 1851 1286 propositis
1869 1215 1970 1272 indul·

1204 1307 1319 1378 peririis.
1339 1305 1455 1362 clericis
1475 1304 1617 1371 coneedit,
1636 1311 1666 1360 ut
1685 1303 1804 1360 retentis
1819 1302 1974 1360 beneficiis

1205 1408 1255 1466 per
1273 1408 1381 1450 annum
1394 1393 1439 1450 vel
1453 1392 1601 1448 biennium
1613 1395 1640 1448 ei
1656 1393 1792 1448 serviant.

1209 1511 1567 1586 Honoriusepiscopus
1579 1525 1696 1570 servus
1707 1523 1879 1569 servorum
1891 1506 1968 1578 Dei,

1169 1605 1415 1667 venerabilibus
1447 1605 1607 1666 fratribus
1642 1603 1904 1682 archiepiscopis
1932 1607 1971 1665 et

1169 1704 1333 1778 episcopis
1348 1705 1380 1763 et
1394 1702 1524 1762 dilectis
1541 1701 1620 1761 tiliis
1639 1701 1826 1773 abbatibus,
1842 1702 1971 1776 priori-

1169 1801 1241 1869 bus,
1259 1798 1515 1868 archidiacouis,
1543 1799 1679 1858 decanis
1702 1801 1735 1859 et
1753 1799 1830 1860 aliis
1850 1798 1969 1858 eccle-

1171 1899 1297 1958 siarum
1312 1895 1469 1972 praelatis,
1483 1895 1524 1956 ad
1536 1909 1618 1972 quos
1630 1894 1750 1956 litterae
1765 1895 1839 1955 istae
1852 1909 1971 1970 perve-

1170 1995 1290 2065 nerint,
1304 1993 1456 2062 salutem,
1471 1993 1532 2053 ete.

1210 2093 1313 2162 Quam
1335 2089 1489 2150 amabilis
1505 2091 1571 2150 Deo
1586 2090 1619 2150 et
1633 2103 1731 2165 quam
1753 2087 1968 2149 venerandus

1171 2188 1360 2248 hominibus
1376 2187 1468 2248 locus
1479 2187 1611 2257 existat,
1624 2202 1723 2262 quam
1738 2187 1837 2246 etiam
1846 2188 1970 2262 jucun·

1170 2284 1247 2345 dum
1276 2287 1309 2345 et
1335 2285 1415 2345 utile
1443 2285 1688 2359 receptaculum
1718 2283 1902 2360 peregrinis
1927 2284 1967 2343 et

1170 2381 1371 2458 pauperibus
1387 2381 1533 2457 praebeat
1552 2381 1795 2442 xenodochium
1809 2380 1970 2456 Hospita-

1171 2480 1212 2538 lis
1229 2481 1357 2539 sanctae
1380 2479 1495 2538 Mariae
1511 2478 1789 2539 'theutonicorum
1802 2477 1969 2538 Hieroso-

1171 2577 1334 2652 lymitani.
1347 2575 1381 2635 hi
1394 2576 1449 2650 qui
1464 2589 1524 2650 per
1537 2575 1671 2635 diversa
1687 2575 1789 2634 maris
1804 2573 1966 2649 pericula,

1171 2672 1233 2750 piae
1254 2673 1438 2732 devotionis
1465 2672 1598 2736 intuitu,
1624 2673 1773 2732 sanctam
1799 2671 1968 2730 civitatem

1171 2771 1379 2830 Hierusalem
1396 2772 1428 2829 et
1444 2769 1654 2844 sepulchrum
1671 2767 1801 2829 Domini
1816 2767 1964 2838 visitant,

1172 2869 1304 2929 assidue
1320 2867 1571 2941 recognoscunt.
1593 2865 1640 2924 lbi
1666 2866 1755 2924 eninr
1778 2865 1966 2938 indigentes

1172 2969 1204 3025 et
1218 2980 1378 3040 pauperes
1394 2963 1598 3028 reficiuntur,
1616 2961 1756 3022 infirmis
1771 2960 1964 3022 multimoda

1172 3061 1325 3122 sanitatis
1354 3059 1513 3136 obsequia
1541 3059 1755 3129 adhibentur,
1770 3059 1802 3118 et
1825 3056 1967 3117 diversis

1173 3158 1341 3218 laboribus
1359 3159 1391 3218 et
1406 3157 1562 3232 periculis
1577 3155 1707 3230 fatigati
1721 3155 1894 3230 resumptis
1909 3154 1966 3213 vi-

1173 3255 1265 3315 ribus
1288 3257 1492 3324 recreantur,
1510 3257 1621 3329 atque,
1644 3256 1679 3316 ut
1705 3252 1767 3328 ipsi
1790 3252 1830 3312 ad
1849 3266 1966 3312 sacro-

1174 3354 1288 3411 sancta
1303 3352 1376 3411 loca
1388 3351 1517 3410 Domini
1534 3350 1638 3410 nostri
1654 3351 1732 3410 Jesu
1749 3349 1870 3409 Christi
1886 3363 1966 3408 cor-

1175 3449 1280 3524 porali
1297 3449 1471 3525 prasentia
1491 3447 1642 3507 dedicata
1667 3447 1817 3507 securius
1835 3445 1968 3506 valeant

1175 3545 1350 3621 proficisci,
1368 3545 1561 3613 servientes,
1579 3559 1660 3619 quos
1678 3543 1796 3604 fratres
1819 3541 1966 3618 ejusdem

1175 3644 1291 3703 domus
1307 3641 1347 3702 ad
1361 3641 1424 3701 hoc
1435 3641 1578 3700 odicium
1593 3641 1784 3716 specialiter
1797 3639 1967 3716 deputatos

1176 3741 1318 3817 propriis
1337 3737 1520 3814 sumptibus
1540 3737 1694 3806 retinent,
1712 3754 1786 3797 cum
1806 3739 1967 3813 opportu-

1175 3839 1262 3898 nitas
1280 3835 1402 3910 exigat,
1419 3835 1536 3894 devote
1554 3851 1592 3894 ac
1608 3834 1786 3909 diligenter
1808 3833 1965 3895 efficiunt.

1176 3935 1258 4006 Quia
1290 3947 1369 4008 erqo
1395 3932 1519 3992 eisdem
1549 3929 1707 3991 fratribus
1734 3931 1775 3991 ad
1801 3932 1968 3992 tantorum

1176 4031 1364 4105 sumptuum
1384 4029 1638 4088 immensitatem
1662 4029 1804 4105 propriae
1817 4045 1883 4089 non
1898 4027 1969 4088 suf-

1177 4127 1291 4187 iiciunt
1310 4124 1493 4195 facultates,
1511 4126 1684 4185 caritatem
1706 4126 1848 4186 vestram
1870 4124 1969 4186 duxi-

1177 4241 1248 4284 mus
1269 4223 1450 4298 rogandam
1468 4223 1500 4282 et
1515 4221 1723 4294 hortandam,
1745 4222 1907 4300 quatenus
1928 4221 1969 4282 de

1177 4324 1286 4381 vestra
1303 4319 1504 4380 abundantia
1520 4333 1634 4380 eorum
1653 4321 1798 4395 inopiam
1814 4319 1971 4396 supplea-

1177 4417 1230 4487 tis,
1248 4419 1280 4478 et
1301 4417 1455 4492 populum
1475 4415 1570 4477 vohis
1590 4418 1800 4477 commissum
1823 4416 1969 4492 ipsorum

1178 4513 1418 4575 fraternitatem
1429 4528 1611 4584 assumere,
1625 4515 1657 4575 et
1667 4513 1706 4574 ad
1720 4514 1968 4590 peregrinorum

1178 4612 1451 4672 sustentationem
1476 4610 1631 4672 collectas
1656 4609 1775 4680 facere,
1795 4611 1830 4670 in
1853 4623 1971 4684 pecca-

1179 4713 1286 4769 torum
1318 4723 1452 4766 suorum
1481 4708 1722 4777 remissionem,
1745 4705 1969 4783 frequentibus

1180 4803 1466 4867 exhortationibus
1477 4805 1650 4874 moneatis,
1662 4803 1971 4878 hocscientesquo·

1181 4901 1269 4960 niam
1285 4899 1408 4958 dictum
1423 4899 1592 4974 Hospitale
1607 4899 1885 4959 'theutonicorum
1896 4913 1970 4957 cum

1181 4997 1333 5056 omnibus
1355 4996 1396 5055 ad
1418 4996 1527 5071 ipsum
1545 4995 1786 5070 pertinentibus
1805 4995 1866 5054 sub
1883 4993 1970 5054 beati

1181 5093 1270 5155 Petri
1295 5093 1396 5153 tutela
1419 5093 1634 5168 suscepimus,
1658 5093 1691 5153 et
1712 5091 1910 5168 quicumque
1931 5089 1971 5149 de

1181 5190 1392 5252 facultatibus
1408 5189 1471 5250 sibi
1486 5192 1585 5250 aDeo
1600 5189 1730 5250 collatis
1744 5187 1900 5249 tratribus
1911 5187 1973 5248 eis·

1181 5289 1255 5350 dem
1271 5287 1470 5358 subvenerit,
1485 5288 1519 5348 et
1535 5287 1571 5347 in
1593 5288 1660 5347 tam
1682 5289 1797 5348 sancta
1811 5285 1972 5346 fraterni·-

1181 5386 1247 5446 tate
1273 5383 1425 5444 statuerit
1448 5398 1483 5443 11
1506 5382 1680 5457 collegam,
1695 5381 1792 5458 eique
1812 5379 1973 5442 beneficia

1183 5481 1378 5560 persolverit
1399 5479 1583 5550 annuatim,
1601 5478 1782 5540 secundum
1803 5478 1974 5554 quantita-

1181 5581 1246 5640 tem
1267 5577 1404 5638 subsidii
1429 5581 1461 5638 et
1480 5575 1663 5638 devotionis
1679 5573 1830 5638 effectum
1848 5589 1971 5651 pecca-
