4280 6404
315 281 376 344 339

315 441 496 513 mitterent,
510 439 546 502 ut
560 439 701 517 cognitis
713 439 837 517 negotii
847 441 976 503 meritis
990 455 1109 518 proce·

316 537 434 600 damus
453 537 489 600 in
503 538 588 616 ipso.
602 539 699 615 prout
717 539 805 600 esset
819 539 1112 616 secundumjusti-

314 635 398 698 tiam
412 635 668 712 procedendum,
683 634 745 697 tibi
759 633 911 696 eumdem
932 635 1111 698 terminum

307 731 537 810 praefigentes.
560 734 676 808 Nuper
696 733 807 794 autem
831 731 980 810 ipsorum
1001 735 1112 795 actuo

315 829 586 906 procuratoribus
609 831 744 907 propter
764 829 826 890 boc
839 829 876 890 in
891 831 1007 891 nemra
1018 845 1110 907 prae-

315 925 422 987 sanda
437 926 634 997 constitutis,
654 925 808 988 audictis
826 927 975 1004 ejusdem
995 941 1113 1003 procu-

315 1022 438 1084 ratoris
456 1023 615 1098 ipsorum,
633 1025 667 1084 et
688 1023 789 1085 etiam
804 1039 847 1084 ex
860 1038 976 1086 eorum
991 1023 1111 1086 litteris

316 1120 350 1181 et
370 1118 510 1196 quodam
528 1119 661 1196 publico
686 1121 908 1184 instrumento
936 1121 1113 1198 perpendi-

316 1231 402 1288 mus,
418 1216 502 1292 quod
517 1215 686 1289 affectant,
700 1219 737 1280 ut
746 1217 871 1280 electus
886 1218 1113 1280 confirmatio-

316 1327 392 1374 nem
406 1313 439 1374 et
453 1315 737 1377 consecrationem
756 1330 776 1376 a
796 1315 828 1376 te
843 1316 985 1392 recipiat
1002 1331 1111 1392 smpe-

316 1409 436 1482 dictus,
453 1410 540 1473 unde
553 1427 620 1474 nou
629 1413 826 1492 opponimus
835 1429 907 1485 nos,
924 1414 1003 1490 quin
1014 1414 1049 1474 in
1060 1413 1113 1474 bis

316 1508 352 1570 et
365 1507 442 1568 aliis
456 1509 550 1570 utare
560 1509 748 1586 liborejure
758 1510 827 1572 tuo.
843 1510 966 1571 Datum
973 1510 1113 1572 viterbii

318 1603 351 1665 ΙΙ
363 1604 438 1668 idus
458 1605 658 1680 novembris,
675 1605 887 1683 pontificatus
908 1607 1014 1668 nostri
1025 1622 1113 1668 anno

318 1704 448 1778 quarto.

356 1801 400 1860 In
414 1801 571 1862 eumdem
585 1803 725 1862 modum
747 1800 908 1876 scriptum
926 1802 978 1863 est
1001 1799 1115 1862 archi-

317 1893 459 1958 diacono
476 1898 510 1958 et
523 1897 668 1974 capitulo
682 1897 874 1960 Jadertinis.

667 2055 771 2143 XLV

467 2181 520 2240 Ad
533 2181 731 2254 apocopum
747 2184 960 2242 trecensem.

581 2293 616 2350 lt
628 2291 760 2352 novemb.
775 2293 854 2352 tati.

349 2397 470 2462 magui„
482 2397 527 2449 lib.
541 2398 584 2456 lv,
594 2397 673 2462 epist.
682 2397 737 2448 aot.
749 2399 851 2450 titula
860 2399 980 2451 Portedu
990 2399 1084 2465 ancil]

319 2498 507 2566 Sententiam,
523 2509 608 2568 qnam
624 2494 712 2554 abbas
733 2497 844 2555 sancte
857 2497 1001 2557 columbe
1014 2497 1115 2556 etolil·

354 2585 436 2645 cisiis
454 2585 629 2643 Senoneusis
645 2585 675 2641 iu
692 2584 819 2642 latorem
834 2585 897 2658 eius
911 2584 1048 2643 adversis
1064 2584 1114 2643 ab·

353 2673 450 2734 batem
470 2681 501 2732 et
519 2681 693 2732 oonventum
717 2673 966 2732 Pontiniocensem
981 2675 1114 2744 tulerant,

357 2763 525 2820 auctoritate
538 2761 702 2834 apotolica
716 2761 876 2819 mnilrmat.

360 2869 542 2940 Honorius,
565 2869 640 2958 eta..
657 2869 843 2931 venerabili
862 2869 996 2932 butri...
1022 2871 1115 2947 epis-

323 2966 733 3043 copourecen.,·a1utem,
751 2967 813 3028 etc.

361 3065 407 3126 Ea
427 3079 501 3141 quae
516 3063 644 3141 judicic
660 3064 713 3126 vel
731 3063 908 3126 concordia
928 3064 1117 3126 terminan-

321 3163 388 3234 tur,
404 3163 480 3233 etc,
496 3177 601 3238 usque
611 3160 820 3223 communiri.
833 3163 1026 3239 Eapropter,
1041 3163 1116 3234 etc,

321 3273 426 3337 usque
467 3273 608 3320 assensu
647 3257 858 3320 diffinitivam
899 3261 1116 3332 senteutiam,

321 3371 457 3435 quam...
472 3355 574 3418 abbas
588 3357 719 3418 Sanctae
734 3355 900 3418 Columbae
914 3357 1120 3433 etmagistcr

321 3454 496 3532 Philippus
522 3453 675 3514 officialis
703 3453 916 3526 senonensis,
940 3455 1037 3516 tertio
1061 3470 1120 3516 eo-

321 3567 395 3611 rum
417 3550 591 3626 conjudice
618 3550 782 3612 scilicet...
806 3550 931 3613 decano
955 3551 1121 3613 Autissio-

320 3647 435 3710 doren.
454 3647 601 3724 legitime
614 3663 708 3710 suam
728 3647 913 3710 absentiam
927 3650 1117 3722 excusante,

322 3761 382 3823 pro
406 3745 436 3807 te
459 3747 574 3807 contra
601 3743 738 3806 dilectos
763 3745 887 3806 tilios...
913 3745 1121 3809 abbatemet

323 3842 522 3904 conventum
555 3841 856 3915 Pontiniacensem,
891 3843 1120 3906 Cisterciensis

322 3939 462 4012 ordinis,
490 3954 591 4017 super
614 3939 766 4015 usuagic,
794 3939 880 4017 quod
905 3939 1061 4018 petebant
1086 3941 1120 4002 in

322 4037 513 4128 nemoribus
537 4037 698 4115 episcopi,
714 4040 782 4100 tam
804 4037 845 4097 ad
869 4039 1000 4114 pastum
1022 4053 1123 4116 peco-

323 4149 414 4208 rum,
440 4135 473 4197 et
501 4135 782 4197 constructionem
811 4134 998 4206 domorum,
1023 4152 1121 4212 quam

321 4233 390 4296 alia
416 4232 618 4305 necessaria,
634 4248 677 4294 ex
698 4232 907 4309 delegatione
931 4232 1122 4309 apostolica

322 4330 464 4406 cognitis
479 4344 590 4390 causac
603 4330 742 4396 meritis.
754 4330 1017 4406 promulgarant,
1026 4331 1123 4407 prout

323 4428 358 4487 in
380 4441 495 4488 eorum
518 4426 639 4488 litteris
661 4426 792 4502 plenius
813 4426 1012 4499 continetur,
1037 4427 1123 4489 sicut

323 4523 374 4584 est
393 4525 500 4599 justa,
525 4537 586 4583 nec
610 4521 758 4597 legitima
788 4525 946 4598 provocat
960 4539 1024 4584 one
1048 4540 1124 4584 sus-

324 4636 439 4698 pensa,
459 4619 656 4682 auctoritate
677 4619 867 4694 Apostolioa
890 4619 1123 4680 confirmamus

324 4720 357 4780 et
384 4717 559 4795 praesentis
587 4716 703 4792 scripti
730 4716 915 4792 patrocinio
939 4719 1125 4779 communi-

325 4833 416 4888 mus3
445 4814 487 4874 ad
514 4817 674 4891 majorem
702 4814 813 4876 autem
842 4815 892 4876 rei
923 4815 1123 4877 evidentiam

323 4914 475 4975 tenorem
498 4911 684 4973 litterarum
708 4911 857 4988 ipsarum
888 4910 929 4972 de
954 4912 1056 4974 verbo
1082 4911 1123 4972 ad

325 5009 462 5072 verbum
475 5008 630 5071 duximus
644 5009 871 5080 inserendum,
888 5009 944 5086 qui
959 5011 1011 5072 est
1024 5010 1122 5072 talis:

366 5109 445 5169 «ln
468 5107 602 5168 nomine
624 5106 732 5169 Patris
761 5108 794 5170 et
820 5107 897 5167 Filii
921 5107 954 5168 et
981 5107 1124 5184 Spiritus

327 5205 452 5276 Sancti,
462 5219 572 5266 amen.
588 5203 657 5264 Nos
671 5203 784 5264 Helias
799 5203 901 5266 abbas
916 5205 1046 5265 Sanctae
1062 5205 1127 5264 Go-

262 5375 271 5406 ,
326 5302 447 5365 lumba
469 5302 502 5363 et
522 5301 682 5378 magister
703 5300 878 5378 Philippus
893 5300 1047 5362 officialis
1064 5303 1127 5362 Sc·

326 5400 496 5472 nonensis,
513 5399 667 5463 omnibus
690 5401 872 5476 praesentes
896 5398 1026 5460 litteras
1055 5398 1128 5459 ins-

326 5495 1128 5576 pecturis,inDomincsalutem.Noverituniver·

328 5599 410 5660 sitas
422 5597 552 5667 vestra,
570 5593 657 5672 quod
671 5608 731 5654 nos
746 5592 823 5664 duc,
837 5593 936 5656 tertio
954 5593 1128 5672 conjudice

928 281 1106 344 HONORH
1128 281 1173 342 111
1195 281 1344 344 OPERA.

1901 285 1961 346 340

1165 441 1279 502 nostro
1303 441 1431 502 scilicet
1454 437 1508 502 W.
1531 437 1659 504 decano
1680 442 1961 506 autissiodorensi

1165 536 1349 600 absentiam
1364 552 1459 598 suam
1474 537 1621 614 legitime
1633 541 1827 612 ancusante,
1843 541 1961 602 obser-

1165 636 1242 696 vata
1258 633 1363 696 forma
1377 635 1525 696 mandati
1540 635 1721 712 Apostolici
1736 635 1832 698 nobis
1854 653 1962 714 praes-

1166 731 1282 808 cripta,
1297 731 1520 793 venerabilem
1533 735 1659 809 patrem
1672 735 1811 796 Trecen.
1827 735 1960 812 episco-

1166 844 1244 906 pum
1263 831 1430 890 Horreum
1452 843 1512 906 per
1533 829 1730 891 seutentiam
1753 831 1961 894 diffinitivam

1166 925 1369 986 absolvimus
1390 925 1432 986 ab
1451 926 1657 1003 impetitione
1675 927 1815 1000 abbatis,
1831 931 1864 990 et
1883 943 1965 990 con·

1166 1021 1285 1083 ventus
1303 1023 1689 1109 pontiniacensis'super
1707 1025 1859 1101 usuagio,
1876 1025 1964 1102 quod

1166 1119 1267 1181 iidem
1286 1119 1390 1181 abbas
1418 1122 1452 1181 et
1470 1121 1653 1182 conventus
1673 1121 1829 1197 petebant
1850 1122 1885 1182 in
1905 1138 1966 1183 ne-

1168 1215 1313 1278 moribus
1328 1217 1407 1278 dicti
1420 1217 1579 1294 episcopi,
1591 1218 1659 1280 tam
1670 1218 1711 1278 ad
1724 1219 1854 1294 pastum
1867 1235 1967 1296 peco-

1166 1328 1252 1385 rum,
1274 1313 1308 1375 et
1333 1313 1585 1376 aediilcaticnem
1614 1315 1786 1376 domorum
1813 1332 1963 1387 suarum,

1168 1425 1266 1487 quam
1281 1408 1400 1470 adalia
1415 1409 1659 1481 necessariam
1670 1413 1765 1488 quus
1779 1412 1829 1472 rei
1841 1427 1967 1472 memo-

1167 1507 1254 1568 riam
1279 1507 1313 1567 et
1325 1507 1562 1580 testimonium,
1577 1508 1758 1583 praesentes
1775 1508 1904 1570 litteras
1919 1509 1967 1568 si-

1168 1603 1324 1679 gillorum
1340 1605 1529 1665 nostrorum
1549 1603 1732 1666 munimine
1751 1603 1890 1666 fecimus
1905 1621 1966 1667 ro-

1168 1699 1291 1761 borari.
1307 1701 1425 1762 Actum
1446 1701 1587 1762 Senonis
1601 1699 1732 1778 publice
1746 1716 1837 1763 auno
1849 1703 1968 1778 gratiae

1170 1799 1248 1858 1212
1263 1813 1377 1858 mense
1392 1797 1547 1859 octobris.
1563 1815 1581 1858 a

1209 1895 1301 1956 Nulli
1323 1911 1414 1971 ergo,
1439 1896 1514 1967 etc,
1543 1895 1631 1956 banc
1654 1895 1808 1971 paginam
1843 1895 1966 1958 nostrae

1170 1991 1641 2069 confirmationisiuiringer03
1653 1991 1966 2069 siquisautem,etc.

1170 2091 1289 2151 Datum
1304 2089 1445 2152 Viterbli
1467 2089 1613 2152 secundo
1629 2089 1703 2150 idus
1717 2089 1868 2151 novemb.
1880 2105 1969 2152 auno

1171 2187 1302 2264 quarto.

1505 2274 1630 2363 XLVI

1171 2409 1222 2469 Ad
1235 2408 1354 2469 soracti
1379 2409 1524 2470 Victoris
1540 2411 1755 2471 Panstcnsts
1772 2411 1805 2470 et
1819 2412 1971 2472 Herone-

1210 2519 1339 2566 norum
1349 2507 1486 2568 abbates
1498 2505 1533 2568 et
1544 2509 1588 2568 ad
1601 2509 1845 2568 cancellarium
1859 2510 1970 2569 Port-

1210 2603 1372 2664 mensem,

1432 2693 1467 2755 it
1480 2695 1614 2757 novemb.
1632 2697 1712 2756 rara

1205 2810 1281 2873 [bibi
1295 2811 1361 2870 Nat„
1373 2811 1442 2872 lisa,
1457 2811 1533 2862 londa
1543 2811 1616 2874 latin,
1629 2827 1656 2862 n.
1668 2811 1740 2870 6993,
1752 2811 1796 2862 toi.
1810 2811 1941 2880 ltalia]

1173 2919 1240 2976 Post
1256 2919 1427 2976 sententiam
1448 2919 1550 2992 prioris
1570 2921 1681 2977 Sancta
1701 2917 1854 2978 Ganoveire
1867 2928 1894 2978 et
1909 2935 1970 2978 ma·

1208 3007 1291 3080 gistri
1313 3007 1429 3065 diraudi
1444 3005 1582 3064 adversus
1604 3008 1769 3080 episcopum
1789 3009 1971 3077 trecensem,

1208 3095 1284 3152 idem
1307 3095 1459 3168 episcopus
1480 3093 1515 3153 ad
1535 3095 1637 3152 sedern
1654 3096 1847 3168 apostolicam
1867 3095 1901 3153 da
1925 3097 1972 3153 illa

1208 3183 1348 3240 sententia
1382 3183 1594 3256 appellaverat;
1625 3183 1690 3240 ideo
1723 3185 1820 3241 Sancti
1850 3183 1975 3242 Victoris

1209 3273 1387 3336 Parisiensis,
1410 3273 1616 3329 llennenarurn
1636 3271 1786 3328 abbatibus
1805 3279 1836 3330 et
1855 3273 1969 3330 cancu-

1208 3360 1279 3417 lario
1301 3360 1454 3418 parisiensi
1476 3360 1594 3418 mandat
1616 3361 1758 3418 Honorius
1785 3368 1815 3418 ut
1838 3361 1915 3420 litam
1936 3360 1973 3418 ad

1210 3449 1296 3507 iliram
1310 3449 1436 3508 debitum
1452 3448 1606 3508 deducant.

1214 3556 1395 3630 Honorius,
1410 3558 1487 3630 etc,
1509 3555 1639 3619 dilectis
1660 3557 1739 3618 tiliis
1760 3558 1874 3642 Quali
1895 3557 1976 3620 Vic-

1174 3654 1256 3716 toris
1267 3653 1504 3716 parisiensis...
1520 3655 1762 3715 Hermenarum
1770 3654 1973 3716 Parisiensis

1176 3751 1330 3812 dioecesis
1342 3749 1528 3822 abbatibus,
1551 3750 1752 3812 cancellario
1775 3751 1971 3822 Parisiensi,

1176 3848 1362 3910 salutemet
1376 3848 1592 3924 apostolicam
1607 3848 1885 3910 benedictionem.

1215 3943 1424 4006 Venerabilis
1437 3944 1541 4006 frater
1553 3947 1666 4006 noster
1686 3946 1861 4006 Troesmis
1881 3945 1976 4022 epis-

1176 4057 1278 4118 copus
1291 4042 1325 4102 in
1340 4044 1456 4102 nostra
1471 4042 1644 4119 proposuit
1657 4043 1835 4120 praesentia
1853 4041 1976 4104 consti-

1176 4141 1277 4210 tutus,
1299 4138 1385 4216 quod
1408 4155 1482 4201 oum
1507 4139 1631 4200 nobilis
1653 4140 1774 4200 mulier
1792 4142 1855 4200 Β...
1871 4140 1980 4202 comi-

1176 4237 1258 4298 tissa
1280 4235 1483 4312 Gampaniae,
1499 4251 1559 4296 suo
1580 4236 1723 4307 nomine,
1737 4236 1846 4313 ipsum
1863 4251 1979 4297 coram

1178 4333 1308 4394 dilectis
1330 4333 1444 4394 tiliis...
1474 4331 1593 4394 abbate
1615 4334 1683 4394 et...
1710 4333 1822 4409 priore
1847 4336 1983 4394 sanctae

1179 4429 1355 4492 denoveiae
1381 4431 1415 4492 et
1438 4429 1596 4506 magistro
1625 4430 1783 4502 (tiraudo,
1796 4429 1979 4492 parisiensi

1178 4527 1350 4602 canonico,
1366 4527 1565 4588 auctoritate
1581 4527 1766 4589 litterarum
1788 4529 1982 4588 nostrarum

1179 4641 1333 4701 supereo
1354 4624 1451 4701 quod,
1472 4623 1559 4686 sicut
1578 4623 1709 4685 dicebat
1729 4623 1846 4686 eadem
1875 4624 1988 4684 comi·-

1178 4723 1272 4794 tissa,
1284 4721 1463 4800 pradictus
1476 4720 1652 4796 episcopus
1665 4720 1819 4782 homines
1833 4720 1981 4798 ejus,qui

1179 4818 1335 4879 dicuntur
1349 4817 1390 4878 de
1400 4830 1550 4893 corpore,
1560 4816 1729 4878 ordinavit
1740 4815 1883 4894 inclytos
1894 4817 1927 4878 et
1942 4831 1982 4877 ea

1179 4914 1368 4975 inconsulta
1385 4917 1417 4976 et
1430 4912 1534 4974 invita
1547 4913 1700 4976 homines
1716 4913 1912 4990 religionem
1925 4913 1985 4974 ta-·

1180 5011 1291 5074 ciebat
1303 5012 1580 5082 intrare,neonon
1593 5010 1699 5072 laicos
1708 5010 1764 5088 qui
1778 5009 1819 5072 ad
1826 5009 1987 5087 junisdic·

1180 5111 1304 5170 tionem
1325 5108 1492 5184 pertinent
1512 5106 1705 5180 comitissae,
1722 5107 1763 5168 ad
1787 5105 1984 5174 instantiam

1181 5205 1346 5266 laicorum
1379 5204 1617 5281 pertinentium
1646 5203 1687 5264 ad
1713 5203 1984 5281 jurisdictionem

1182 5303 1331 5379 episcopi
1344 5287 1694 5380 propris'euctontan
1705 5299 1830 5362 citabat
1839 5302 1873 5361 et
1886 5299 1986 5362 rebus

1182 5399 1271 5471 aliis,
1288 5400 1448 5462 traxisset
1465 5399 1500 5460 in
1523 5413 1675 5474 causam3
1699 5398 1787 5460 idem
1807 5398 1985 5474 episcopus

1184 5499 1302 5560 contra
1332 5497 1404 5558 illis
1434 5496 1568 5574 excepit
1598 5494 1684 5572 quod
1713 5508 1781 5556 non
1812 5493 1990 5557 tenebatur

1185 5595 1384 5659 auctoritate
1414 5595 1599 5658 litterarum
1620 5593 1770 5670 ipsamm
1795 5592 1989 5669 hujusmodi
