4300 6392
151 338 215 397 373
745 377 746 380 ,
776 334 1005 394 EPISTOLAE.
1030 333 1107 392 LIB.
1132 333 1185 392 IV.
1742 335 1801 394 374

152 495 251 571 grato
268 493 502 556 concurrentes
513 509 665 563 assensu,
679 493 949 570 compositionem

152 593 243 654 inter
255 608 314 653 vos
325 607 368 652 ax
382 575 475 668 parte
491 606 557 651 una
568 593 601 652 et
614 590 781 666 Algottum
796 606 836 651 ac
851 605 952 667 quos·
1006 627 1057 684 Ad
1077 623 1179 690 abbat

1337 499 1480 589 LXXII

283 690 290 702 .
502 688 508 700 .
576 689 582 702 .
638 689 644 701 .
740 688 746 700 ,
1180 639 1236 686 ern
1258 628 1543 702 Reddoqesbuscn
1569 625 1604 688 et
1632 627 1802 699 majorem

152 689 230 749 dam
247 687 949 755 aliosdonstantrensrsdrcecesrsexaltera,
1046 723 1365 784 Hildemememem
1386 721 1418 782 et
1442 725 1483 784 de
1495 725 1646 795 Embme,
1666 722 1805 784 scolam.-

152 788 340 862 superjure
351 785 545 861 patronatus
557 783 815 846 deltilcheimde
824 785 950 845 Matera
1046 832 1102 878 003
1130 821 1409 895 mammem
1441 821 1476 880 eg
1500 817 1804 882 Hatverstodcnsts

152 884 188 944 et
206 882 458 957 Emmuetingen
472 881 690 942 ecclesiarum
706 881 872 942 mediante
887 895 949 941 ve·
1047 917 1245 976 dioecesum.

153 978 300 1039 nerabili
310 978 412 1039 tratre
422 979 535 1039 nostro
544 978 787 1040 constantiensi
796 977 950 1054 episcopo

152 1074 376 1136 amicabiliter
385 1073 512 1144 initam,
523 1075 610 1137 sicut
619 1075 692 1134 sine
703 1073 865 1150 pravitate
878 1089 951 1149 pro-
1115 1095 1300 1162 [nappenberg
1314 1097 1403 1148 namu.
1419 1099 1469 1149 un,
1483 1099 1502 1158 1,
1515 1097 1571 1156 330,
1582 1111 1607 1148 n.
1621 1097 1689 1160 tan]

153 1171 232 1232 Vide
245 1171 332 1232 sflcIfl
354 1171 415 1242 ests
437 1171 470 1232 0I
490 1169 531 1230 ab
557 1169 696 1246 ”Imque
721 1171 814 1247 Pffl'te
835 1171 950 1246 ³P⁰¹¹I⁰
1007 1193 1186 1252 Eismandat
1200 1202 1230 1252 ut
1250 1195 1425 1268 investigent
1443 1211 1511 1252 num
1531 1193 1614 1254 luerit
1628 1189 1799 1254 canonicas

154 1268 383 1344 1909111891ῖῦ
400 1267 617 1328 Ῑῡῧῖΐῦῐῐῑθΰῐθ
633 1267 780 1342 91131]θῦ1
803 1266 950 1344 0111800βὶ
1041 1281 1244 1340 Bremensibus
1272 1283 1418 1341 canonicis
1449 1283 1521 1340 iacta
1552 1285 1653 1341 electio
1681 1284 1799 1342 Gersrdi

154 1364 306 1428 conlecto
345 1363 467 1426 exinde
506 1363 711 1436 continetur,
753 1364 950 1426 auctoritate
1041 1371 1185 1444 prepositi
1211 1370 1413 1430 Palbornensis
1438 1373 1468 1428 in
1496 1374 1679 1430 bremensem
1703 1371 1798 1430 arohi-

154 1461 345 1538 Apostolica
355 1461 590 1524 confirmamus
603 1461 636 1522 et
649 1461 824 1536 presentis
835 1461 949 1538 scripti
1040 1459 1217 1532 episcopum.

155 1559 341 1636 patrocinio
369 1557 622 1620 communimus.
649 1557 741 1618 Nulli
766 1572 856 1634 ergo,
886 1559 948 1620 etc.
1045 1559 1213 1620 Honorius
1240 1559 1438 1637 episcopus,
1482 1575 1599 1620 servus
1627 1574 1798 1621 servorum

157 1657 193 1716 Si
208 1656 294 1732 quis,
310 1657 372 1716 etc.
389 1656 507 1717 Datum
520 1654 670 1725 Viterbii,
688 1657 718 1715 lI
729 1655 804 1715 idus
819 1654 952 1716 decem·
1005 1655 1075 1726 Dei,
1090 1653 1219 1716 dilectis
1234 1656 1324 1726 tiliis,
1342 1656 1454 1717 abbati
1464 1657 1504 1717 de
1517 1656 1797 1732 Reddagesbusen

155 1752 236 1824 bris,
254 1752 463 1829 pontificatus
477 1752 584 1814 nostri
598 1751 828 1829 annoquarto.
1005 1754 1037 1812 et
1060 1752 1178 1828 majori
1202 1753 1505 1814 Hildensemensem
1536 1754 1569 1815 et
1594 1752 1635 1813 de
1660 1753 1797 1814 Embike

1301 993 1334 1050 31
1347 991 1409 1050 dec.
1427 993 1506 1051 rara.

504 1891 606 1978 LXX

178 2017 230 2076 Ad
249 2017 446 2078 conradum
461 2019 657 2090 episcopam
676 2016 921 2080 portuensem.

413 2119 447 2176 la
462 2117 592 2175 decemb.
609 2119 687 2176 isla.

324 2214 456 2277 [Martena
470 2215 544 2266 Thes.
556 2214 660 2272 Anecd„
675 2215 695 2271 l.
708 2213 776 2279 899]

152 2303 212 2376 lpsi
221 2301 352 2362 concedit
367 2310 548 2376 potestatem,
563 2309 593 2360 ut
606 2317 656 2360 eos
666 2303 695 2359 in
708 2310 783 2360 terra
797 2303 951 2378 legationis

188 2406 258 2458 sua,
269 2391 319 2462 qni
332 2391 393 2447 solo
410 2389 526 2447 nomine
538 2389 686 2462 regulares
697 2405 748 2446 sua
765 2393 950 2462 perversitate

187 2478 336 2547 ecclesias,
353 2477 495 2550 inquibus
508 2478 676 2546 consistunt,
693 2475 752 2534 lere
767 2480 880 2552 penitus
892 2480 949 2537 ool·

187 2563 244 2623 labi
260 2565 387 2636 iecerint,
407 2567 526 2624 collocet
540 2567 570 2624 in
582 2565 646 2623 aliis
659 2565 741 2636 locis,
757 2566 792 2624 ad
807 2569 947 2641 poeniten·

189 2654 258 2711 tiam
274 2653 479 2727 peragendam.

192 2762 371 2834 Honorius,
396 2763 471 2836 etc..
487 2763 672 2825 venerabili
691 2764 786 2826 tratri
804 2765 837 2825 C.
856 2763 949 2842 epis-

152 2873 235 2937 copo
259 2860 452 2931 Portuensi,
484 2861 681 2937 Apostolicae
707 2861 802 2923 Sedis
827 2861 948 2937 legato,

154 2955 295 3018 salutem
308 2957 342 3018 et
355 2956 570 3034 apostolicam
580 2957 855 3019 benedictionem.

193 3055 275 3114 Cum
299 3053 333 3113 in
355 3055 445 3115 terra
466 3053 643 3130 legationis
668 3057 732 3116 tuse
754 3055 850 3116 multi
872 3055 948 3127 sint,

153 3149 239 3211 sicut
253 3149 452 3227 accepimus,
469 3151 540 3212 solo
551 3149 686 3212 nomine
695 3151 879 3226 regulares,
892 3167 952 3230 per

153 3262 295 3324 quorum
320 3247 572 3325 perversitatem
596 3249 747 3310 ecclesiae
770 3249 806 3309 in
832 3247 951 3326 quibus

143 3344 341 3406 'consistunt
363 3343 433 3406 lere
456 3345 589 3421 penitus
612 3346 647 3406 in
669 3344 899 3423 spiritualibus
920 3333 951 3408 οἳ

151 3439 390 3518 temporalibus
405 3443 483 3502 sunt
504 3442 671 3519 collapsae,
693 3443 879 3504 collocandi
894 3459 951 3506 eos

151 3539 187 3598 in
210 3537 287 3598 aliis
308 3537 390 3600 locis
405 3539 446 3600 ad
465 3539 693 3615 poenitentiam
714 3541 952 3619 peragendam,

152 3650 192 3695 ac
212 3635 388 3696 ordinandi
408 3636 540 3697 easdem
562 3637 721 3699 ecclesias
740 3637 781 3699 de
800 3639 951 3716 personis

153 3732 374 3807 regularibus,
398 3749 459 3794 seu
482 3732 582 3795 etiam
602 3733 830 3807 saecularibus,
854 3737 952 3813 prout

153 3829 299 3903 pensatis
314 3829 463 3890 locorum
476 3831 508 3892 et
522 3833 707 3908 temporum
730 3831 953 3894 circumstan-

152 3923 209 3984 tiis
223 3923 347 3986 videris
371 3926 540 4002 expedire,
561 3927 700 3988 liberam
715 3927 776 3989 tibi
791 3929 949 3990 concedi-

153 4037 226 4082 mus
261 4023 457 4084 auctoritata
492 4024 707 4102 praeseutium
743 4026 949 4100 potestatem.

154 4119 274 4179 Datum
292 4116 444 4191 Vitcrbii,
462 4119 506 4180 id.
522 4121 718 4194 decembris,
741 4121 950 4198 pontificatus

153 4215 260 4277 nostri
275 4215 505 4293 annoquarto.
856 4231 860 4240 ·

447 4342 449 4347 ’
490 4349 612 4437 LXXI
728 4421 731 4426 .

344 4476 396 4535 An
407 4475 563 4536 abbatem
578 4477 755 4537 columbos.

449 4577 560 4635 tildec.
578 4578 656 4636 isle.

200 4671 354 4737 [Maurique
364 4673 434 4724 Ann.
444 4674 601 4732 cistercien..
612 4680 631 4724 t.
641 4675 684 4733 lv,
697 4689 722 4739 p.
735 4675 789 4732 lac,
798 4673 900 4738 fragm]

153 4769 186 4832 Ei
204 4769 328 4842 injungit
345 4777 375 4828 ut
397 4771 503 4828 tribuat
520 4772 686 4830 Placentino
704 4773 840 4846 episcopo
859 4774 947 4830 licen·

188 4858 256 4917 tiam
270 4858 413 4916 alienandi
425 4874 516 4931 usqne
528 4859 564 4916 ad
578 4862 766 4933 quantitatem
780 4861 856 4919 mille
869 4861 951 4918 libra-

187 4961 250 5004 rum
266 4945 302 5006 de
317 4947 547 5020 possessionibus
561 4950 651 5022 ipsius
669 4950 807 5022 episcopi.

196 5055 239 5116 ut
251 5054 445 5118 Placentino
461 5050 616 5134 episcopo
634 5057 694 5120 sub
707 5057 868 5120 immenso
881 5073 948 5122 acre

152 5151 274 5222 alieno,
296 5153 329 5214 et
351 5151 536 5214 redditibus
557 5157 629 5231 ejus
652 5155 891 5226 succumbenti,
920 5157 949 5216 si

151 5247 449 5326 videritexpedire,
460 5250 628 5312 licentiam
640 5251 767 5314 tribuat
778 5253 948 5314 alienandi

152 5361 258 5422 usque
283 5346 324 5407 sd
354 5347 572 5423 quantitatem
596 5347 687 5409 mille
722 5349 884 5411 librarum
909 5349 949 5411 de

1005 1848 1203 1921 scolasticis,
1238 1849 1502 1925 Moguntinensis
1532 1851 1565 1912 et
1599 1849 1796 1911 Halverstn-

1006 1944 1116 2006 densis
1141 1945 1330 2019 dioecesum,
1354 1947 1494 2009 salutem
1519 1947 1553 2009 at
1577 1946 1794 2024 apostolicam

1005 2041 1279 2106 benedictionem.

1045 2139 1209 2202 Exhibitae
1229 2140 1324 2202 nobis
1337 2139 1531 2202 dilectorum
1545 2140 1699 2211 tiliorum,
1711 2155 1800 2216 prae·

1006 2236 1104 2312 positi
1124 2237 1243 2298 decani
1264 2253 1303 2299 ac
1318 2239 1455 2315 capituli
1471 2237 1796 2313 ilamemburgensis,

1006 2333 1124 2396 litterae
1148 2335 1372 2408 continebant,
1394 2335 1479 2412 quod
1495 2345 1724 2412 quum'eorum
1740 2349 1799 2395 ec·

1006 2430 1118 2503 clesia,
1137 2447 1210 2508 quse
1236 2433 1461 2508 metropolico,
1479 2431 1565 2494 sicut
1581 2431 1616 2491 in
1638 2431 1798 2507 apostolis

1005 2527 1190 2604 privilegiis
1212 2529 1374 2590 contineri
1402 2529 1568 2600 asserunt,
1582 2527 1709 2588 honore
1730 2526 1798 2587 lul-

1004 2623 1112 2700 gebat,
1129 2627 1161 2687 et
1185 2626 1383 2698 Bremensis,
1399 2640 1479 2702 quas.
1492 2625 1686 2700 dignitatem
1711 2623 1798 2684 inle-

1005 2721 1128 2783 riorcm
1142 2721 1295 2794 habebat,
1318 2723 1458 2784 luissent
1482 2721 1681 2784 anctoritate
1703 2719 1798 2782 Sedis

1005 2819 1202 2895 spostolicae
1223 2820 1336 2892 unita,
1363 2819 1423 2881 tali
1445 2819 1665 2896 praerogativa
1691 2817 1799 2880 eidem

1005 2916 1302 2993 Hamemburgensi
1352 2917 1503 2978 ecclesiae
1548 2917 1735 2987 reservata,
1763 2913 1800 2975 ut

1005 3028 1066 3090 pro
1080 3027 1130 3085 ec,
1148 3014 1234 3090 quod
1254 3013 1362 3075 iuerat
1378 3013 1539 3090 dignitate
1558 3013 1724 3091 superior,
1746 3013 1800 3090 ip-

1006 3111 1076 3171 sius
1086 3112 1239 3173 canonici
1249 3111 1482 3174 Bremensibus
1493 3111 1529 3172 in
1539 3111 1704 3187 pontificis
1716 3110 1800 3171 elec-

1007 3207 1095 3268 tione
1121 3209 1364 3284 precederent,
1394 3211 1428 3272 et
1457 3209 1544 3270 idem
1577 3207 1727 3286 pontifex
1757 3207 1799 3268 ab

1006 3304 1302 3382 Hamemburgensi
1342 3306 1484 3368 ecclesia
1526 3305 1798 3382 archiepiscopus

1007 3401 1184 3475 diceretur,
1205 3405 1341 3465 extunc
1360 3403 1681 3478 Hamemburgenses
1696 3417 1799 3463 cano-

1006 3499 1074 3562 nici
1100 3500 1199 3562 simul
1218 3516 1293 3561 cum
1319 3501 1553 3562 Bremensibus
1574 3499 1639 3560 sibi
1662 3499 1798 3576 pontiti-

1007 3612 1077 3658 cem
1093 3597 1275 3672 elegerunt.
1299 3599 1414 3675 Nuper
1425 3613 1505 3660 rero
1520 3598 1616 3660 bona
1628 3598 1798 3659 memoriae

1007 3697 1057 3763 G„
1071 3695 1218 3771 ipsorum
1240 3695 1502 3774 archiepiscopo,
1519 3696 1619 3757 rebus
1642 3695 1799 3756 humanis
1906 3765 1908 3772 y

1006 3792 1169 3868 exempto,
1182 3808 1256 3853 cum
1271 3793 1402 3870 praelati
1418 3796 1613 3854 Bremensas
1632 3791 1797 3863 canonici,

1006 3888 1054 3949 eis
1072 3889 1273 3966 irrequisitis
1299 3891 1332 3952 et
1352 3891 1531 3968 praeposito
1554 3889 1711 3966 praedicto
1727 3889 1800 3950 erat

1006 3984 1152 4056 excluso,
1166 3985 1208 4045 ad
1221 3985 1417 4048 electionem
1428 3985 1671 4062 archiepiscopi
1686 3999 1799 4061 proce·

1006 4081 1086 4142 dere
1102 4082 1300 4153 niterentur,
1318 4082 1406 4143 idem
1419 4081 1617 4158 praepositus
1632 4096 1691 4159 pro
1705 4096 1740 4142 se
1759 4095 1800 4142 ao

1005 4182 1077 4255 ejus
1086 4179 1226 4240 ecclesia
1240 4179 1357 4240 sedem
1370 4179 1595 4256 Apostolicam
1606 4178 1797 4254 appellavit.

1007 4277 1068 4338 Sed
1096 4275 1196 4337 iidem
1208 4279 1405 4338 Bremensas
1436 4275 1692 4353 appellationem
1718 4289 1801 4337 con·

1005 4375 1220 4451 tempserunt,
1251 4377 1288 4435 G.
1309 4373 1569 4436 Palbornensem
1583 4373 1797 4451 praepositum

1004 4472 1039 4531 in
1066 4475 1278 4533 Bremensem
1311 4471 1600 4549 archiepiscopum
1624 4470 1797 4547 eligentes.

918 4597 920 4604 ·
1007 4569 1100 4630 Unde
1123 4569 1273 4647 praedictt
1303 4569 1626 4646 iiamemburganses
1646 4569 1799 4630 canonici

1006 4667 1248 4744 postularunta
1266 4667 1374 4739 nobis,
1391 4667 1476 4729 utet
1492 4668 1641 4743 ipsorum
1657 4666 1799 4744 privile-

1004 4766 1071 4840 gia,
1085 4781 1159 4842 quas
1174 4764 1304 4842 praelati
1332 4767 1528 4826 Bremensas
1553 4764 1711 4832 detinent,
1733 4764 1797 4824 sibi

1004 4861 1109 4934 reddi,
1127 4863 1161 4923 et
1186 4862 1235 4923 eis
1255 4865 1333 4940 jure
1357 4861 1513 4936 eligendi,
1531 4876 1596 4938 quo
1616 4877 1652 4922 se
1675 4862 1799 4940 injuste

1005 4959 1163 5037 spoliatos
1184 4960 1351 5030 asserunt,
1368 4959 1534 5030 restituto,
1551 4959 1587 5020 in
1602 4959 1734 5021 irritum
1750 4975 1801 5020 re-

1004 5057 1118 5118 vocari
1134 5057 1291 5134 quidquid
1308 5073 1408 5134 super
1421 5055 1496 5127 hoc,
1513 5055 1797 5134 postappellatio·

1005 5169 1080 5214 nem
1100 5155 1141 5214 ad
1166 5169 1227 5214 nos
1248 5153 1396 5230 legitime
1419 5153 1661 5230 interpositam,
1683 5155 1798 5215 contra

1003 5267 1061 5312 cos
1082 5251 1278 5313 ancoratum
1307 5251 1427 5321 extitit,
1445 5249 1688 5321 mandaremus,
1715 5265 1798 5312 cau-

1004 5363 1074 5408 sam
1090 5363 1190 5425 super
1208 5348 1251 5408 iis
1275 5347 1442 5424 aliquibus
1464 5347 1709 5410 committendo.
1730 5348 1798 5406 Nos

153 5443 417 5520 possessionibus
429 5444 535 5521 ipsius
550 5445 709 5522 episcopi,
736 5461 819 5523 quas
839 5448 948 5508 minus
1003 5445 1107 5521 igitur
1117 5445 1158 5508 de
1173 5445 1385 5506 discretionis
1399 5447 1520 5507 restrae
1533 5445 1708 5522 prudentia
1724 5458 1799 5504 oon·

153 5540 251 5602 utiles
266 5555 340 5602 esse
355 5541 566 5619 judicaverit.
580 5542 652 5604 Dat.
667 5541 819 5615 Vitcrbii,
833 5543 947 5620 quinto
1003 5543 1154 5612 fidentes,
1172 5559 1232 5620 per
1244 5544 1434 5620 Apostolica
1453 5541 1548 5605 robis
1564 5541 1687 5618 scripta
1703 5557 1799 5602 man-

153 5637 221 5700 tal.
230 5637 544 5716 januariipontitlc.
562 5639 700 5701 Honorii
716 5655 804 5702 anno
817 5643 945 5718 quarto.
1003 5641 1131 5713 damus,
1157 5640 1321 5718 quatenus
1346 5641 1484 5712 vocatis,
1507 5639 1562 5717 qui
1577 5638 1701 5701 tuerint
1714 5655 1797 5700 evo-
