4300 6392
199 325 258 386 409

556 508 642 596 elil

247 645 297 704 lu
320 640 539 704 Frfdericum
561 644 796 706 Romanorum
822 657 952 719 repens.

486 765 521 824 20
535 772 618 822 mart.
636 767 714 824 1220.

221 870 370 936 [haynaldt
379 871 470 922 hunsl.
482 872 618 922 ecclesiast.
637 872 670 922 ad
684 886 781 922 anuum
794 871 863 930 liae,
877 871 889 936 fi
904 870 968 932 bd]

202 978 344 1038 Honorius
356 985 429 1050 papa
445 978 588 1036 Bridarlco
601 981 793 1036 Romanorum
808 977 871 1050 regi
881 991 993 1050 proces·

233 1081 285 1124 sue
303 1067 456 1124 terminum
470 1082 528 1124 non
543 1067 606 1126 siue
621 1068 709 1124 multa
722 1067 836 1139 querela
849 1081 940 1138 usque
959 1064 995 1122 ad

232 1153 374 1212 halendae
385 1155 453 1212 maii
466 1156 610 1228 proximas
626 1155 838 1229 prorogandum
853 1152 992 1221 concedit,

241 1243 427 1316 hortaturque
448 1244 525 1301 illum
549 1243 652 1312 denuo,
669 1243 827 1302 uttandem
847 1258 878 1300 se
894 1241 994 1302 Christi

237 1331 372 1390 athletam
384 1339 412 1389 et
427 1333 521 1390 Terrae
532 1333 642 1390 Sanctae
657 1331 838 1390 defensorem
852 1329 991 1390 ostendat.

242 1449 409 1516 Honorius
424 1449 598 1526 episcopus
614 1465 731 1514 servus
750 1463 922 1512 servorum
934 1448 994 1510 Dei

201 1546 381 1618 Friderico,
399 1548 548 1608 Romano
564 1547 647 1622 regi,
661 1547 723 1610 etc.

243 1643 399 1720 sinceris,
415 1643 503 1704 etc...
515 1647 618 1706 Porro
631 1644 687 1720 qui
704 1645 786 1706 satis
801 1642 919 1718 diligit,
934 1656 992 1702 aa·

202 1741 245 1803 tie
262 1741 370 1816 timet;
388 1741 475 1800 unde
490 1757 556 1802 non
579 1741 699 1802 mirum
720 1741 750 1802 si
772 1741 812 1802 da
826 1740 993 1802 retardato

201 1852 358 1914 processu
377 1838 435 1898 tuo
456 1837 492 1898 in
518 1837 701 1900 subsidium
727 1841 837 1900 Terrae
865 1837 993 1900 Sancta

201 1933 262 1995 tibi
276 1933 451 1995 timeamus
475 1935 508 1996 et
531 1934 650 1996 nobis:
675 1935 736 1996 tibi
760 1949 802 1996 ne
821 1949 880 2012 per
896 1934 992 1998 toties

195 2031 349 2108 repetitae
383 2031 552 2094 dilationis
587 2033 791 2104 instantiam,
813 2031 990 2101 offensam,

193 2127 287 2204 guod
311 2128 408 2200 absit,
431 2130 652 2205 potentissimi
680 2131 769 2205 regis
792 2129 991 2202 incurrerim

202 2222 308 2295 nobis,
336 2239 379 2284 ne
405 2223 561 2286 facultate
586 2225 856 2301 prorogationum
876 2223 995 2300 hrrjus-

196 2320 290 2381 modi
316 2336 452 2382 causam
479 2321 569 2382 illius
593 2323 718 2384 Summi
744 2321 914 2384 Pontificis
938 2319 993 2396 qui

200 2433 261 2494 pro
283 2416 389 2479 salute
410 2418 524 2495 populi
545 2418 580 2478 in
608 2433 667 2480 ara
689 2420 797 2480 crucis
822 2433 857 2480 se
886 2419 993 2494 ipsum

200 2513 320 2577 obtulit
331 2515 475 2578 hostiam
491 2519 558 2576 Deo
579 2515 682 2588 Patri,
694 2517 867 2578 videamur
881 2516 992 2590 negli-

201 2614 319 2686 genter
340 2612 532 2689 reliquisse.
557 2615 679 2674 Verum
699 2613 809 2676 adbuc
831 2614 936 2674 instas
958 2613 995 2674 ut

193 2709 377 2784 adiicietur
400 2711 519 2785 quarta
542 2709 674 2782 dilatio,
699 2712 733 2772 et
757 2726 823 2771 non
850 2709 994 2774 tutandis

195 2805 287 2884 -quod
309 2806 429 2867 citatus
444 2798 558 2868 ⁴tribus
579 2807 695 2871 edictis
719 2809 747 2868 si
772 2808 994 2884 adjudicium

202 2904 319 2964 ranire
338 2904 528 2976 contemnit,
559 2907 665 2980 potest
693 2906 908 2968 contumaciae
934 2919 992 2966 re-

201 3001 373 3075 prebendi.
393 3000 455 3061 Sed
472 3002 594 3066 scimus
609 3002 694 3078 quod
710 3002 750 3062 ad
764 3003 994 3078 purgationem

200 3112 304 3156 morae
319 3095 497 3158 nonnullas
521 3113 638 3158 causas
663 3099 889 3160 excusationis
906 3099 993 3159 alla-

197 3208 284 3268 gas3
302 3194 423 3254 scimus
438 3194 538 3256 etiam
553 3195 639 3274 quod
659 3211 724 3256 non
743 3195 791 3256 sic
806 3211 863 3256 aas
885 3195 993 3258 inter-

203 3291 377 3367 pretantur
400 3292 510 3352 aemuli
535 3294 570 3354 ut
591 3293 700 3354 amici.
725 3294 794 3354 Nos
816 3295 926 3354 autem
952 3310 994 3354 ne

199 3385 268 3447 tam
295 3385 364 3447 cari
393 3387 457 3447 filii
481 3389 601 3450 famam
628 3405 798 3466 exponere
823 3391 996 3451 videamur

202 3484 414 3560 contemptui,
435 3478 538 3562 usque
553 3487 593 3552 ad
608 3486 767 3548 kalendas
780 3488 859 3548 maii
875 3488 993 3564 proxi-

203 3597 274 3640 mae
289 3581 336 3642 tui
352 3597 527 3658 processus
542 3584 720 3644 terminum
740 3599 992 3660 prorogamus..

194 3681 290 3738 ¹Sane
300 3678 485 3750 considera,
495 3682 590 3756 crpus
600 3681 644 3742 sit
656 3695 756 3741 causa
769 3697 842 3757 quaa
855 3681 992 3758 geritur,

198 3776 279 3852 qrria
294 3776 433 3850 (lbriati3
449 3780 542 3854 cujus
554 3778 772 3850 commodum,
788 3779 864 3855 quia
880 3792 995 3856 prosa-

198 3873 371 3948 quentium
392 3874 514 3948 ipsam3
536 3877 631 3950 cujus
654 3875 774 3951 gloria,
792 3877 869 3953 quia
893 3878 994 3938 totius

202 3969 314 4044 populi
330 3970 520 4044 christiani;
537 3973 569 4032 et
584 3971 724 4048 negligis
746 3987 819 4034 esse
836 3989 996 4050 prosecu-

201 4067 255 4128 tor
277 4079 387 4130 causae
412 4068 482 4140 Dei,
499 4069 694 4144 procurator
706 4071 870 4132 commodi
886 4071 945 4142 tui,
963 4071 996 4133 et

806 323 1041 396 .EPISTOLAE.
1065 325 1142 385 ΗΒ.
1168 325 1220 384 IV.

1744 313 1747 320 ‘
1785 327 1844 388 aaa

1047 482 1201 560 princeps
1227 481 1397 558 egregius,
1424 484 1580 559 quoniam
1610 487 1646 545 ut
1670 489 1843 561 speramus

1048 579 1182 655 paratus
1193 581 1243 641 est
1255 581 1414 642 Dominus
1424 581 1583 656 grandem
1595 580 1715 642 offerre
1728 581 1845 643 trium·

1047 677 1149 754 phum
1163 677 1219 754 qui
1234 677 1371 740 multam
1384 680 1455 753 jam
1475 677 1586 738 attulit
1602 677 1642 738 de
1659 693 1840 753 paucorum

1048 774 1161 835 labora
1176 789 1347 836 coronam.
1362 775 1553 850 Accingere,
1573 775 1747 851 accingere
1765 775 1842 850 gla-

1049 871 1104 932 dio
1129 873 1218 932 circa
1241 870 1367 943 femur,
1397 872 1627 947 potentissime
1657 871 1843 948 principum

1047 969 1265 1030 terrenorum.
1293 969 1476 1044 Accingere
1506 969 1542 1029 in
1573 969 1760 1030 bumilitate
1784 985 1845 1045 po«

1047 1066 1135 1138 tens3
1152 1065 1327 1139 accingere
1340 1065 1375 1124 in
1394 1065 1544 1140 potentia
1558 1064 1708 1136 humilis,
1725 1065 1842 1126 utnon

1048 1161 1082 1221 in
1108 1160 1246 1221 brachio
1268 1163 1325 1222 tuo
1356 1160 1518 1232 conlisus,
1544 1162 1583 1222 de
1615 1167 1714 1222 manu
1739 1160 1843 1222 Altis·

1048 1257 1124 1318 simi
1139 1257 1351 1333 suscipiasin
1365 1257 1449 1318 tanti
1471 1259 1754 1320 consummatione
1775 1273 1839 1318 na*
1956 1243 1965 1264 ⁸

1047 1355 1129 1430 getii
1139 1354 1279 1430 gloriam
1294 1370 1366 1430 quaa
1379 1354 1545 1430 speratur.

1088 1477 1196 1556 (Notae
1225 1477 1469 1552 chronologicae
1499 1477 1628 1539 desunt.
1658 1477 1733 1539 Non
1760 1493 1842 1540 vero

1048 1573 1263 1636 dubitandum
1284 1576 1350 1636 tam
1366 1589 1409 1635 ex
1428 1590 1566 1636 numero
1583 1573 1732 1652 epistolae
1745 1589 1843 1651 quam

1048 1685 1089 1730 ax
1118 1671 1235 1731 ordine
1260 1685 1372 1730 rerum
1403 1671 1483 1747 quin
1522 1669 1610 1732 circa
1646 1670 1843 1732 vicesimum
1916 1688 1917 1696 ¹

1047 1767 1158 1829 martii
1173 1767 1259 1829 diem
1274 1768 1464 1843 reponenda
1488 1769 1541 1829 sit.
1561 1767 1661 1830 Adest
1675 1768 1710 1828 in
1728 1773 1844 1843 reges·

1047 1864 1089 1924 tis
1105 1863 1164 1925 sub
1179 1881 1211 1924 n.
1228 1867 1288 1926 700
1309 1864 1415 1926 altera
1439 1865 1580 1941 epistola
1605 1881 1670 1942 qua
1694 1879 1841 1925 summus

1048 1960 1195 2038 pontifex
1223 1961 1435 2022 Bredericum
1472 1975 1602 2036 regom,
1633 1961 1737 2021 filium
1769 1964 1841 2037 ejus

1047 2059 1226 2120 Henricum
1242 2061 1274 2119 et
1297 2073 1412 2118 eorum
1433 2061 1541 2119 terras
1568 2059 1603 2118 in
1628 2070 1688 2118 sua
1704 2051 1842 2134 speciali

1047 2151 1251 2232 protectione
1272 2156 1379 2216 denuo
1394 2155 1524 2232 recipit.
1546 2155 1664 2216 Datum
1686 2149 1839 2222 viterbii,¹

1047 2253 1137 2313 xvll
1152 2248 1313 2312 kalendas
1327 2249 1471 2330 aprilis.)

1411 2428 1476 2514 cll

1184 2564 1235 2622 Act
1253 2567 1417 2636 populum
1437 2565 1699 2622 Bononiensem.

1339 2683 1356 2738 6
1372 2683 1452 2754 april.
1468 2683 1546 2740 lale.
1719 2757 1722 2763 Ι

1135 2795 1287 2860 [Bullatium
1301 2797 1455 2854 Romanum,
1467 2797 1526 2846 adit.
1540 2797 1626 2854 laur..
1637 2795 1679 2855 lll,
1691 2793 1759 2860 ddi]

1047 2891 1170 2952 abolitio
1183 2892 1370 2966 quorumdam
1389 2900 1557 2952 statutorum
1569 2907 1619 2965 per
1634 2892 1840 2961 fflnonienses,

1136 2989 1233 3040 contra
1242 2982 1401 3040 libertatern
1413 2981 1586 3040 scholarium
1597 2980 1748 3038 editorum.

1087 3099 1253 3162 Honorius
1287 3099 1481 3176 episcopus,
1519 3095 1634 3160 servus
1669 3109 1843 3158 servorum

1048 3197 1119 3269 Dei,
1137 3196 1266 3257 dilectis
1281 3197 1359 3256 liliis
1380 3196 1501 3272 popmlo
1518 3194 1732 3266 Bononiensi,
1750 3193 1843 3254 salu·-

1048 3295 1114 3355 tem
1129 3296 1162 3355 at
1177 3293 1392 3370 apostolicam
1407 3292 1682 3354 benedictionem.

1089 3393 1137 3450 Ex
1169 3390 1331 3451 relatione
1363 3389 1565 3450 venerabilis
1594 3389 1706 3449 matris
1735 3387 1841 3448 nostri

1049 3487 1205 3563 Hugolini
1252 3487 1399 3563 episcopi
1435 3486 1620 3546 Hostiansls
1665 3484 1840 3546 devotione

1049 3600 1147 3660 quam
1163 3584 1204 3644 ad
1220 3586 1403 3645 Romanam
1418 3583 1598 3644 Ecclesiam
1607 3583 1723 3660 geritis
1738 3582 1840 3643 iutel-

1048 3681 1144 3754 lecta,
1168 3681 1260 3742 tanto
1289 3681 1330 3743 ad
1354 3695 1405 3752 ea,
1429 3696 1502 3757 quae
1523 3680 1669 3742 vestram
1699 3679 1839 3740 salutem

1049 3778 1242 3854 respiciunt,
1268 3780 1303 3838 at
1326 3777 1497 3850 bonorem,
1514 3776 1697 3838 ferventius
1712 3775 1844 3852 aspira-

1049 3891 1132 3946 mus,
1150 3874 1272 3951 quanto
1286 3890 1346 3936 vos
1361 3876 1528 3950 tamquam
1544 3872 1740 3935 obedienfiae
1756 3871 1843 3932 filios

1048 3971 1090 4032 ad
1112 3971 1260 4047 ejusdem
1282 3971 1502 4031 obediendum
1522 3968 1686 4030 mandatis
1702 3959 1844 4043 cognos-

1049 4068 1155 4128 cimus
1170 4067 1356 4143 proniores,
1370 4079 1430 4128 vos
1445 4066 1544 4127 abiis
1559 4065 1730 4126 retrahere
1745 4064 1840 4125 sata-

203 4162 456 4226 christianitatis
482 4165 619 4228 athleta.
645 4167 685 4228 Et
711 4167 842 4243 quidem
865 4167 906 4228 ad
930 4168 994 4228 ista
1048 4165 1174 4239 gantae,
1189 4179 1262 4240 quaa
1284 4165 1316 4224 et
1335 4163 1457 4223 famam
1472 4163 1616 4224 vestram
1635 4159 1841 4231 obnubilant,

199 4261 234 4320 -te
269 4262 427 4322 Dominus
460 4261 629 4323 beneflciis
665 4262 787 4336 allicit,
823 4263 994 4326 miraculis
1049 4261 1083 4321 et
1107 4260 1229 4321 afferre
1250 4259 1345 4320 uobis
1373 4261 1508 4336 possent
1530 4257 1785 4328 incommodum,
1812 4257 1845 4318 et

198 4358 371 4430 provocat,
403 4358 435 4419 et
465 4357 626 4434 exemplis
652 4357 832 4421 informat:
866 4358 994 4422 benoli-
1047 4360 1221 4435 jacturam.
1240 4358 1326 4418 Sane
1350 4372 1425 4417 curn
1448 4373 1492 4417 ex
1520 4356 1629 4418 studio
1657 4356 1844 4416 litterarum

202 4451 264 4512 ciis
278 4452 393 4526 allicit,
411 4455 488 4531 quia
503 4455 570 4516 tam
596 4455 789 4532 depressum
815 4456 995 4533 aliquando
1048 4457 1171 4533 praeter
1196 4454 1326 4516 infinita
1353 4455 1536 4524 cornmoda,
1553 4469 1626 4532 quae
1640 4452 1782 4525 sentitis,
1802 4467 1845 4513 ex·

197 4547 251 4610 sic
277 4550 410 4612 tandem
445 4551 553 4614 erexit
590 4553 626 4614 in
661 4551 790 4628 altum3
823 4555 994 4616 miraculis
1049 4553 1213 4615 eovestra
1242 4553 1360 4614 civitas
1384 4553 1472 4614 inter
1493 4553 1577 4613 alias
1599 4551 1642 4612 sit
1658 4549 1794 4621 famosa,
1812 4549 1846 4610 et

202 4649 380 4722 provocat,
406 4649 483 4724 quia
520 4649 561 4710 de
589 4651 739 4711 Damiata
771 4652 994 4714 munitissima
1049 4651 1083 4710 in
1114 4651 1271 4712 universo
1304 4650 1426 4711 mundo
1463 4664 1584 4710 nomen
1620 4647 1846 4708 annuncietur

200 4745 338 4808 civitate
379 4746 477 4822 plene
511 4745 711 4810 desiderium
747 4749 859 4824 pusilli
897 4767 996 4812 exer·
1026 4747 1166 4826 ipsius,
1179 4747 1331 4824 factaque
1343 4748 1387 4808 sit
1409 4748 1514 4809 altera
1530 4745 1711 4816 Bethleem,
1728 4744 1845 4805 domus

199 4842 289 4903 citas
318 4841 494 4902 christiani
524 4858 582 4919 spe
611 4845 681 4920 jam
715 4843 885 4906 debilitata
914 4859 995 4921 per·
1049 4843 1205 4906 videlicet
1229 4843 1337 4920 panis,
1360 4845 1417 4920 qui
1442 4843 1592 4919 partualis
1616 4841 1793 4916 frangitur,
1809 4839 1845 4899 in

205 4937 297 5012 iecit;
318 4937 476 5000 informat
500 4941 671 5014 exemplis,
698 4941 863 5018 quianon
888 4943 995 5003 solum
1050 4941 1176 5012 eadem,
1203 4955 1247 5000 ex
1275 4957 1340 5018 qua
1364 4941 1488 5002 exeunt
1506 4939 1618 5008 duces,
1645 4938 1703 5015 qui
1725 4937 1845 5012 regant

202 5035 331 5096 nobiles
355 5036 388 5096 et
402 5037 560 5111 potentes,
587 5037 643 5098 sed
667 5039 767 5100 etiam
787 5055 949 5116 pauperes
964 5041 997 5101 et
1050 5038 1206 5114 populum
1222 5038 1363 5110 Domini,
1380 5038 1536 5114 qnoniam
1549 5035 1702 5097 instudio
1718 5031 1842 5096 eruditi

200 5131 326 5194 debiles
340 5132 403 5192 hoc
418 5132 550 5194 salubre
564 5135 731 5209 negotium
747 5139 825 5197 eunt
834 5137 995 5212 aggressi.
1051 5137 1265 5196 assumuntur
1278 5135 1319 5196 ad
1334 5136 1482 5210 regimen
1494 5134 1692 5202 animarum,
1711 5146 1778 5190 non
1794 5144 1845 5190 so-

202 5230 410 5306 Quapropter
442 5228 619 5304 diligenter
648 5231 799 5294 advertat
834 5247 895 5294 rex
928 5237 997 5294 tam
1050 5231 1118 5292 lum
1144 5231 1271 5294 debetis
1304 5247 1324 5292 a
1357 5231 1558 5293 scholarium
1593 5225 1844 5306 gravaminibus

202 5325 338 5400 grandis
349 5327 382 5386 et
396 5323 528 5395 nobilis,
540 5327 606 5385 tam
618 5327 734 5401 potens
746 5330 779 5389 et
792 5327 898 5399 fortia,
910 5328 996 5404 quod
1051 5329 1297 5405 conquiescere,
1324 5344 1440 5390 terum
1455 5329 1556 5390 etiam
1573 5327 1648 5388 illos
1663 5321 1846 5383 bonoribus

201 5421 237 5482 in
252 5421 295 5482 iis
311 5437 350 5484 eo
364 5422 472 5482 minus
487 5423 712 5484 excusationis
733 5426 921 5500 competere
931 5441 996 5500 po·
1052 5426 1246 5500 praevenire.
1271 5426 1485 5489 attendentes
1508 5423 1594 5501 quod
1619 5421 1682 5498 ipsi
1697 5419 1844 5494 gratuito

201 5521 289 5592 terit,
306 5536 370 5597 quo
384 5521 457 5596 plus
473 5519 602 5581 videtur
620 5523 795 5596 suppetere
816 5521 993 5584 facultatis.
1051 5523 1092 5584 ad
1117 5523 1313 5584 studendum
1334 5528 1479 5585 vestram
1499 5519 1739 5598 praeelegerunt
1758 5514 1845 5576 civi-

203 5618 369 5694 Exsurget
384 5617 486 5693 igitur
500 5615 697 5680 excellentia
716 5619 821 5692 rogia,
840 5622 999 5696 exsurgat
1051 5623 1162 5690 tatem,
1191 5637 1264 5696 quae
1291 5637 1364 5682 cum
1396 5621 1487 5697 prius
1513 5619 1599 5678 esset
1619 5613 1765 5683 humilis,
1786 5627 1845 5688 per
