4280 6404
320 299 377 359 179

315 432 478 508 quatenus
508 432 615 510 ipsum
641 447 700 509 pro
720 430 917 508 Apostolicae
934 431 1041 504 Sedis,
1075 429 1109 494 et

314 530 428 591 nostra
449 531 636 592 reverentia
655 529 691 590 in
712 529 910 592 canonicum
925 529 1106 606 recipiatis,
1140 587 1142 600 ,

314 627 346 690 et
361 627 396 687 in
410 626 558 698 fratrem,
576 626 786 703 praebendem
802 627 836 688 in
846 625 1108 692 vestraecclesia

314 723 498 787 cathedrali
519 723 726 786 conferentes
746 722 851 786 eidem
874 723 1057 788 hberaliter
1076 727 1109 785 61

314 821 473 896 11161161;
490 837 554 898 qua
570 820 714 892 obtenta,
738 820 891 882 volumus
910 820 946 882 ut
967 821 1108 884 canoni-

315 919 425 979 catum
440 919 552 980 Sancti
564 917 692 983 Nicolai
706 933 803 994 quem
816 917 965 979 obtinere
976 918 1109 994 dignos·

314 1015 412 1087 citur,
441 1014 558 1076 debeat
585 1016 767 1090 resignare.
795 1016 913 1078 Datum
939 1016 1106 1088 Laterani,

313 1111 413 1174 tertio
437 1111 598 1174 kalendas
619 1113 748 1190 aprilis,
773 1112 984 1189 pontificatus
1002 1113 1109 1176 nostri

313 1223 402 1270 anno
418 1210 526 1272 tertio.

354 1307 519 1384 Scriptum
532 1307 689 1384 estsuper
703 1307 803 1370 hoc...
819 1309 931 1370 Sancti
948 1309 1105 1381 Memmii,

287 1396 288 1406 ’
313 1405 380 1468 61...
410 1404 556 1467 omnium
583 1406 780 1470 Sanctorum
804 1405 845 1466 de
870 1406 983 1466 Insula
1003 1405 1108 1466 abba-

312 1500 400 1564 tibus
422 1500 672 1573 cathalaunen..
706 1504 742 1564 ut
767 1502 873 1566 dictos
904 1503 1106 1579 episcopum,

313 1598 488 1671 decanum,
515 1599 549 1662 et
568 1599 747 1676 capitulum
770 1599 811 1660 ad
826 1600 860 1660 id
875 1601 1031 1664 moneant
1052 1600 1108 1660 at-

310 1695 446 1768 tentius,
475 1699 510 1760 et
532 1696 713 1760 efficaciter
740 1695 899 1758 inducere
926 1697 1109 1774 6666661-

313 1793 449 1868 ponant.

624 1881 796 1968 CLXXII

311 2015 364 2074 Ad
384 2017 562 2086 decanum,
586 2015 619 2075 ct
637 2015 897 2076 thesaurarium
913 2009 1106 2087 1161666616,

457 2108 491 2169 et
504 2109 683 2169 curatorem
694 2111 970 2171 Noviomaasent.

599 2221 635 2280 30
648 2228 730 2278 mart.
745 2223 823 2280 1118.

358 2325 587 2389 [Regest.,lib.ll1,
600 2339 639 2391 ep.
652 2325 707 2376 eei.
719 2327 775 2380 lise.
788 2327 823 2377 Le
833 2326 909 2378 Parte
923 2325 957 2378 du
967 2327 1060 2394 Theti]

314 2423 430 2482 blendet
446 2431 474 2482 ut
496 2425 681 2497 personanter
696 2425 834 2484 accedent
853 2425 888 2490 ad
904 2428 1108 2486 monasterium

347 2511 442 2570 sancti
456 2513 580 2571 liaderdi
595 2513 810 2571 suessionensis
822 2521 850 2571 et
860 2513 1028 2586 impendant
1037 2516 1105 2572 visi-

285 2630 288 2647 ‹
346 2601 462 2658 tationis
474 2601 598 2658 officium
608 2607 665 2658 tem
677 2601 809 2675 incapite
821 2617 906 2675 quam
922 2604 949 2659 in
961 2603 1106 2674 membris,

344 2696 374 2747 et
394 2689 447 2747 sub
471 2689 583 2746 illorum
608 2689 711 2762 sigiliis
732 2691 901 2748 relationem
926 2706 1024 2749 eorum
1044 2707 1109 2766 quoe

346 2778 509 2837 invenerint
520 2778 633 2850 scriptis
648 2777 791 2836 redactam
805 2779 1006 2838 transmittent.

352 2895 530 2966 Honorius,
553 2895 629 2965 eta,
652 2895 782 2957 dilectis
804 2895 919 2956 filiis...
943 2895 1105 2959 decano...

312 2990 523 3053 thesaurario
550 2990 724 3052 Belvacen.
742 2992 810 3054 et...
828 2993 955 3053 cantori
977 2995 1107 3055 Novio-

314 3103 401 3150 men.

352 3185 400 3245 Ad
417 3185 563 3246 nostram
585 3184 788 3246 audientiam
808 3185 964 3251 Gueltero
986 3203 1106 3249 mona-

312 3281 376 3342 cho
409 3283 605 3344 monasterii
630 3282 743 3344 Sancti
774 3282 923 3344 Medardi
949 3285 1107 3346 Suessio-

312 3393 388 3440 nen.
401 3379 610 3454 significante
628 3379 789 3442 noveritis
802 3379 1005 3457 pervenisse,
1022 3382 1106 3458 quod

312 3491 387 3537 cum
417 3475 504 3536 idem
529 3475 782 3547 monasterium,
809 3474 895 3553 quod
926 3477 1107 3541 adsedem

313 3571 537 3650 Apostolicam
557 3572 648 3633 nullo
671 3573 814 3650 pertinet
831 3573 1007 3646 mediante,
1024 3576 1106 3638 adeo

311 3669 522 3730 consueverit
550 3669 696 3732 dexterae
721 3673 819 3746 etque
848 3670 930 3732 levae
952 3671 1108 3734 benedic-

308 3764 456 3828 tionibus
490 3764 681 3840 abundare,
709 3767 794 3844 quod
829 3769 981 3830 nonnulli
1010 3769 1106 3832 famae

309 3864 414 3940 ipsius
430 3863 594 3940 fragranti
615 3863 796 3941 persentlte
815 3860 851 3925 in
867 3865 1000 3928 odorem
1021 3868 1105 3928 reli-

310 3960 419 4035 gionis
432 3963 504 4037 ejus
520 3960 666 4038 undique
682 3961 940 4034 concurrebant;
957 3978 1046 4024 nunc
1065 3962 1106 4025 ob

311 4056 472 4118 malitiam
490 4055 711 4119 habitantium
726 4059 761 4118 in
777 4057 892 4120 eodem
907 4058 990 4120 adeo
1005 4062 1055 4122 est
1070 4061 1104 4121 in

310 4153 541 4230 spiritualibus
568 4155 871 4232 temporalibusque
907 4155 1103 4234 collapsum,

311 4251 483 4328 quodnisi
505 4252 536 4312 ei
552 4267 611 4328 per
635 4251 876 4329 providentiam
897 4253 991 4314 Sedis
1006 4256 1107 4330 Apos-

309 4347 419 4409 tolicae
435 4349 660 4421 succurretur,
675 4347 732 4408 vix
745 4349 880 4425 adjiciet
892 4351 928 4411 ut
940 4353 1104 4427 resurgat.

311 4447 391 4506 Cum
413 4445 516 4520 igitur
535 4445 717 4506 secundum
739 4447 924 4520 apostolum
947 4447 1105 4510 instantia

311 4544 424 4603 nostre
449 4541 641 4618 quotidiana
661 4541 704 4603 sit
723 4543 869 4603 omnium
890 4545 1105 4607 ecclesiarum

310 4638 497 4702 sollicitudo
515 4639 684 4709 continua,
706 4637 898 4700 discretioni
915 4645 1034 4704 vestrae
1048 4661 1107 4721 per

309 4736 499 4812 apostolica
523 4734 645 4810 scripta
662 4733 867 4809 mandamus,
887 4741 1049 4814 quatenus
1064 4743 1105 4802 ad

310 4831 503 4910 praedictum
519 4831 755 4893 monasterium
771 4834 993 4910 personaliter
1005 4853 1104 4898 aoce-

310 4929 435 5002 dentes,
452 4932 484 4991 61
497 4929 656 4990 habentes
667 4945 735 5007 prae
751 4929 856 4992 oculis
867 4934 973 4994 solum
989 4937 1102 5006 Deum,

310 5027 352 5099 ei,
369 5027 442 5088 vice
457 5028 580 5099 nostra,
593 5027 659 5088 tam
672 5028 707 5088 in
721 5029 828 5106 capite
843 5045 941 5107 quam
956 5031 992 5092 in
1007 5046 1108 5091 mem·

932 299 1108 362 HONORH
1130 300 1175 360 111
1197 301 1347 368 OPERA.

1467 443 1662 532 CLXXIII

1261 579 1313 636 Ad
1325 578 1519 651 eptscoptaa
1534 579 1852 641 cathalaunensem.

1445 689 1576 747 3016611.
1595 691 1673 748 1119.

1195 795 1315 856 measse,
1325 791 1373 845 lib.
1383 795 1426 846 lit.
1434 795 1508 860 epist.
1517 795 1571 846 363.
1585 797 1761 862 bitemporis
1772 799 1806 848 du
1824 797 1927 862 rhetis

1162 892 1278 950 Mandat
1300 900 1340 962 nt,
1368 892 1422 949 sibi
1446 893 1587 966 adjunctis
1611 895 1678 952 viris
1701 895 1769 952 boni
1791 898 1964 966 testimonii}

1198 979 1317 1038 accedat
1331 980 1367 1038 ed
1381 983 1554 1040 monasteria
1565 990 1593 1040 et
1605 984 1742 1040 ecclesias
1752 987 1958 1056 conventuales

1198 1076 1226 1126 et
1240 1071 1365 1142 corrigat
1379 1077 1408 1127 et
1426 1069 1602 1128 reformatio
1624 1073 1667 1129 eis
1690 1071 1826 1146 quidquid
1850 1073 1961 1148 indiget

1197 1156 1411 1220 reformatione.

1202 1259 1381 1330 Honorius,
1398 1257 1473 1330 eta,
1496 1258 1680 1320 venerabili
1704 1259 1840 1322 fratri...
1868 1262 1960 1338 epis-

1162 1369 1245 1430 copo
1260 1355 1499 1418 cathalaunen.

1202 1453 1283 1512 Cum
1303 1453 1467 1524 nonnulli,
1482 1451 1569 1514 siout
1580 1453 1779 1530 accepimus,
1794 1454 1861 1515 tam
1874 1453 1966 1515 snb--

1163 1547 1221 1609 diti
1231 1563 1328 1624 quam
1338 1549 1541 1626 praelatituae
1550 1549 1713 1622 dioecesis,
1723 1551 1825 1612 vitem
1836 1551 1959 1613 ducant

1162 1644 1969 1722 adeodissolutam,quodnisieorumcorrigantur·

1163 1757 1319 1802 excessus
1346 1744 1379 1804 et
1400 1742 1528 1803 malitia
1549 1741 1759 1818 reprimatur,
1781 1744 1956 1820 religionis

1163 1837 1315 1900 decorem
1328 1837 1697 1914 turpiterdehonestant
1713 1840 1748 1900 in
1759 1857 1828 1901 suae
1840 1841 1966 1901 salutis·

1164 1931 1370 2012 dispendium
1386 1935 1419 1996 et
1433 1935 1625 1996 scandalum
1640 1935 1794 2008 aliorum,
1810 1937 1876 1998 tuis
1894 1952 1957 1997 no-

1162 2030 1213 2091 bis
1228 2031 1347 2093 litteris
1358 2031 1562 2110 supplicasti,
1574 2035 1610 2094 ut
1624 2049 1665 2094 ne
1678 2033 1754 2094 aliis
1766 2033 1955 2111 hujusmodi

1163 2126 1397 2190 dissolutorum
1408 2128 1546 2191 infamia
1556 2129 1893 2208 scandalizet,quibus
1904 2131 1964 2192 de·-

1162 2223 1279 2288 berent
1297 2226 1406 2303 potius
1421 2226 1603 2287 honestatis
1617 2226 1765 2304 praebere
1781 2227 1955 2290 materiam

1163 2322 1195 2381 et
1210 2322 1407 2398 exemplum,
1420 2321 1460 2382 ed
1476 2322 1686 2398 disciplinam
1699 2338 1813 2384 eorum
1826 2324 1962 2400 virgam·

1163 2416 1378 2495 apostolicam
1398 2418 1613 2480 correctionis
1634 2419 1812 2481 extendere
1833 2419 1963 2497 digna-

1163 2529 1285 2576 remur.
1302 2515 1385 2588 Quia
1401 2515 1505 2592 igitur
1528 2515 1690 2578 iaetantia
1705 2519 1819 2580 nostra
1843 2519 1956 2596 quoti-

1162 2611 1262 2674 diana
1286 2614 1337 2674 est
1359 2612 1576 2674 ecclesiarum
1600 2613 1747 2675 omnium
1767 2615 1957 2676 sollicitudo

1163 2709 1339 2780 continue,
1370 2709 1570 2773 fraternitati
1593 2711 1660 2772 tuae
1686 2728 1747 2790 per
1766 2712 1957 2788 Apostolica

1162 2807 1285 2884 scripta
1300 2808 1507 2879 mandamus,
1524 2810 1685 2886 qnatenus
1701 2809 1874 2872 associatis
1895 2810 1961 2872 tibi

1162 2905 1244 2966 viris
1258 2902 1336 2968 boni
1360 2905 1542 2966 testimonii
1556 2907 1590 2966 et
1608 2906 1768 2978 honestis
1786 2907 1827 2967 ad
1850 2907 1958 2986 ipsius

1163 3000 1313 3064 dioecesis
1327 3003 1530 3065 monasteria
1545 3005 1578 3064 et
1592 3003 1750 3064 ecclesias
1759 3007 1957 3068 conventua-

1162 3099 1210 3159 les
1217 3099 1362 3176 juretibi
1374 3099 1563 3160 dioecesano
1577 3098 1743 3177 subjectas
1753 3101 1915 3162 accedens
1924 3103 1961 3164 et

1162 3194 1288 3258 habens
1307 3212 1374 3273 prae
1384 3196 1489 3257 oculis
1505 3197 1612 3258 solum
1629 3199 1741 3268 Deum,
1757 3199 1958 3260 auctoritate

1162 3295 1275 3354 nostra
1290 3293 1449 3370 corrigas,
1466 3294 1499 3353 et
1513 3293 1671 3354 reformes
1686 3293 1721 3353 in
1739 3293 1821 3370 ipsis
1836 3295 1964 3372 appel-

1162 3389 1286 3452 latione
1301 3392 1426 3452 remota
1448 3406 1521 3468 quae
1543 3389 1761 3452 correctionis
1785 3395 1818 3452 et
1844 3391 1955 3454 refor-

1162 3487 1318 3548 mationis
1351 3487 1460 3549 ofilcio
1489 3486 1613 3548 videris
1643 3487 1805 3564 indigere.
1837 3489 1962 3550 Datum·

1162 3579 1319 3642 Laterani
1334 3579 1431 3644 tertio
1442 3579 1602 3643 kalendas
1617 3581 1734 3660 aprilis
1744 3585 1962 3660 pontificatus

1161 3679 1267 3740 nostri
1282 3693 1370 3740 anno
1384 3677 1492 3740 tertia.

1464 3820 1653 3907 CLXXIV

1177 3947 1228 4005 Ad
1240 3945 1381 4008 electura
1394 3947 1714 4016 ceratensem.
1730 3948 1765 4007 S.
1779 3947 1944 4023 tapetam.

1444 4057 1476 4116 11
1494 4059 1671 4116 6161111111.
2026 4133 2031 4142 ¹

1193 4165 1311 4230 [negest.,
1322 4163 1367 4215 lib.
1376 4163 1419 4226 111,
1431 4163 1505 4228 epist.
1516 4163 1570 4214 392.
1585 4165 1642 4215 llss.
1651 4166 1687 4215 La
1697 4165 1774 4216 Porta
1782 4165 1816 4215 du
1827 4163 1920 4233 111611]

1196 4265 1239 4322 Ne
1252 4263 1438 4336 quaestionem
1452 4263 1573 4334 sopitam
1586 4263 1745 4322 temeritate
1760 4263 1919 4336 cujuspiam

1475 4352 1636 4409 suscitetur.

1201 4452 1379 4522 Honorius,
1402 4451 1476 4523 eta,
1502 4450 1622 4511 dilecto
1647 4447 1716 4510 illio
1742 4449 1846 4512 electo
1864 4451 1955 4512 Nor-

1161 4549 1279 4612 111666.
1304 4549 1488 4610 6616616116
1505 4548 1618 4608 nostro
1640 4545 1838 4623 Apostollcee
1862 4547 1956 4609 Sedis

1161 4647 1424 4802 Ιθξ111111116611666
1439 4739 1472 4800 in
1489 4737 1619 4800 Christo
1632 4737 1719 4800 filius
1733 4741 1845 4801 noster
1859 4741 1954 4800 Hen-

1160 4838 1250 4900 ricus
1262 4853 1322 4898 rex
1332 4835 1512 4911 anglorum
1525 4835 1666 4897 illustris
1676 4833 1770 4898 nobis
1780 4837 1953 4898 insinuare

1161 4933 1299 5006 curavit,
1315 4933 1400 5010 prod
1412 4949 1485 4995 cum
1497 4933 1596 4994 clarae
1609 4933 1954 4996 memoriaeJohannes

1160 5029 1955 5109 rexAnglfaepaterenos,dedamnisquaeobdls-

308 5125 377 5186 bris
392 5123 592 5186 visitationis
606 5123 750 5187 cilicium
765 5125 976 5203 impendatis,
988 5130 1020 5190 et
1033 5143 1106 5205 queo
1161 5123 1308 5190 cordiam
1319 5124 1577 5189 olimsubortam
1590 5124 1677 5190 inter
1692 5127 1798 5205 ipsum
1809 5129 1842 5190 61
1852 5129 1955 5190 eccle-

309 5222 504 5285 inveneritis
528 5223 563 5284 in
585 5223 717 5300 scriptis
737 5223 880 5286 fideliter
903 5225 1104 5301 redigentes,
1161 5227 1244 5287 siam
1261 5225 1394 5287 fuerant
1408 5224 1558 5286 ecclesiis
1573 5225 1607 5288 et
1617 5223 1700 5287 viris
1716 5226 1953 5289 ecclesiasticis

308 5322 406 5384 nobis
425 5319 486 5384 sub
509 5321 629 5396 sigillis
646 5321 766 5383 vestris
788 5322 1013 5384 transmittere
1025 5339 1108 5400 pro-
1161 5325 1319 5400 irrogata,
1342 5323 1440 5383 simul
1466 5323 1500 5385 et
1523 5323 1626 5386 semel
1645 5322 1827 5384 secundnm
1850 5327 1953 5386 taxa-

309 5419 444 5480 curetis.
462 5417 553 5490 Quod
568 5418 597 5478 si
611 5433 678 5478 non
693 5433 817 5489 omncs,
832 5419 894 5480 eta.
911 5421 1030 5481 Datum
1046 5423 1106 5482 La·
1160 5423 1283 5484 tionem
1312 5421 1527 5498 apostolicam
1555 5419 1771 5510 satisfecerit,
1801 5423 1953 5484 condicto

307 5517 428 5588 temni,
446 5517 544 5577 tertio
565 5513 727 5575 kalendas
748 5515 876 5591 aprilis,
894 5517 1105 5592 pontificatus
1161 5520 1277 5597 nequis
1297 5519 1416 5596 ipsum,
1433 5519 1490 5583 aut
1509 5534 1587 5582 suos
1602 5518 1778 5584 occasione
1795 5519 1953 5596 praedicta

310 5614 414 5676 nostri
430 5629 517 5674 anno
533 5611 642 5672 tertio.
1161 5619 1336 5679 decaetero
1358 5616 1558 5687 molestaret,
1580 5615 1712 5692 quidam
1735 5613 1952 5677 nihilominus
