4250 6404
156 235 197 292 85
468 321 472 331 1
773 236 1002 296 EPISTOLAE.
1026 237 1105 296 LIB.
1130 241 1185 298 111.
1765 247 1804 304 86

156 392 314 452 instantia
329 391 547 468 postularunt,
569 393 614 455 ita
631 393 784 456 videlicet
798 396 832 455 ut
849 394 877 454 si
893 410 955 455 uos
1009 394 1156 459 terarum
1173 400 1362 461 nostrarum
1384 397 1548 462 habuistis
1563 402 1598 463 in
1620 418 1688 476 eos,
1705 404 1803 466 ante-

155 488 344 549 rideremus
358 489 443 565 quod
457 491 624 565 praedictae
637 492 816 552 comitissae
831 508 870 552 ac
886 491 954 552 illio
1009 509 1107 569 quam
1129 497 1311 558 sententias
1338 499 1536 560 relaxaretis
1565 498 1709 572 easdem,
1737 500 1803 560 nisi

156 589 238 660 ejus
257 588 355 647 terrae
380 603 449 646 suae
473 588 601 647 nullum
626 588 702 648 inde
722 589 879 649 damnum
901 589 953 649 vel
1010 590 1805 674 lorsanjurisdictionemeamdemuosipsiduxe-

155 699 335 755 gravamen
367 683 484 745 debeat
514 685 701 760 provenire.
737 687 819 756 Quia
854 686 954 760 igitur
1008 687 1113 748 rimus
1127 692 1358 752 revocandam.

155 780 370 840 redeuntibus
395 781 434 841 ad
451 783 627 842 ecclesiam
643 798 710 842 nou
727 785 776 844 est
795 783 955 844 clauden-
1047 785 1116 846 Nos
1133 786 1245 862 igitur,
1263 787 1363 852 saluti
1383 789 1531 867 ejusdem
1553 787 1674 850 nobilis
1694 791 1727 854 et
1750 791 1806 850 in·

154 879 232 936 dum
259 879 421 950 premium
450 879 583 954 pietatis
612 879 806 941 discretioni
833 881 952 941 vestrae
1008 881 1180 944 damnitati
1194 884 1427 961 praedictorum
1450 887 1628 948 comitissae
1645 888 1677 948 et
1694 887 1801 947 comi-

154 989 215 1049 per
235 975 425 1050 Apostolica
442 975 565 1052 scripta
581 976 775 1036 mandamus
791 977 952 1054 quatenns
1007 977 1050 1039 tis
1065 980 1202 1055 paterna
1218 981 1364 1044 volentes
1376 983 1599 1047 sollicitudine
1613 983 1799 1060 providere,

154 1070 335 1132 sententias
356 1073 562 1149 supradictas
573 1075 670 1150 juxta
687 1072 826 1134 formam
842 1073 952 1134 eccle·
1007 1075 1199 1138 discretioni
1231 1081 1351 1141 vestrae
1380 1097 1440 1156 per
1466 1081 1656 1158 apostolica
1680 1080 1803 1158 scripta
1833 1099 1836 1106 ·

154 1166 213 1227 siae
229 1168 396 1228 relaxetis.
423 1170 540 1231 Datum
556 1171 723 1244 Laterani,
750 1173 793 1231 IV
808 1169 874 1231 kal.
892 1174 950 1248 ja·
1006 1173 1212 1248 mandamus,
1229 1177 1391 1253 quatenus
1409 1178 1469 1238 sub
1494 1177 1602 1240 debito
1617 1175 1801 1255 juramenti

154 1265 277 1337 nuarii,
294 1265 504 1342 pontificatus
520 1268 624 1328 nostri
640 1283 727 1329 annu
742 1268 851 1329 tertio.
1006 1272 1154 1348 exparte
1169 1279 1282 1334 nostra
1297 1273 1608 1351 injungatiseidem,
1618 1278 1654 1336 ut
1662 1275 1702 1336 ed
1715 1274 1799 1336 iide-

1006 1367 1131 1428 litatem
1143 1371 1176 1430 et
1197 1369 1389 1448 homagium
1412 1372 1528 1433 redeat
1555 1372 1758 1441 eorumdem,
1769 1373 1802 1432 et

465 1433 638 1520 LXXXV
1006 1465 1102 1526 ineis
1126 1465 1266 1530 firmiter
1280 1469 1486 1546 perseveret;
1513 1468 1662 1546 alioquin
1692 1469 1800 1546 ipsum

151 1559 204 1618 Ad
233 1559 465 1618 Hatram-dum
500 1563 695 1632 episcopam
727 1563 947 1622 Stresstoacaz.
1005 1562 1038 1622 in
1055 1563 1212 1640 pristinas
1228 1582 1294 1627 una
1310 1583 1384 1627 cum
1403 1566 1493 1628 terra
1517 1581 1578 1626 sua
1604 1566 1798 1636 sententias,
1825 1555 1831 1574 '

191 1655 344 1716 abbatem
355 1657 389 1715 S.
401 1658 548 1717 roenna
559 1658 600 1716 dc
614 1659 728 1718 Vincis
738 1659 771 1717 cl
782 1661 949 1718 decanum
1005 1661 1227 1736 appellatione
1240 1663 1432 1740 postposita,
1448 1662 1628 1735 reducatis,
1641 1665 1673 1724 et
1687 1661 1797 1726 lacia-

191 1753 482 1812 Suessloacnscm.
660 1743 661 1748 ’
1007 1757 1046 1816 tis
1075 1758 1218 1829 easdem,
1245 1760 1443 1821 auctoritate
1471 1761 1597 1827 nostra,
1625 1775 1729 1838 usque
1756 1759 1798 1822 ad

413 1855 449 1912 30
461 1853 589 1912 decemb.
607 1855 697 1914 laiss
1004 1853 1264 1915 satisfactionem
1284 1855 1438 1916 idoneam
1454 1854 1595 1916 firmiter
1612 1853 1795 1917 observari.

166 1960 305 2023 [eosquos
315 1959 373 2010 nee.
385 1941 510 2014 uenulas.
522 1967 542 2012 t.
556 1959 623 2018 xix,
634 1961 816 2026 ormuegest,
827 1963 872 2013 lib,
884 1964 928 2022 111,
1005 1949 1095 2020 Quod
1118 1951 1146 2011 si
1172 1967 1237 2012 non
1260 1968 1387 2024 omues,
1409 1952 1471 2013 etc.
1494 1954 1612 2014 Datum
1627 1953 1795 2024 Laterani,

470 2039 544 2104 epist.
557 2040 625 2104 216·]
1005 2048 1048 2106 ΙΙΙ
1069 2047 1135 2107 kal.
1155 2049 1315 2124 januarii,
1349 2049 1561 2126 pontificatus
1583 2051 1688 2114 nostri
1708 2065 1796 2110 anuo

149 2128 220 2186 Cum
229 2125 574 2186 Erardusdecbastenaio
585 2129 619 2185 nd
636 2129 798 2186 fidelitatem
812 2138 840 2187 et
852 2131 949 2188 homa·
1004 2144 1112 2205 tertio,

186 2217 266 2288 gium
293 2215 457 2283 theobaldi,
483 2217 646 2289 campanie
671 2219 792 2286 cernitis,
821 2217 946 2288 redierit,
1304 2231 1498 2320 LXXXVI

187 2305 273 2361 letam
296 2305 324 2361 iu
349 2319 414 2361 eum
440 2307 743 2364 excommunicationis
762 2315 790 2364 et
807 2307 947 2365 interdicti

187 2400 269 2450 terre
281 2407 340 2450 suar
353 2394 523 2450 sententiam
533 2395 639 2452 relaxet
655 2395 806 2462 Honorius,
827 2409 859 2452 ea
882 2396 947 2469 lege
1022 2369 1073 2428 Λα
1090 2369 1523 2446 waramum-“wamma
1540 2371 1777 2430 mmmm·

188 2495 224 2537 ne
234 2481 264 2537 in
279 2480 472 2539 infidelitatem
489 2481 641 2540 recidivam
656 2483 775 2540 labatur.
1277 2488 1429 2560 ajanuarii
1442 2490 1521 2547 liis.

191 2590 359 2650 Honorius
372 2589 672 2666 episcopusservus
688 2605 861 2652 servorum
873 2591 945 2656 Dei,
1111 2602 1295 2666 [ceppenberg.
1310 2603 1399 2652 namn.
1416 2603 1462 2654 bb.
1476 2603 1496 2660 1.
1509 2602 1565 2661 aar,
1583 2617 1608 2652 n.
1621 2604 1690 2665 tarn

147 2685 331 2746 venerabili
341 2685 435 2748 tratri
445 2687 600 2763 episcopo
612 2686 673 2765 (a),
686 2689 718 2748 et
726 2688 857 2750 dilectis
869 2689 947 2749 aliis
1003 2701 1037 2757 υι
1052 2700 1219 2756 vicesimam
1234 2701 1492 2757 ecelesiasticorum
1513 2708 1702 2773 proventuum
1728 2701 1795 2757 sup.

148 2783 305 2844 abbatis.
320 2783 483 2845 lobannis
493 2784 528 2843 in
540 2783 654 2844 Vineis
666 2783 713 2862 (b)
725 2784 890 2846 etdecano
900 2783 945 2864 (c)
1037 2787 1110 2844 sidio
1120 2788 1675 2862 Terresanctedesrinatanddigenter
1682 2789 1800 2862 colligat

149 2879 454 2952 suessionensibus
486 2881 627 2941 salutem
660 2883 693 2943 et
731 2882 946 2957 apostolicam
1036 2891 1158 2947 eamque
1171 2877 1293 2934 Macrino
1307 2877 1481 2934 cubiculario
1496 2885 1523 2936 et
1541 2877 1665 2938 lohenui
1686 2891 1794 2938 mares-

150 2975 424 3038 beuedictionem.
1035 2965 1264 3037 ⁰⁸¹⁰⁰⁸⁸³igss⁰b

190 3077 239 3134 Ex
252 3074 372 3135 litteris
387 3073 508 3135 nobilis
519 3074 582 3136 viri
599 3073 715 3134 Erardi
740 3074 780 3136 de
803 3076 944 3138 Chaste-
1005 3061 1010 3072 ¹
1040 3073 1217 3145 Honorius,
1232 3074 1308 3146 etc,
1323 3073 1506 3135 venerabili
1519 3073 1612 3135 tratri
1625 3075 1796 3136 Bremensi

147 3172 225 3232 naio
240 3171 336 3232 uobis
350 3171 506 3243 innotuit,
522 3171 620 3249 quod,
637 3188 711 3232 cum
726 3172 946 3248 ipseaiideli-
1000 3169 1166 3248 episcopo,
1189 3171 1329 3232 salutem
1350 3173 1384 3233 et
1404 3172 1618 3248 apostolicam
1639 3171 1797 3233 benedic-s

147 3269 256 3329 tateet
269 3266 423 3344 homagio
434 3259 943 3349 praestitisnobilimulieriB.(d)
1000 3269 1135 3328 tionem.

147 3365 326 3426 comitissae
342 3366 374 3426 et
389 3364 462 3437 rh,
479 3368 557 3427 nato
577 3367 661 3442 eJuS,
676 3367 789 3428 comiti
804 3369 945 3444 Campa·
1036 3365 1211 3426 Exercitus
1224 3365 1428 3426 christianus
1443 3381 1512 3426 rem
1529 3365 1695 3442 publicam
1715 3365 1793 3426 uui-

145 3462 223 3532 niae,
235 3462 420 3524 temeritate
431 3463 564 3539 propria
575 3463 743 3535 resilierit,
765 3466 831 3525 eta
847 3465 943 3525 nohis
998 3478 1168 3523 versorum
1189 3462 1311 3525 Christi
1327 3462 1474 3522 fidelium
1496 3463 1632 3538 agentes
1648 3463 1793 3524 viriliter

146 3558 344 3621 auctoritate
365 3559 477 3620 nostra
503 3560 647 3621 monitus
675 3561 717 3620 ad
746 3577 803 3622 eos
832 3561 943 3622 redire
997 3559 1030 3620 et
1052 3561 1203 3636 potenter
1226 3559 1261 3621 in
1283 3559 1432 3636 partibus
1453 3559 1698 3632 transmarinis,
1716 3559 1794 3620 dum

147 3657 303 3728 noluerit,
346 3673 404 3716 vos
442 3657 550 3733 ipsum
588 3659 942 3720 excommunicationis
997 3655 1038 3716 ad
1060 3656 1295 3718 vindicandam
1311 3657 1468 3734 injuriam
1488 3658 1597 3718 crucis
1617 3657 1739 3720 Christi
1760 3657 1794 3720 et

145 3753 279 3814 viuculo
303 3751 488 3815 innodastis
512 3754 545 3815 et
572 3755 694 3816 terram
720 3758 792 3832 eJus
819 3772 943 3834 suppo·
996 3754 1118 3814 terram
1148 3754 1182 3814 in
1211 3771 1276 3832 qua
1305 3754 1405 3831 pedes
1431 3757 1503 3832 ejus
1534 3755 1713 3826 steterunt,
1751 3754 1792 3815 de

146 3849 260 3910 suistis
273 3849 459 3911 interdicta.
475 3851 621 3912 Tandem
636 3868 727 3922 vero,
744 3855 877 3930 recepto
890 3853 941 3915 ab
996 3851 1197 3927 perfidorum
1226 3851 1379 3912 manibus
1407 3850 1641 3912 vindicandam
1668 3851 1791 3921 lauda-

145 3961 186 4007 eo
199 3946 416 4022 corporaliter
422 3949 622 4024 juramento,
633 3949 718 4024 quod
734 3951 856 4011 nostrae
872 3950 942 4010 dis-
995 3946 1108 4009 hiliter
1122 3949 1268 4009 animam
1285 3965 1380 4008 suam
1401 3950 1539 4026 ponunt,
1556 3963 1630 4010 cum
1650 3949 1720 4024 jam
1735 3963 1791 4008 ne·

145 4041 301 4119 positioni
317 4057 417 4119 super
436 4043 488 4103 his
509 4046 622 4115 staret,
647 4044 780 4106 easdem
806 4053 941 4107 senten·
995 4045 1118 4120 queant
1152 4043 1292 4106 ulterius
1332 4044 1402 4104 suis
1440 4043 1587 4106 totaliter
1614 4043 1788 4120 stipendiis

145 4140 210 4201 tias
238 4139 431 4214 relaxastis3
458 4142 490 4201 et
522 4141 632 4202 statim
662 4141 702 4202 de
728 4141 835 4219 ipsius
862 4158 941 4219 pro-
995 4142 1151 4211 militare,
1175 4140 1320 4202 clamant
1335 4139 1377 4200 ad
1397 4155 1468 4212 nos,
1489 4154 1605 4215 preces
1622 4137 1789 4216 supplices

144 4237 327 4297 nunciastis
343 4251 516 4308 consensu,
534 4237 619 4313 quod
635 4238 706 4316 ipae
720 4253 760 4299 ac
774 4240 862 4300 terra
879 4255 939 4301 sua
994 4239 1027 4298 et
1046 4237 1137 4298 omni
1158 4234 1272 4298 favore
1294 4235 1506 4312 dignissimas
1524 4234 1735 4306 effundendo,
1753 4237 1791 4299 ut

143 4334 267 4394 eisdem
308 4334 662 4396 excommunicationis
696 4337 730 4396 et
771 4331 938 4397 interdicti
994 4333 1057 4394 sibi
1073 4334 1140 4396 tam
1155 4333 1191 4393 in
1209 4331 1410 4394 victualibus
1425 4348 1524 4410 quam
1538 4331 1689 4410 pecunia,
1706 4348 1788 4394 nec·

143 4433 254 4491 essent
268 4430 441 4491 sententiis
456 4430 608 4502 involuti,
626 4432 655 4490 si
670 4430 782 4492 forsan
798 4420 872 4508 ipse
886 4433 938 4493 vel
995 4445 1061 4492 non
1080 4430 1158 4490 aliis
1173 4429 1279 4491 modis
1294 4429 1413 4506 quibus
1429 4445 1618 4507 possumus,
1635 4425 1798 4492 celeriter

142 4529 196 4588 sui
226 4526 347 4589 dictam
373 4528 577 4588 comitissam
603 4527 655 4588 vel
683 4529 847 4600 comitem,
880 4547 938 4590 seu
994 4542 1244 4598 succurramus,
1272 4519 1540 4604 sicutcupi'mus,
1566 4543 1608 4588 ne
1633 4527 1790 4590 deiiciaut

140 4625 265 4685 terram
280 4639 406 4690 eorum,
424 4626 599 4701 antequam
621 4628 767 4686 nostram
792 4627 939 4704 disposi-
992 4625 1049 4685 sed
1070 4625 1246 4701 proficiant
1264 4624 1415 4702 praelium
1443 4625 1573 4686 Domini
1593 4623 1785 4700 praeliando.

141 4721 265 4782 tionem
284 4722 445 4798 reciperet
471 4723 503 4784 et
531 4723 693 4799 impleret,
724 4727 938 4800 praesumeret
995 4722 1086 4782 Unde
1108 4737 1179 4792 uos,
1195 4722 1250 4798 qui
1266 4721 1306 4781 ad
1321 4721 1552 4782 liberationem
1573 4721 1672 4782 terrae
1696 4736 1786 4797 prae-

140 4818 328 4879 infestare:
355 4819 411 4878 sed
429 4820 468 4890 si,
488 4820 660 4896 postquam
684 4820 936 4896 dispositionem
992 4819 1089 4880 dictae
1117 4819 1209 4880 tanto
1236 4819 1407 4879 ardentius
1436 4818 1620 4894 inspirante
1647 4818 1788 4880 Domino

140 4917 289 4976 nostram
298 4915 429 4978 effectui
440 4917 674 4993 mancipasset,
690 4917 731 4978 ab
746 4932 786 4978 ea
795 4917 936 4981 forsitan
991 4917 1189 4993 aspiramus,
1211 4915 1333 4992 quanto
1356 4915 1478 4976 Christi
1500 4931 1647 4986 causam,
1672 4916 1785 4992 utpote

141 5013 298 5085 resiliret,
311 5013 384 5090 ipso
398 5011 495 5084 tacte,
514 5029 580 5074 non
593 5016 705 5075 essent
719 5014 791 5091 ipse
801 5016 833 5076 et
845 5017 935 5078 terra
991 5014 1095 5090 ipsius
1108 5013 1226 5074 vicarii
1240 5013 1318 5074 licet
1331 5011 1490 5074 immeriti
1501 5011 1684 5084 constituti,
1694 5011 1786 5074 tene·

140 5109 331 5184 suaeisdem
341 5109 514 5170 sententiis
523 5111 748 5183 involuti,nisi
758 5129 818 5174 uos
829 5113 935 5174 indis·
991 5125 1192 5186 murgerere
1207 5109 1396 5186 specialius,
1409 5109 1554 5185 quinque
1574 5107 1680 5170 millia
1700 5124 1785 5171 mar·

140 5207 307 5284 positione
319 5207 393 5284 ipsa
408 5205 441 5267 id
456 5205 649 5269 duxerimus
670 5210 932 5286 exprimendum,
990 5224 1103 5270 carum
1123 5209 1156 5268 et
1174 5207 1265 5268 mille
1286 5207 1445 5268 ducentas
1462 5204 1565 5267 libras
1580 5206 1783 5283 provenien-

139 5304 175 5364 in
195 5319 271 5366 eum
290 5305 401 5366 tamen
426 5305 459 5364 et
485 5304 609 5365 terram
636 5321 730 5366 suam
756 5307 815 5368 illa
839 5307 935 5370 nobis
991 5297 1781 5383 les,praeternaulumetaliasmultasexpensas,

135 5401 372 5480 jurisdictione
385 5401 531 5473 servata,
543 5417 641 5479 quam
654 5405 851 5468 auctoritate
873 5407 933 5468 lit·
989 5419 1070 5483 quas
1100 5402 1258 5467 Rouianis
1282 5401 1521 5478 crucesignatis
1550 5400 1712 5470 dedimus,
1740 5397 1781 5458 ad

176 5556 221 5632 (ol
239 5557 402 5616 llaimsrdo.
442 5549 481 5632 (t)
512 5557 641 5617 ltadulto.
682 5559 719 5632 (c)
745 5561 865 5620 (luidoni
882 5565 918 5624 de
937 5567 1039 5640 thzp
1080 5559 1299 5638 (dll3ltllchss¹
