4300 6392
1953 322 2016 382 376

356 319 418 380 ere
972 305 1148 383 uoueau
1169 321 1213 381 ru
1236 321 1383 384 ornas.

352 480 455 552 ,candi
468 484 501 542 et
515 480 637 544 auditis
661 481 739 544 irinc
759 479 836 542 inde
857 479 1045 556 propositis,
1064 479 1151 557 qnod
1206 479 1336 553 dilatat,
1351 476 1388 542 ut
1410 494 1486 542 euru
1509 493 1546 541 se
1570 481 1782 557 consumptos
1798 481 2012 558 putaverint,

357 577 554 638 canonicum
574 575 684 651 suerit,
708 573 931 656 appellatione
955 575 1150 654 postposita,
1206 577 1298 639 velut
1313 576 1447 638 Lucifer
1461 577 1622 639 oriantur.
1640 580 1723 640 Eece
1736 577 1772 639 in
1787 593 1901 640 eorum
1934 593 2016 638 ma-

358 672 522 744 statnatis,
553 671 713 736 facientes
740 674 825 751 quod
853 672 1069 734 decreveritis
1094 687 1153 748 per
1207 671 1305 734 nibus
1321 675 1388 734 tam
1405 672 1604 735 mirabiliter
1618 689 1715 750 quam
1741 674 2015 736 misericorditer

358 784 534 829 censuram
548 767 1149 831 ecclesiasticamfirmiterobserveri.
1207 769 1408 832 antedictam
1444 769 1583 832 tradidit
1615 771 1801 842 esteten,
1828 787 1895 833 uon
1921 769 2014 831 solis

358 865 472 924 Testes
488 867 610 937 autem,
625 865 686 926 etc.
704 865 814 926 Nullis
837 865 958 927 litteris
970 864 1104 927 veritati
1120 865 1153 925 et
1207 866 1384 937 thesauris,
1397 867 1454 928 sed
1470 868 1570 928 etiam
1582 867 1795 938 victualibus,
1809 869 1909 944 longe
1930 868 2015 945 plns

292 1021 300 1040 ,
355 960 804 1038 justitisepraejudioantihus
821 961 942 1023 assde
963 961 1152 1037 Apostolica
1207 978 1266 1040 spe
1297 979 1338 1024 ac
1373 964 1530 1041 opinione
1560 965 1731 1041 repletum.
1757 966 1797 1026 nt
1828 967 1866 1026 ut
1900 965 2012 1042 hujus

358 1057 579 1133 impetratis...
606 1060 697 1130 Quod
726 1059 754 1120 si
777 1075 843 1120 non
872 1073 986 1120 omnes
1000 1058 1042 1120 iis
1054 1073 1154 1119 exse-
1207 1061 1256 1121 rei
1284 1060 1427 1135 gloriam
1459 1061 1629 1124 evidenter
1649 1061 1778 1124 nomini
1803 1076 1865 1124 suo
1893 1062 2012 1134 daret,

244 1143 248 1150 ’
359 1153 509 1230 quandia,
533 1155 594 1216 etc.
612 1157 730 1218 Datum
755 1158 869 1218 Rornae
891 1157 977 1232 apud
995 1155 1151 1218 Sanctum

256 1267 261 1276 ¹
358 1251 493 1313 Petrum
519 1253 549 1312 11
571 1251 731 1314 kalendas
753 1253 920 1330 januarii,
940 1252 1152 1329 pontificatus

349 1339 466 1410 'nostri
484 1363 574 1410 anno
585 1350 713 1426 quarto.

676 1499 840 1588 LXXIII

358 1632 411 1692 Aa
428 1632 610 1692 universos
629 1635 802 1708 episcopos
824 1649 892 1708 per
917 1637 1153 1696 Taroueusem

533 1731 971 1802 proctectomcoustitutos.

679 1883 735 1900 .....
751 1843 830 1901 tare.

483 1945 614 2010 [umens
630 1947 751 2012 ampliss.
766 1947 881 2007 defleat..
895 1949 927 2008 v,
945 1947 1026 2013 rm]

361 2043 454 2114 Rogat
474 2051 505 2100 ut
526 2043 562 2100 ad
590 2043 808 2102 subventionem
837 2046 979 2103 exercitus
1006 2045 1153 2103 christiani

395 2131 425 2186 in
444 2131 529 2188 Terra
550 2133 653 2190 Sancta
677 2132 835 2202 intendant,
853 2133 1000 2206 factusque
1015 2149 1031 2190 a
1047 2134 1151 2206 princi·

395 2220 443 2292 pio
455 2218 649 2293 indulgentias
661 2221 788 2280 innovat.

400 2327 578 2399 Honorius,
590 2329 665 2401 etc,
683 2329 850 2391 universis
862 2329 1027 2407 episcopis
1040 2327 1153 2390 tideli-

360 2421 423 2484 bus
431 2427 721 2500 per'l'uronensem
732 2427 938 2503 provinciam
951 2427 1150 2499 constitutis,

361 2519 503 2582 salutem
517 2522 551 2582 et
564 2523 781 2598 apostolicam
795 2523 1071 2586 benedictionem.

398 2619 532 2680 Exultat
545 2619 581 2680 in
591 2621 731 2682 Domino
746 2635 883 2682 suorum
895 2621 991 2682 turba
1004 2621 1151 2682 fidelium

361 2714 395 2776 et
417 2715 467 2776 eis
487 2731 602 2778 vocem
626 2715 878 2790 benedictionis,
904 2718 1088 2793 gratiarum
1119 2718 1153 2779 et

360 2810 470 2872 landis
490 2812 678 2874 letabunda
705 2829 934 2891 prorumpens,
951 2831 1026 2875 cum
1048 2829 1150 2891 apos-

360 2906 427 2968 tolo
451 2907 539 2970 dicat
558 2926 565 2970 :
589 2911 794 2972 Beuedtotus
806 2915 910 2982 Deus,
927 2913 1002 2982 etc,
1018 2915 1076 2984 qut
1089 2925 1153 2972 uos

360 3004 398 3064 tc
427 3007 522 3067 omui
552 3006 770 3068 tribulatione
806 3009 1013 3069 conectatur.
1044 3008 1153 3068 Nimis

361 3100 492 3177 quidem
503 3104 601 3164 natus
612 3105 663 3165 est
673 3103 736 3164 sihi
745 3103 819 3175 soli,
830 3104 930 3164 nimis
945 3104 1091 3166 intentus
1102 3105 1153 3166 est

360 3198 515 3274 propriis,
530 3199 630 3260 nimis
643 3199 783 3276 negligit
797 3215 1004 3262 communem
1017 3216 1152 3261 causam

360 3295 473 3372 populi
485 3295 671 3368 christiani,
683 3297 739 3374 qui
751 3297 867 3359 diebus
878 3298 1008 3360 nostris
1019 3297 1053 3358 in
1064 3313 1152 3358 meu·

359 3391 403 3453 tis
426 3395 581 3469 augustia
604 3395 637 3456 et
658 3394 874 3456 tribulatione
893 3410 962 3456 non
981 3394 1059 3466 fuit,
1076 3409 1151 3455 oum

360 3489 461 3551 sciret
475 3489 890 3554 christianumexercitum
906 3491 1074 3554 civitatem
1092 3493 1153 3552 Da·

361 3585 471 3648 miatae
486 3601 641 3661 magnam
653 3588 686 3648 et
698 3588 956 3654 munitissimum
969 3587 1150 3661 obsedisse,

1207 1157 1319 1218 nullus
1345 1157 1603 1220 christianorum
1626 1157 1662 1218 iu
1677 1161 1750 1235 ejus
1765 1159 1920 1235 captione
1945 1159 2010 1220 in·

1207 1255 1315 1326 teriit,
1342 1257 1400 1317 aut
1429 1255 1531 1318 ettam
1559 1256 1682 1318 lethale
1705 1256 1826 1317 vulnus
1852 1255 2009 1333 excepit,
2120 1245 2121 1250 ’

1207 1351 1293 1414 sicut
1319 1353 1564 1414 venerabilium
1585 1352 1725 1416 fratrum
1749 1359 1942 1416 nostrornm
1968 1357 2010 1414 Ρ.

1207 1448 1406 1510 libanensis
1426 1450 1578 1528 episcopi
1603 1450 1803 1527 aposolicae
1829 1451 1926 1512 Sedis
1955 1451 2013 1512 le·

1206 1546 1287 1622 gati,
1315 1550 1411 1624 cnjus
1448 1547 1632 1610 ministerio
1668 1550 1755 1610 Deus
1786 1547 2008 1624 potissimum

1208 1644 1255 1704 uti
1282 1645 1389 1706 voluit
1415 1645 1450 1706 in
1462 1645 1526 1706 hoc
1540 1645 1638 1716 facto,
1653 1657 1782 1707 necnon
1796 1645 2007 1721 patriarchae

1206 1741 1615 1819 ierosolymitanietregis
1627 1743 1661 1804 et
1670 1742 1810 1804 fratrum
1820 1741 2007 1820 hospitalis

1207 1839 1240 1900 et
1254 1839 1379 1915 templi,
1396 1853 1435 1900 ao
1450 1839 1567 1902 domus
1582 1841 1848 1908 Teutonicorum,
1864 1844 2006 1904 Jeroso·

1208 1935 1306 2012 lymis
1332 1935 1451 1998 litterae
1484 1937 1578 1998 nobis
1604 1937 1716 1999 mlsste
1742 1938 1867 2016 liquido
1889 1940 2007 2000 mani-

1207 2032 1344 2105 festant,
1364 2036 1402 2095 ut
1422 2033 1596 2096 manifeste
1628 2033 1732 2096 divim
1756 2033 1881 2097 favoris
1902 2035 2007 2097 laeta-

1208 2129 1323 2191 rentur
1357 2131 1390 2192 et
1411 2127 1678 2192 confortarentur
1717 2130 1867 2203 iudicio,
1895 2149 2003 2208 quum

1207 2225 1362 2287 ttmerent
1400 2241 1444 2288 ne
1477 2225 1559 2305 ipsis
1583 2227 1750 2289 civitatem
1781 2228 2004 2302 intrantibus,

1207 2321 1425 2384 circumstans
1435 2325 1693 2386 sarracenorum
1707 2326 1874 2387 exereitus
1887 2327 2004 2388 castra

1207 2417 1378 2483 invaderet
1399 2421 1609 2494 eorumdem,
1636 2419 1759 2484 flumen
1781 2422 1894 2485 divino
1917 2425 2005 2486 nutu

1207 2515 1289 2578 adeo
1301 2517 1474 2580 inundavit
1489 2519 1601 2582 subito
1614 2520 1650 2581 ut
1660 2519 1905 2582 inaccessibilia
1917 2521 2003 2582 red-

1207 2612 1328 2676 diderit
1354 2617 1464 2676 castra
1499 2616 1604 2692 ipsa:
1632 2616 1665 2678 et
1692 2615 1867 2678 manifeste
1893 2619 2005 2694 patuit

1207 2710 1293 2787 quod
1304 2726 1363 2787 pro
1375 2711 1582 2774 Christicolis
1595 2713 1709 2776 contra
1723 2713 1910 2776 insensatos
1922 2714 2002 2792 ipsa

1207 2807 1376 2870 elementa.
1403 2810 1609 2885 pugnarent,
1639 2809 1789 2888 pluribus
1827 2811 2003 2873 miraculis

1207 2903 1283 2964 alite
1302 2901 1349 2964 ibi
1373 2903 1480 2976 factis,
1495 2922 1568 2983 quae
1589 2906 1723 2982 longum
1737 2910 1826 2970 esset
1845 2922 1905 2986 per
1927 2909 2007 2970 sin-

1206 3001 1292 3075 gula
1308 3017 1478 3064 enarrare.
1500 3002 1638 3066 Psallite
1663 3019 1742 3080 ergo
1770 3006 1838 3066 Deo
1871 3006 1999 3078 nostro,

1207 3097 1337 3174 psallite
1350 3099 1500 3176 :psallite
1511 3099 1655 3177 quidem,
1666 3101 1722 3162 sed
1736 3103 1849 3180 utique
1862 3103 2002 3180 sapien-

1206 3200 1268 3268 ter,
1283 3212 1348 3258 non
1364 3195 1508 3261 elatione
1522 3197 1651 3270 tumidi,
1668 3196 1725 3260 sed
1741 3199 1928 3266 humilitate
1943 3201 2002 3261 de·

1206 3295 1285 3366 voti,
1300 3297 1573 3370 recognoscentes
1589 3295 1767 3372 prudenter
1782 3297 1815 3358 et
1827 3297 2002 3358 humiliter

1207 3391 1412 3464 confitentes,
1429 3392 1516 3469 quod
1542 3408 1739 3459 nonmanus
1761 3393 1918 3464 humana,
1941 3393 2000 3456 sed

1206 3488 1364 3550 Dominus
1381 3489 1459 3552 fecit
1475 3489 1547 3550 hoec
1563 3489 1686 3558 omnia,
1701 3492 1737 3552 ut
1752 3491 1807 3567 qui
1822 3489 1999 3566 gloriatur,

1206 3587 1241 3646 in
1263 3585 1403 3648 bomIno
1418 3585 1591 3662 glorietur,
1609 3587 1707 3666 eique
1730 3587 1846 3650 laudes
1861 3587 1894 3650 et
1914 3603 2001 3664 gra-

360 3682 579 3760 inipsoquasi
587 3684 1151 3762 mediopaganismi,ubiatldelibus
1206 3683 1282 3755 tias,
1298 3681 1394 3745 factis
1409 3699 1469 3762 per
1483 3683 1614 3760 singula
1630 3684 1815 3762 opportuna
1835 3684 1909 3746 loca
1926 3700 2001 3762 pro·

359 3778 436 3842 aliis
450 3781 542 3842 tanto
557 3782 722 3843 terrarum
737 3783 771 3845 et
784 3784 888 3844 maris
902 3783 1079 3846 intervallo
1095 3783 1151 3844 di·
1207 3779 1423 3852 cessionibus,
1441 3781 1634 3842 solemniter
1653 3781 1875 3842 exsolventes.
1892 3783 2000 3842 Porro

359 3877 463 3949 visus,
485 3879 518 3941 et
532 3877 574 3940 ab
590 3878 778 3942 infidelibus
803 3895 848 3940 ex
860 3880 950 3941 omni
973 3881 1042 3942 fere
1057 3881 1151 3956 parte
1207 3893 1281 3938 cum
1298 3876 1457 3937 Dominus
1479 3875 1594 3940 fecerit
1614 3875 1793 3943 nobtscuru
1811 3879 1943 3954 signum
1962 3878 2009 3946 in,

359 3975 592 4048 circumdatus,
603 3991 669 4038 non
681 3977 749 4039 tam
760 3977 916 4039 obsidens
938 3977 1004 4038 dici
1023 3977 1152 4054 poterat
1206 3973 1341 4046 bonum,
1358 3989 1433 4035 cum
1447 3975 1575 4036 tantm
1594 3973 1689 4036 nobis
1711 3974 2001 4050 ostiumaperuit,

359 4087 458 4149 quam
479 4071 645 4136 obsessus.
662 4075 764 4152 cujus
786 4076 933 4137 vestrum
955 4075 1086 4136 animus
1109 4073 1150 4135 ad
1206 4069 1365 4147 numquid
1387 4071 1554 4132 deerimus
1565 4072 1682 4146 gratiae
1694 4086 1789 4133 suam
1805 4071 1900 4132 nobis
1916 4071 2001 4132 dex-

359 4167 494 4232 dubium
514 4186 580 4234 nou
597 4171 763 4247 pendebat
777 4173 813 4234 et
827 4171 969 4249 pavebat
983 4173 1149 4242 eventum,
1206 4168 1312 4228 teram
1328 4167 1540 4244 porrigentis,
1553 4169 1610 4245 qui
1629 4182 1757 4228 memor
1770 4169 1820 4229 est
1836 4169 2000 4257 imprope-

359 4281 425 4328 ncn
446 4267 512 4329 tam
530 4283 591 4344 pro
613 4269 821 4346 singulorum
840 4270 950 4331 salute
972 4267 1149 4338 sollicitus,
1207 4265 1332 4325 riorum
1345 4279 1493 4337 suorum,
1507 4265 1700 4342 quaeunta
1717 4265 2011 4326 sarracenisinsi·.

360 4378 458 4439 qnam
474 4379 533 4440 pro
546 4364 704 4427 universo
720 4368 882 4437 exercitu,
900 4381 957 4442 spe
972 4380 1012 4427 ac
1033 4366 1152 4428 dmore
1207 4359 1451 4439 pientibustota
1465 4361 1528 4434 die,
1539 4371 1723 4436 exsurgens
1734 4360 1887 4438 judicare
1902 4362 2001 4439 coepit

359 4460 558 4531 alternante,
585 4463 788 4537 suspensust
817 4465 919 4524 immo
947 4463 1023 4538 quis
1043 4461 1151 4537 ipsius
1207 4474 1341 4520 causam
1357 4473 1451 4520 suam
1474 4459 1507 4520 et
1528 4457 1682 4520 inimicos
1704 4465 1783 4520 suot
1803 4458 1999 4520 terribiliter

359 4569 426 4616 non
445 4555 702 4619 obliviscebatur
721 4559 903 4620 exercitust
917 4559 997 4630 Quis
1012 4561 1153 4634 ejusne-
1206 4555 1395 4632 dissiparet
1423 4557 1520 4616 Nunc
1543 4555 1643 4627 sats,
1673 4569 1761 4618 nunc
1788 4556 1917 4632 tempus
1948 4557 2000 4616 est

359 4653 559 4716 cordabatur
586 4655 738 4730 periculi,
767 4670 913 4732 pensans
941 4653 1002 4716 suh
1029 4655 1152 4730 quanto
1207 4651 1248 4712 de
1263 4667 1379 4714 somno
1394 4653 1539 4728 torporis
1551 4665 1745 4726 exsurgere,
1760 4667 1850 4714 nunc
1864 4665 2001 4714 necesse

361 4751 464 4812 staret
476 4750 680 4822 discrimine,
693 4765 834 4829 quamve
853 4751 946 4814 tenui
961 4751 1016 4812 iilo
1028 4750 1153 4828 pende·
1207 4749 1258 4810 est
1271 4749 1407 4811 athletis
1421 4748 1545 4811 nostele
1561 4747 1780 4810 existentibus
1793 4747 1840 4810 ihi
1859 4763 2001 4810 succur-

360 4849 411 4908 ret
426 4847 533 4908 honor
554 4845 656 4910 totius
671 4849 784 4927 populi
799 4846 1151 4912 christianitProfecto
1208 4861 1283 4906 rere
1308 4844 1517 4918 festinanter,
1534 4845 1568 4906 et
1591 4843 1776 4906 idololatris
1800 4860 1819 4906 a
1842 4845 1899 4906 Dei
1914 4845 2002 4906 fecie

357 4945 396 5006 in
407 4961 446 5006 eo
459 4945 531 5007 erat
541 4947 629 5007 statu
639 4961 694 5009 res
705 4945 824 5024 posita,
837 4947 873 5008 ut
886 4947 973 5008 idem
984 4945 1151 5007 exercitus
1207 4943 1426 5018 fugientibus,
1441 4943 1510 5003 tcto
1533 4942 1666 5014 conatu,
1683 4942 1762 5003 totis
1779 4942 1917 5014 viribus,
1930 4943 2002 5004 toto

359 5043 400 5104 de
423 5042 552 5104 viribus
580 5045 650 5106 suis
670 5047 741 5122 iam
768 5046 904 5106 omnino
925 5043 1102 5117 diffideret,
1120 5045 1154 5105 et
1207 5056 1305 5117 posse
1334 5055 1446 5102 rerum
1466 5043 1502 5104 el
1520 5054 1741 5116 personarum
1766 5039 1903 5108 instare,
1924 5039 2003 5100 dum

359 5154 486 5202 memor
496 5141 699 5217 magnalium
710 5158 783 5220 quae
799 5142 912 5204 divina
928 5143 1074 5219 potentia
1091 5157 1152 5219 pro
1207 5138 1344 5200 recenti·
1360 5138 1471 5200 adhuc
1505 5136 1644 5198 vulnere
1664 5135 1934 5212 trepidantdnm
1959 5151 2005 5197 ex

360 5237 513 5300 fidelibus
534 5239 606 5300 euis
629 5238 741 5302 facere
765 5239 954 5312 consuevit,
981 5240 1021 5300 de
1044 5239 1151 5316 ipsius
1207 5235 1360 5311 captione
1382 5234 1528 5296 civitatis
1553 5233 1733 5310 predictae,
1757 5244 1830 5309 quse
1852 5235 2004 5309 caputet

360 5336 431 5398 sola
447 5335 661 5400 miseratione
675 5339 835 5413 speraret.
851 5337 944 5399 Unde
956 5337 1029 5413 ipse
1041 5337 1099 5414 qui
1111 5335 1152 5396 de
1206 5332 1309 5393 robur
1330 5330 1472 5407 AEgypti,
1494 5329 1623 5401 fumat,
1637 5329 1853 5400 wnstmnati,
1873 5329 2002 5390 nullum

360 5448 420 5497 sua
439 5437 613 5512 sperantes
637 5434 868 5495 misericordie
893 5450 959 5496 non
977 5431 1149 5511 relinquit,
1206 5426 1798 5497 tocumsinioentraohriottauomm,
1812 5426 1912 5487 immo
1927 5443 2003 5488 eon-

361 5533 417 5610 qui
432 5549 534 5610 prope
554 5533 608 5594 est
631 5530 784 5596 omuibus
799 5531 1030 5594 invocantibus
1044 5531 1080 5591 in
1095 5541 1154 5591 ve-
1208 5530 1258 5590 tra
1282 5525 1407 5588 Christi
1433 5524 1614 5603 petentium
1643 5525 1757 5587 totum
1777 5524 1904 5599 putant.
1937 5527 2004 5586 De-

362 5630 460 5694 ritate
487 5645 607 5692 nomen
635 5631 719 5706 ejus,
751 5627 807 5704 qui
834 5644 911 5690 suos
941 5627 1153 5692 tribulatione
1209 5624 1309 5701 nique
1324 5633 1504 5699 numquam
1515 5619 1894 5698 subventIone-amplius
1908 5620 2008 5682 iodi-
