4280 6404
301 365 361 426 aaa
417 323 419 326 ’
917 355 1092 416 aononu
1115 353 1159 415 nr
1182 355 1329 416 orans.
1891 359 1950 418 234

300 527 380 585 tunc
403 519 543 580 diacono
562 513 719 592 saepefato
739 511 950 592 praebendale
971 503 1116 574 benail-'
1151 529 1230 574 num
1250 513 1284 574 et
1302 511 1486 589 capitulum
1507 513 1704 574 monueritis
1721 512 1900 589 diligenter
1914 521 1951 578 ut

302 622 390 683 cium
417 617 451 676 in
474 614 586 692 aliqua
616 612 761 674 civitatis
785 611 934 688 ejusdem
956 611 1097 672 ecclesia
1150 613 1188 672 A.
1198 609 1278 672 dieti
1288 609 1468 672 cardinalis
1481 609 1635 671 nuntium
1648 611 1681 671 et
1693 609 1823 687 praefati
1832 615 1869 672 P.
1878 627 1951 688 pro-

301 714 470 795 spectante
486 711 526 772 ad
537 710 744 771 devotionem
757 708 903 784 episcopi
911 709 1096 777 memorati,
1151 709 1337 768 curatorem
1345 705 1386 768 ad
1396 705 1587 784 praedictam
1596 704 1807 783 praebendam
1820 710 1951 786 recipe-

303 813 368 875 nisi
381 810 468 872 intra
481 809 563 868 duos
573 822 704 868 menses
715 806 789 881 post
803 806 1018 868 monitionem
1026 819 1099 866 ves·
1150 805 1236 876 rent,
1247 804 1344 882 juxta
1363 805 1553 865 nostrarum
1567 804 1804 866 continentiam
1818 803 1952 867 littera-

301 913 388 973 tram
404 904 529 983 aliquid
544 903 742 966 rationabile
760 902 923 980 objectum
943 901 1044 963 luerit
1066 903 1099 963 et
1150 917 1236 973 rum,
1260 902 1408 978 alioquin
1436 915 1547 962 coram
1567 901 1673 971 vobis,
1691 903 1781 963 certo
1808 901 1862 963 die
1881 903 1949 964 illis

303 1005 474 1084 probatum
486 1017 588 1079 quare
599 1001 703 1062 idnon
716 1000 820 1077 possit
833 999 887 1061 vel
900 1015 966 1060 non
982 999 1100 1060 debeat
1151 998 1301 1074 praefixo,
1318 1014 1377 1074 per
1388 998 1637 1074 procuratorem
1651 998 1806 1060 idoneum
1819 1015 1949 1077 compa·

303 1101 489 1179 adimpleri,
514 1098 666 1160 conterre
689 1097 888 1159 auctoritate
910 1097 1024 1158 nostra
1039 1111 1101 1156 cu·
1151 1095 1274 1168 rorent,
1292 1094 1447 1156 mandato
1465 1095 1590 1166 nostro,
1608 1098 1767 1172 quantum
1784 1096 1873 1159 esset
1890 1098 1951 1158 dea

301 1200 384 1262 retis
399 1197 594 1277 quantocius
607 1194 764 1257 obtulerit
773 1210 809 1256 se
824 1194 977 1266 facultas,
990 1193 1098 1254 eidem
1119 1213 1120 1240 ;
1151 1191 1266 1263 bitum,
1283 1191 1436 1268 parituri.
1448 1191 1508 1252 Die
1521 1191 1644 1253 statuto
1659 1193 1866 1255 P.canonico
1880 1197 1951 1255 Ro-

299 1296 436 1359 stallum
450 1296 485 1355 in
501 1294 602 1356 choro
617 1291 773 1354 stlocum
787 1291 824 1352 in
839 1291 984 1368 capitulo
996 1291 1100 1367 assig·
1152 1290 1255 1350 seton.
1270 1288 1434 1350 dictorum
1450 1289 1566 1352 decani
1583 1289 1616 1350 et
1629 1291 1816 1367 capituli-et
1831 1292 1949 1353 eodem

304 1394 433 1455 nantes.
450 1390 715 1454 contradictores
725 1404 785 1466 per
800 1403 974 1450 censuram
987 1388 1097 1449 66616-
1151 1389 1189 1447 Α.
1206 1385 1357 1462 ejusdem
1380 1385 1495 1447 clerici
1519 1387 1745 1463 procuratoris
1765 1388 1800 1448 in
1823 1388 1947 1460 vestra,

303 1489 474 1554 siastioam
499 1486 722 1565 appellatione
740 1485 922 1562 postposita
944 1499 1098 1561 compes·
1120 1537 1121 1544 ,
1152 1483 1201 1543 illi
1215 1483 1352 1556 decane,
1368 1497 1408 1544 ao
1427 1482 1478 1555 a,
1495 1484 1672 1560 praesentia
1688 1485 1886 1559 constitutis,
1903 1486 1947 1558 te,

302 1587 420 1659 cende,
445 1601 519 1648 oum
539 1585 602 1646 boc
623 1582 755 1645 obtento
780 1582 988 1654 beneficium,
1012 1581 1101 1658 quod
1152 1578 1200 1640 iili
1227 1583 1278 1652 R„
1301 1579 1504 1643 sufficienter
1527 1581 1615 1642 sicut
1639 1580 1750 1644 decuit
1776 1584 1947 1655 excusato,

307 1679 420 1756 habel,
443 1683 487 1744 sit
509 1681 683 1768 resigaare
697 1681 844 1756 paratus.
866 1678 957 1752 Quod
986 1678 1015 1738 si
1033 1694 1099 1739 non
1152 1676 1239 1738 idem
1262 1679 1299 1738 A.
1328 1693 1364 1739 se
1388 1677 1493 1753 recipi
1517 1693 1577 1754 pro
1600 1678 1738 1755 praeiato
1765 1679 1886 1740 elerico
1906 1676 1948 1740 ad

303 1797 432 1852 omnes,
463 1781 524 1841 etc.
554 1778 672 1838 Datum
698 1777 801 1838 Reate
823 1777 917 1838 sexto
939 1775 1099 1836 kalendas
1152 1771 1362 1851 praebendam
1378 1775 1526 1835 eamdem
1536 1776 1633 1852 Juxta
1644 1777 1836 1840 mandatum
1848 1779 1951 1853 Apos-

301 1877 449 1954 augusti,
466 1875 677 1952 pontificatus
687 1874 793 1935 nostri
807 1887 896 1934 auno
910 1875 1038 1952 quarto.
1152 1872 1287 1933 tolicum
1298 1884 1373 1932 cum
1384 1871 1544 1933 instantia
1555 1872 1746 1948 postulavit.
1758 1873 1820 1935 Sed
1833 1889 1950 1951 propo-

1153 1971 1251 2030 nente
1273 1969 1486 2046 procuratore
1501 1969 1605 2045 partis
1632 1969 1771 2032 alterius
1785 1973 1949 2048 quoddam

684 2068 720 2153 v
1153 2065 1312 2127 statutum
1327 2066 1477 2127 ecclesiae
1488 2067 1641 2128 Roseten.
1654 2084 1714 2144 per
1728 2067 1824 2144 quod,
1840 2070 1948 2130 omis-

303 2209 356 2268 Ad
366 2159 601 2274 mecam,
613 2203 652 2261 R·
670 2203 711 2261 de
725 2200 887 2261 Μίδα
901 2203 941 2262 0·
958 2202 999 2261 αθ
1007 2199 1101 2262 Lau,
1153 2163 1200 2272 sis
1210 2162 1286 2222 aliis
1302 2178 1375 2241 quae
1389 2163 1609 2238 praesentibus
1620 2163 1798 2226 inserenda
1812 2167 1951 2227 nondu-

458 2303 549 2363 dmw
559 2301 745 2360 Remum
759 2299 950 2359 camum·
1152 2275 1273 2332 ximus,
1285 2262 1357 2336 ejus
1372 2259 1528 2338 antiquae,
1542 2277 1580 2322 ac
1597 2261 1736 2338 integrae
1747 2263 1948 2338 praebendae,

650 2419 655 2430 ,
690 2419 706 2430 ,,
737 2418 753 2454 0
1154 2356 1364 2428 concedente,
1380 2358 1434 2418 vel
1450 2357 1628 2420 decedente
1648 2373 1802 2436 persona,
1828 2371 1951 2422 vacare

602 2419 634 2478 ³¹
646 2421 708 2492 ΜΗ
720 2419 798 2475 ¹¹¹9·
1154 2455 1360 2530 contingunt,
1374 2453 1477 2516 dividi
1488 2455 1652 2516 debentin
1667 2457 1760 2528 duae,
1779 2473 1852 2533 quae
1865 2458 1952 2519 dua-

317 2539 439 2602 saepest,
457 2535 558 2594 Μ·
573 2534 645 2598 epist.
662 2532 832 2584 6911111111
849 2534 925 2584 ¹³⁰“i
942 2532 1083 2599 duibeit]
1153 2551 1215 2611 bus
1243 2553 1320 2613 sunt
1348 2553 1500 2628 personis
1522 2552 1650 2614 idoneis
1679 2555 1889 2616 conferendae
1911 2555 1948 2616 in

305 2653 422 2716 biaudat
433 2653 476 2710 eis
493 2659 524 2709 ut
534 2653 617 2708 Petro
633 2649 738 2708 clerieo
750 2649 942 2723 prebendam,
959 2665 1009 2722 per
1028 2651 1098 2707 resi·
1154 2648 1304 2710 absentia
1312 2649 1422 2709 minus
1434 2665 1533 2727 quam
1546 2651 1673 2728 antiqui
1682 2653 1881 2714 Rosetenses
1893 2669 1952 2714 ca-

339 2743 507 2816 gnationem
522 2739 652 2812 magistri
667 2737 764 2796 niardi
790 2740 820 2795 in
842 2739 990 2796 Rosetensi
1007 2739 1099 2796 eccla·
1154 2747 1266 2808 nonici
1287 2747 1506 2823 percepturis,
1524 2747 1670 2810 Tandem
1685 2749 1771 2810 sicut
1785 2765 1950 2825 procura.

280 2863 283 2870 ⁴
339 2833 393 2900 sia,
408 2835 570 2928 vacantem,
584 2842 641 2884 non
660 2827 839 2928 obstastibus
856 2827 921 2884 ullis
935 2827 1099 2896 obstaculis,
1154 2846 1243 2905 tores
1258 2859 1445 2906 convenere
1461 2843 1620 2922 ppaed10t1‚
1636 2843 1809 2923 praefatum
1820 2849 1951 2924 capitu.

339 2920 483 2992 integram
499 2915 770 2988 f⁸⁰¹³¹¹¹³⁸⁵¹8¹¹³¹¹·
1154 2941 1222 3002 lum
1253 2941 1404 3003 eumdem
1430 2947 1467 3003 A.
1493 2941 1565 3004 loco
1590 2944 1738 3021 ejusdem
1762 2945 1877 3006 clerici
1907 2947 1949 3006 ad

346 3045 525 3115 Honorius,
551 3043 626 3114 etc„
651 3041 781 3104 dilectis
803 3041 883 3102 liliis
912 3043 948 3102 P.
975 3041 1100 3104 decano
1155 3038 1375 3115 praebendam,
1402 3055 1476 3116 quae
1498 3039 1607 3103 iuerat
1630 3041 1779 3120 praedieti
1797 3043 1950 3119 magistri

304 3145 346 3206 R.
374 3142 415 3204 de
436 3141 548 3203 Remis
571 3141 605 3201 et
630 3141 667 3200 Gr.
693 3137 734 3200 do
750 3138 910 3200 Lauduno
931 3139 1101 3200 canonicis
1154 3136 1268 3197 niardi
1284 3136 1376 3198 salvo
1387 3137 1509 3199 statuto
1521 3137 1689 3215 praedicto,
1700 3140 1858 3216 quantum
1866 3156 1950 3216 pos-

305 3243 455 3311 Reman„
478 3238 630 3310 salutem,
646 3236 708 3296 etc.
1154 3235 1205 3295 set
1216 3233 1256 3294 de
1267 3236 1354 3311 jnre,
1367 3235 1502 3312 recepit,
1518 3235 1564 3297 ita
1580 3236 1616 3297 nt
1630 3236 1810 3312 capitulum
1825 3238 1947 3314 ipsum,

345 3340 445 3398 Bonae
474 3333 642 3396 memoriae
666 3331 828 3407 magistro
844 3332 967 3394 Alardo
990 3347 1100 3409 quon·
1154 3330 1559 3408 nostrumbeneplacitum
1580 3349 1600 3394 a
1620 3331 1726 3406 nobis,
1744 3349 1826 3410 qnos
1842 3335 1950 3397 voluit

303 3435 381 3496 darn
390 3433 546 3495 Roseten.
561 3430 721 3491 canonico
733 3445 768 3489 se
779 3429 819 3489 ad
835 3429 1102 3505 religionisordi·
1155 3444 1254 3505 super
1269 3428 1332 3489 boo
1347 3423 1560 3506 consuli,'per
1580 3429 1709 3492 litteras
1729 3431 1948 3492 intimandum

305 3547 382 3594 nem
396 3527 871 3601 transferente,acresignante
883 3526 985 3587 libera
1002 3541 1100 3603 quam
1154 3525 1261 3587 eidam
1282 3526 1405 3588 clerico
1425 3525 1590 3599 dimidios,
1616 3528 1669 3590 vel
1690 3529 1838 3604 integros
1853 3531 1947 3605 ejus-

304 3622 1100 3699 obtinuitinecclesiaitoseten.praebendam,nos
1154 3623 1228 3684 dem
1254 3622 1439 3700 praebendae
1462 3623 1623 3697 redditus,
1640 3627 1793 3688 contento
1813 3627 1948 3687 interim

307 3740 380 3786 eam
394 3721 592 3784 dilectoillio
606 3721 715 3792 Petro,
733 3720 855 3781 clerico
870 3735 1028 3797 germano
1049 3723 1102 3782 di·
1130 3777 1131 3782 ,
1155 3720 1312 3791 dimidiis,
1333 3720 1555 3796 assignarent.
1579 3722 1672 3783 Unde
1692 3736 1751 3784 vos
1765 3723 1871 3784 totum
1885 3741 1947 3784 no-

305 3821 383 3884 lecti
399 3818 626 3880 iiliinostriR.
642 3819 771 3880 Sanctae
787 3818 903 3878 Mariae
918 3818 953 3878 in
967 3820 1101 3880 cosme-
1154 3817 1205 3878 bis
1233 3833 1424 3895 processum
1450 3817 1576 3894 negotii
1596 3819 1777 3882 relerentes
1799 3821 1948 3897 praedicti

305 3920 363 3981 diu
392 3917 524 3978 diaconi
552 3915 732 3976 cardinalis
759 3914 799 3976 do
827 3915 965 3991 speciali
992 3917 1101 3992 gratia
1130 3933 1131 3942 ¹
1154 3915 1269 3978 statuti
1294 3915 1443 3977 tenorem
1476 3931 1551 3976 cum
1579 3910 1775 3993 quibusdam
1803 3919 1879 3979 aliis
1907 3919 1948 3980 ad

306 4016 550 4078 conterentes...
572 4011 698 4074 decano
722 4013 757 4074 et
779 4011 924 4088 capitulo
950 4013 1100 4075 ecclesiae
1130 4013 1131 4046 ³
1154 4013 1300 4074 nostram
1315 4011 1950 4092 praesentiamut,quodexpedirevide·

305 4113 472 4192 praediotae
496 4109 737 4182 mandarimus,
761 4112 798 4171 ut
811 4125 887 4171 eum
907 4110 942 4171 in
966 4111 1101 4188 propria
1130 4161 1131 4166 ,
1154 4125 1266 4172 remus
1281 4111 1394 4171 nostra
1419 4111 1671 4188 circumspectio
1686 4111 1820 4182 iaceret,
1835 4113 1949 4174 trans-

305 4226 460 4290 persona,
482 4208 536 4270 vel
558 4223 617 4285 per
643 4208 794 4268 nuntium
810 4207 992 4269 cardinalia
1011 4211 1102 4285 ejus-
1130 4195 1131 4230 ³
1155 4207 1303 4269 misistis.
1318 4209 1387 4268 Nos
1402 4207 1512 4270 autem
1525 4208 1566 4270 ad
1579 4223 1639 4270 vos
1661 4211 1866 4272 remittentes
1888 4209 1948 4271 snb

306 4308 380 4369 dem
404 4307 445 4368 ad
467 4304 678 4382 praebendam
697 4305 804 4381 ipsam
828 4305 1010 4381 apostoliea
1037 4303 1101 4366 sibi
1153 4305 1244 4366 bulla
1264 4305 1377 4366 nostra
1403 4305 1519 4366 eadem
1543 4306 1737 4380 interclusa,
1756 4308 1951 4370 discretioni

305 4403 507 4465 liberalitate
518 4401 684 4472 collatam,
701 4401 900 4477 recipientes
913 4403 948 4462 in
968 4404 1101 4464 canoni·
1153 4405 1273 4465 vestrae
1294 4418 1354 4480 per
1376 4403 1568 4479 Apostolica
1592 4405 1715 4481 scripta
1742 4406 1949 4477 mandamus,

306 4517 381 4563 oum
394 4502 428 4560 et
442 4499 477 4558 in
492 4496 640 4567 tratrem,
661 4495 726 4556 sibi
740 4498 920 4572 proventus
945 4513 987 4558 ex
1009 4513 1099 4574 prae-
1132 4486 1133 4495 ’
1155 4503 1316 4576 quatenus
1331 4499 1463 4561 allicere
1481 4501 1577 4575 juxta
1593 4504 1793 4579 praeceptum
1814 4519 1833 4564 a
1855 4503 1950 4564 nobis
2060 4581 2063 4586 Ι

305 4597 413 4659 banda
437 4593 670 4673 provenientes
698 4593 813 4656 eadem
843 4593 876 4654 et
904 4594 1037 4656 stallum
1066 4597 1100 4656 in
1154 4597 1345 4658 mandatum
1360 4598 1586 4674 apostolicum
1601 4599 1798 4674 procuretis,
1814 4598 1850 4662 ut
1863 4601 1951 4662 idern

307 4695 420 4766 choro,
439 4709 477 4754 ac
505 4690 615 4754 locum
642 4691 678 4750 in
706 4689 852 4767 capitulo
878 4693 1099 4768 assignarent,
1154 4693 1297 4755 clericus
1320 4709 1363 4758 ex
1382 4693 1559 4756 collatione
1578 4696 1703 4768 nostra,
1721 4695 1799 4758 ullis
1821 4713 1951 4775 nequa·

305 4789 513 4854 robisetiam
531 4787 714 4850 direximus
728 4787 852 4863 scripta
877 4790 1004 4862 nostra,
1021 4792 1057 4852 ut
1072 4791 1101 4851 si
1155 4807 1253 4868 qrram
1286 4789 1503 4863 obstantibus,
1535 4791 1758 4869 praebendam,
1788 4809 1861 4871 quae
1890 4793 1953 4857 suit

306 4887 456 4967 praedicti
485 4885 630 4970 decanus
652 4887 686 4946 et
711 4885 890 4960 capitulum
909 4885 1101 4950 mandatum
1154 4887 1302 4966 ejusdem
1331 4892 1382 4962 A,
1411 4889 1575 4964 integram
1609 4890 1743 4968 atejus
1771 4891 1952 4968 proventus

306 4985 454 5049 nostrum
470 4981 659 5046 omitterent
678 4981 870 5058 adimplere,
887 4999 946 5044 vos
956 4985 990 5045 id
1003 5001 1102 5047 exse·
1154 4986 1301 5062 integros
1328 4987 1364 5046 in
1398 4986 1576 5062 praesentia
1605 4989 1639 5048 et
1668 4987 1837 5061 absentia,
1866 4984 1953 5054 sicut

306 5079 508 5161 quiouretis,
521 5079 781 5140 contradictores
794 5095 1039 5157 percensuram
1051 5099 1102 5145 ec-
1154 5083 1281 5161 antiqui
1311 5084 1465 5144 Roseten.
1496 5083 1650 5145 canonici
1683 5099 1761 5144 suas
1789 5085 1950 5158 obtinent,

307 5177 528 5242 olesiastieam
540 5177 788 5252 compescendo.
802 5178 836 5238 Si
850 5177 926 5256 qnid
939 5183 1101 5256 praeterea
1154 5181 1366 5257 assequatur;
1375 5180 1636 5242 contradictores
1644 5195 1704 5258 per
1715 5197 1955 5244 censurameo-

306 5277 438 5340 extunc
450 5275 566 5336 contra
586 5273 797 5334 collationem
822 5279 970 5337 nostram
988 5277 1099 5338 atten-
1154 5278 1388 5349 clesiasticam‚
1411 5277 1632 5355 appellatione
1647 5280 1841 5356 postposita,
1859 5295 1954 5341 oom-

305 5375 434 5437 taretur
457 5371 497 5432 de
521 5369 697 5448 praebenda
712 5371 870 5448 praedicta
890 5374 1022 5436 irritum
1036 5375 1099 5437 de·
1155 5373 1331 5452 pascendo.
1351 5373 1442 5446 Quod
1468 5375 1497 5434 si
1521 5389 1588 5434 non
1604 5389 1731 5447 emeca,
1748 5376 1810 5436 etc.
1834 5378 1952 5438 Datum

306 5471 471 5533 crevimus
496 5470 530 5530 et
552 5469 663 5528 inane.
692 5471 797 5530 Porro
818 5487 919 5546 quum
941 5472 1028 5533 sicut
1043 5489 1101 5549 per
1153 5471 1294 5534 viterbii
1314 5471 1457 5533 secundo
1473 5470 1633 5532 kalendas
1651 5471 1795 5548 augusti,
1812 5473 1950 5549 pontili-

306 5567 436 5630 lilteias
450 5569 579 5628 vestras
601 5566 789 5643 accepimus
805 5567 980 5643 praedictos
1001 5569 1100 5632 deca·
1154 5569 1271 5631 licatus
1292 5569 1398 5630 nostri
1413 5585 1501 5629 anno
1517 5569 1645 5644 quarto.
