4248 6410
136 315 206 379 ”733

15 449 28 563 ξ’
147 476 255 537 batem
271 475 304 536 et
320 477 524 536 conventum
539 475 631 536 Casas
649 476 719 543 Dei,
734 477 766 538 et
780 475 821 536 ad
837 474 948 536 abbae

17 579 23 590 “
148 575 214 633 tem
234 574 267 634 et
282 575 477 634 conventum
494 573 727 634 Herilacenses
747 587 846 651 super
866 575 940 649 jure

147 672 340 745 patronatus
353 670 502 731 ecclesiae
518 669 559 731 de
574 670 698 732 Diesse.

416 882 675 968 dccxxxiii

259 1027 311 1084 An
324 1027 519 1097 episcopum
540 1023 836 1084 catalaunensem.

437 1145 455 1200 5
469 1151 551 1201 mart.
570 1144 648 1201 1111.

168 1255 300 1326 11166661,
310 1258 355 1310 lib.
364 1259 395 1315 V.
405 1257 479 1322 epist.
488 1257 544 1308 lae.
556 1259 612 1308 ilss.
631 1260 666 1308 La
678 1257 752 1308 Porto
767 1257 802 1308 du
815 1258 907 1320 Tbcil.]

148 1373 280 1448 Indulget
295 1374 319 1430 ei
335 1380 367 1430 ut
379 1373 452 1430 ultra
478 1370 549 1428 duas
567 1371 666 1428 diaetas
680 1377 758 1428 extra
774 1372 940 1428 comitatum

15 1453 22 1469 ¹
185 1463 288 1519 Pertici
300 1463 329 1516 in
348 1473 465 1516 causam
481 1457 554 1515 tratri
572 1472 629 1514 non
649 1457 738 1530 possit
752 1471 837 1530 super
856 1457 941 1515 rebus

185 1550 221 1606 nd
245 1549 323 1606 hunc
346 1549 523 1617 comitatum,
546 1548 594 1618 qui
616 1545 768 1618 adipsum
792 1544 941 1626 devolutus

185 1645 256 1706 erat,
270 1635 484 1708 pcrtinentibus.

191 1762 367 1833 Honorius,
383 1761 458 1832 etc„
474 1761 659 1822 venerabili
675 1759 771 1822 tratri
786 1761 940 1836 episcopo

15 1841 24 1884 ³¹
141 1860 368 1922 vamlaunen.

210 1960 316 2028 Quum
345 1955 519 2016 comitatus
546 1955 670 2017 Pertici
689 1953 731 2016 ad
751 1955 785 2016 te
804 1957 880 2030 jure
900 1953 943 2014 eit

149 2053 363 2115 haereditario
392 2053 576 2124 devolutus,
597 2067 675 2121 snos,
692 2051 849 2127 precibus
875 2051 941 2112 tuis

148 2151 329 2224 benignum
346 2149 571 2226 impertientes
589 2164 772 2218 assensum,
790 2147 940 2208 auctori-

149 2250 218 2309 tate
241 2247 300 2308 tibi
324 2247 538 2324 praesentium
557 2245 778 2320 indulgemus
797 2246 835 2306 61
854 2244 941 2304 ultra

148 2346 233 2405 duas
248 2344 363 2404 diaetas
378 2345 473 2404 extra
488 2342 680 2404 comitatum
691 2341 798 2418 ipsum
814 2357 873 2417 per
887 2341 942 2402 lit-

145 2443 238 2504 teras
259 2441 477 2517 apostolicas,
499 2440 679 2500 decaetero
704 2437 939 2516 impetrandas,

147 2537 238 2602 trabi
254 2553 319 2598 non
336 2536 442 2612 possis
458 2535 492 2596 in
508 2551 643 2598 causam
663 2551 764 2610 snper
782 2534 880 2595 rebus
901 2533 941 2594 ad

147 2634 302 2696 eumdem
341 2633 566 2709 spectantibus
606 2632 808 2692 comitatum.
851 2631 941 2691 Nulli

134 2747 241 2807 -ergo,
259 2733 334 2799 etc..
356 2732 478 2791 nostrae
500 2727 726 2790 concessionis
745 2727 940 2802 intringere.

150 2830 186 2890 Si
203 2828 276 2904 quis
290 2828 411 2899 autem,
428 2828 489 2888 etc.
507 2828 625 2886 Datum
640 2824 807 2896 Laterani,
826 2826 943 2890 11166-

15 2903 18 2926 ²
137 2943 211 2986 -nas
226 2925 348 2994 martii,
365 2940 453 2984 anno
469 2924 594 3000 quinto.

420 3077 699 3223 ccnxuxrv'
739 3147 740 3150 ¹

230 3281 289 3339 Ad
305 3283 347 3339 P..
363 3279 605 3338 mtddtoconnrn
621 3277 653 3338 et
668 3277 855 3338 notorium.

443 3401 460 3456 6
476 3405 556 3456 mart.
575 3399 653 3456 lltl.

161 3515 289 3580 [Tbeinen
300 3513 383 3566 Codex
395 3513 500 3563 dominii
511 3513 668 3576 temporalis,
680 3518 699 3562 t.
712 3513 731 3569 l,
743 3528 768 3576 p.
777 3511 816 3571 67,
829 3527 854 3562 6.
865 3512 930 3574 loa]

188 3634 224 3689 Ut
239 3629 410 3688 sententiam
425 3631 454 3686 in
469 3629 664 3686 Anconitanos
679 3629 765 3685 latam
782 3635 906 3686 revocet.

184 3755 550 3833 ,Honoriusepiscopus
561 3770 677 3816 servus
690 3771 861 3816 servorum
871 3755 940 3827 Dei,

148 3855 272 3915 dilecto
283 3853 352 3914 filio
365 3856 401 3914 P.
412 3852 615 3914 subdiacono
625 3853 657 3914 et
672 3852 802 3914 notario
816 3855 941 3920 nostro,

151 3951 294 4013 salutem
308 3953 342 4011 et
355 3950 571 4026 apostolicam
586 3949 861 4010 benedictionem.

193 4048 354 4108 Miramur
364 4061 429 4106 non
443 4046 606 4110 modicum
622 4047 655 4106 et
666 4061 846 4116 movemur,
858 4046 943 4122 quod

144 4159 255 4220 -quum
286 4141 452 4202 civitatem
480 4141 721 4202 anconitanam
748 4141 781 4202 et
806 4142 946 4202 comita·

152 4243 224 4302 tum
248 4226 406 4315 ipsius'in
425 4237 615 4298 demanium
630 4237 827 4315 apostolicae
851 4237 945 4298 Sedis

153 4337 347 4398 duxerimus
375 4335 575 4404 retinendos
601 4334 649 4406 tu,
675 4334 763 4395 sicut
786 4351 828 4394 ex
852 4335 946 4410 parte

153 4434 326 4511 potestatis
351 4434 385 4493 et
413 4431 596 4494 communis
625 4431 769 4492 civitatis
798 4431 945 4508 ejusdem

144 4531 217 4594 run
240 4530 444 4608 propositum
471 4544 583 4590 coram
607 4527 713 4600 nobis,
743 4529 778 4588 in
807 4529 947 4590 comita·

152 4631 222 4690 tum
237 4630 356 4706 ipsum,
369 4644 429 4704 pro
442 4641 492 4698 eo,
510 4625 595 4703 quod
609 4626 712 4686 nobili
730 4626 839 4686 viro...
857 4641 947 4694 mar·

155 4726 268 4786 chioni
287 4726 418 4786 Estensi
440 4724 613 4787 intendere
636 4722 854 4798 denegabant,
869 4738 948 4799 pro-

156 4823 306 4896 mulgare
335 4821 502 4882 interdicti
535 4821 733 4882 sententiam
761 4835 947 4896 praesump-

157 4919 241 4990 sisti,
255 4934 355 4994 quum
365 4919 398 4978 id
413 4917 555 4978 lactendi
571 4918 696 4980 nullam
709 4917 831 4977 habeas
844 4919 948 4992 potes-

156 5017 268 5078 tatem.
295 5016 387 5076 Licet
411 5015 513 5090 igitur
532 5015 645 5076 eadem
673 5013 835 5075 sententia
855 5013 947 5074 nulla

154 5113 286 5184 sitnon
304 5113 416 5172 tamen
440 5111 590 5172 uolentes
612 5113 644 5172 te
668 5111 871 5172 contundere
891 5125 949 5170 co·

65 5198 76 5217 '
154 5225 227 5270 ram
242 5209 302 5279 eis,
317 5207 509 5270 discretioni
528 5209 594 5268 tuse
615 5207 837 5282 praecipiendo
854 5223 949 5266 man-

150 5308 284 5376 damus,
308 5305 470 5381 quatenus
489 5303 560 5364 sine
575 5303 733 5366 dilatione
749 5319 788 5364 ac
805 5303 949 5364 (11111661-

155 5405 223 5464 tate
236 5401 384 5480 qualibet
397 5400 547 5462 eamdem
563 5415 699 5462 revoces
709 5414 769 5475 per
778 5400 810 5460 te
825 5400 946 5476 ipsum.

156 5503 274 5562 Datum
286 5499 454 5568 Laterani,
470 5501 499 5560 ll
514 5513 620 5558 nonas
635 5497 757 5568 martii,
775 5497 949 5573 pontifica-

157 5599 209 5656 tus
225 5598 329 5658 nostri
344 5611 431 5659 anno
447 5596 574 5674 quinto.

772 310 1001 378 EPISTOLAE.
1026 315 1103 376 LIB.
1128 308 1166 376 V.

1280 473 1513 570 CCLXXXV

996 625 1047 684 An
1078 625 1286 700 nwptstrnrn
1314 625 1525 699 nountpnnm
1554 617 1791 688 scholasticum

1141 721 1259 781 Soractt
1275 721 1440 796 Stephani
1463 725 1651 782 Trcccnsts.

1287 834 1402 891 timori.
1422 834 1499 891 luat.

963 951 964 956 ,
1038 929 1753 1006 [Regast.,lib.Lapis.lce.ltlss.1nl’0nednlbc‘il.]

963 1021 964 1024 ¹
996 1042 1506 1114 Dispensatiodelectuenatatiumut
1520 1044 1790 1106 adsacrosordines

1253 1132 1415 1204 promoveri
1431 1133 1530 1204 possit.

1034 1239 1213 1310 Honorius,
1231 1239 1308 1308 etc„
1325 1239 1445 1300 dilecto
1458 1239 1526 1322 ¹tilio
1545 1242 1703 1316 magistro
1718 1246 1788 1306 Ro*

995 1333 1119 1410 dulplro
1133 1335 1333 1396 scholastico
1352 1336 1464 1396 Sancti
1480 1337 1640 1412 Stephani
1653 1342 1788 1402 Trecen

1034 1431 1232 1506 apostolicas
1244 1431 1338 1492 Sedis
1349 1431 1553 1508 benignitas,
1564 1434 1700 1509 provide
1714 1451 1792 1512 pen·-

995 1541 1074 1586 sans
1089 1528 1207 1588 merita
1230 1528 1448 1604 singulorum,
1460 1529 1627 1590 interdum
1646 1531 1790 1608 rigorem

996 1617 1249 1685 mansuetudine
1278 1627 1440 1704 temperat
1468 1626 1557 1688 circa
1584 1627 1679 1700 illos,
1707 1645 1790 1706 quos

997 1720 1179 1795 majoribus
1194 1723 1357 1799 conspicit
1376 1723 1504 1788 meritis
1521 1723 1683 1801 adjuvari.
1706 1726 1790 1787 Hinc

997 1817 1057 1887 est,
1073 1817 1159 1893 quod
1176 1835 1249 1878 cum
1262 1819 1356 1894 pater
1366 1821 1442 1880 tuus
1455 1820 1489 1880 in
1501 1822 1605 1882 sacris
1618 1822 1789 1884 ordinibus

997 1914 1195 1975 constitutus
1215 1917 1247 1976 te
1263 1917 1418 1991 genuerit
1432 1917 1474 1977 de
1488 1917 1606 1990 soluta,
1623 1919 1656 1980 et
1675 1922 1711 1980 tu
1726 1920 1787 1980 de-
1831 1957 1834 1967 -

997 2009 1118 2071 tectum
1132 2010 1304 2079 natalium,
1322 2027 1418 2087 quem
1432 2013 1480 2074 sic
1494 2014 1625 2088 genitus
1639 2015 1788 2090 patiens,

996 2106 1073 2166 vitae
1087 2121 1128 2166 ac
1142 2105 1290 2168 scientim
1313 2108 1440 2170 meritis
1455 2109 1610 2180 redimas,
1627 2095 1788 2174 siout've-

997 2201 1163 2264 nerabiles
1185 2202 1306 2266 iratres
1327 2205 1469 2266 nostri...
1488 2207 1659 2268 Remensis
1679 2209 1791 2270 archi-

996 2299 1182 2375 episcopus
1199 2300 1268 2362 et...
1285 2302 1470 2373 Trecensis,
1487 2303 1557 2363 et...
1570 2303 1789 2380 Lingonensis

996 2396 1155 2472 episcopi,
1170 2396 1294 2473 aliique
1310 2399 1522 2474 quamplures
1542 2398 1611 2459 suis
1626 2403 1714 2462 notis
1728 2402 1788 2464 lit-

995 2490 1293 2562 terisintimarunt,
1305 2509 1365 2554 nos
1376 2495 1442 2555 tuis
1449 2495 1789 2572 precibusbenignum

996 2589 1225 2665 impertientes
1267 2606 1456 2664 assensum,
1490 2593 1690 2655 auctoritate
1729 2595 1788 2656 tibi

998 2687 1210 2762 praesentium
1225 2687 1447 2763 indulgemus
1463 2693 1509 2760 ut,
1520 2689 1709 2766 hujusmodi
1723 2707 1789 2753 non

997 2781 1148 2845 obstante
1172 2783 1312 2856 delectu,
1334 2785 1375 2845 ad
1401 2801 1515 2848 sacros
1534 2787 1641 2862 possis
1657 2787 1790 2850 ordines

997 2871 1196 2954 promoveri,
1213 2881 1246 2941 et
1260 2881 1345 2941 alios
1360 2881 1524 2956 legitimos
1537 2884 1630 2944 actus
1647 2884 1786 2958 admitti,

997 2975 1042 3036 ita
1053 2977 1163 3036 tamen
1175 2976 1260 3053 quod
1275 2975 1303 3037 si
1314 2978 1437 3038 electus
1448 2977 1551 3039 tueris
1564 2979 1604 3040 ad
1619 2979 1789 3042 ecclesias-

996 3071 1096 3134 ticam
1107 3072 1311 3148 dignitatem,
1325 3074 1416 3134 illam
1428 3091 1636 3152 nequaquam
1646 3077 1789 3153 recipias

996 3166 1121 3243 absque
1144 3169 1341 3242 Apostolicae
1372 3165 1465 3229 Sedis
1484 3169 1617 3231 licentia
1641 3172 1788 3247 speciali.

997 3263 1089 3323 Nulli
1106 3279 1195 3338 erge,
1208 3267 1283 3332 eto,
1301 3267 1424 3325 nostrae
1440 3267 1662 3328 concessionis
1675 3268 1791 3329 intrin-

997 3375 1086 3435 gere.
1105 3360 1139 3419 Si
1161 3360 1234 3440 quis
1256 3362 1377 3430 autem,
1397 3361 1459 3421 etc.
1484 3363 1600 3422 Datum
1622 3351 1788 3436 Laterani,

996 3459 1027 3516 11
1054 3472 1158 3518 nonas
1185 3458 1307 3528 martii,
1327 3457 1537 3532 pontificatus
1567 3459 1671 3521 nostri
1702 3477 1789 3522 auno

998 3553 1125 3630 quinto.

1268 3678 1523 3764 cccxxxvi

998 3813 1050 3871 Au
1064 3813 1102 3870 R.
1115 3810 1233 3870 Sancti
1242 3811 1410 3872 lobannis
1425 3812 1458 3871 ct
1473 3826 1513 3872 ac
1529 3813 1628 3874 Vallis
1642 3815 1792 3878 Secrciae

1138 3905 1284 3975 abbatae,
1306 3909 1461 3966 dioecesis
1475 3910 1649 3969 Suession.

1291 4017 1308 4073 8
1324 4024 1406 4074 mart.
1424 4017 1501 4074 last.

1084 4121 1152 4184 [lies.
1166 4119 1359 4179 tannasara,
1372 4120 1547 4188 Bibliothdque
1560 4123 1710 4188 nationale]

1034 4225 1183 4284 Comitissa
1199 4226 1361 4298 Campania
1377 4225 1507 4297 implorat
1521 4235 1617 4286 conns
1632 4229 1753 4290 bleldon.

1114 4314 1291 4386 episcopum,
1303 4315 1508 4385 protectionem
1524 4317 1677 4376 Pontifiois.

1040 4430 1206 4491 Honorius
1219 4429 1403 4506 episcopus,
1416 4446 1531 4492 seruus
1540 4447 1711 4497 servorum
1720 4439 1791 4510 Dei,

1001 4526 1131 4587 dilectis
1148 4527 1228 4586 tiliis
1248 4529 1288 4588 R.
1306 4527 1417 4588 Sancti
1434 4528 1596 4590 iohannis
1615 4531 1650 4592 in
1665 4533 1791 4606 Vincis,

1003 4623 1172 4684 Suession.
1190 4626 1223 4686 et
1234 4623 1339 4684 Vallis
1356 4625 1498 4686 Secretae
1516 4625 1689 4688 abbatibus
1703 4633 1795 4692 Prae-

1002 4721 1217 4784 monstraten.
1241 4721 1379 4792 ordinis,
1403 4723 1652 4786 suessionensis
1677 4726 1795 4790 dioece-

1002 4817 1059 4889 sis,
1077 4818 1266 4880 salutemet
1286 4817 1501 4893 apostolicam
1518 4818 1793 4887 benedictionem.

1042 4918 1090 4976 Ex
1105 4917 1199 4990 parte
1213 4915 1342 4976 dilectae
1364 4915 1398 4975 in
1419 4914 1549 4977 Christo
1572 4917 1649 4979 tiliae
1672 4921 1793 4984 nobilis

1001 5012 1151 5072 mulieris
1162 5015 1211 5082 13,
1225 5010 1401 5072 comitissae
1417 5013 1618 5088 campanias,
1635 5015 1699 5078 1611
1711 5034 1793 5094 pro-

1003 5109 1146 5185 positum
1170 5123 1281 5168 coram
1303 5107 1398 5172 nobis
1419 5109 1515 5184 quod,
1535 5127 1635 5188 quum
1653 5128 1795 5174 venera-

1002 5206 1078 5266 bilis
1093 5205 1196 5267 frater
1211 5205 1324 5266 noster
1339 5205 1481 5266 Melden.
1499 5207 1673 5284 episcopus
1688 5209 1722 5270 in
1740 5227 1796 5272 ne·

1002 5318 1094 5364 more
1116 5319 1176 5364 suo
1196 5303 1237 5362 de
1257 5301 1395 5364 Mabant
1413 5319 1487 5362 cum
1512 5320 1578 5364 una
1602 5305 1678 5380 biga
1699 5306 1734 5366 in
1758 5307 1797 5368 li-

1003 5400 1077 5474 gnis
1095 5399 1198 5460 aridis
1212 5398 1334 5461 babeat
1350 5415 1445 5460 usum
1458 5401 1597 5472 tantum,
1610 5401 1696 5462 idem
1720 5419 1795 5466 cum

1004 5593 1216 5664 contendens,
1227 5609 1265 5654 ac
1272 5593 1537 5669 jurisdictionem
1549 5594 1583 5654 in
1595 5596 1697 5656 strata
1707 5599 1795 5662 villa>

1724 313 1791 417 aar
1906 340 1908 346 ψ
