4250 6404
324 248 363 308 27
943 245 1119 306 Honoall
1142 248 1186 308 111
1209 247 1358 310 OPERA.

326 403 549 476 Narbonensi,
578 401 810 474 sossubensi,
833 399 1063 466 libredunensl
1088 405 1122 467 et

326 499 475 577 Aquensi
500 499 694 577 provinciis,
722 498 821 576 pauci
842 487 920 562 sunt
950 500 1120 576 crucesig-

326 598 396 661 nati
425 612 485 675 pro
507 596 655 659 subsidio
681 599 793 658 Terra
823 597 1120 670 sarcinularum

326 695 518 757 vicesimam
557 693 705 758 totaliter
748 693 944 772 deputamus
986 695 1121 771 negotio

326 793 519 864 memorato,
537 807 596 868 per
619 807 737 854 manus
764 791 961 856 dilectorum
976 793 1122 856 liliorum

327 891 516 952 nostrorum
531 892 567 952 R
585 887 634 968 (1)
647 889 737 952 tituli
753 889 947 952 Sanctorum
957 888 1123 952 lobannis

327 989 360 1048 st
371 986 468 1048 Pauli
483 987 591 1063 presb.
606 987 709 1058 card„
723 990 761 1048 A.
779 989 812 1046 S.
826 986 939 1061 legati,
954 987 988 1050 et
1000 987 1123 1050 nobilis

327 1085 392 1146 viri
413 1085 582 1156 limalrici,
609 1083 737 1144 comitis
760 1083 932 1156 Tolosani,
959 1085 993 1144 in
1016 1086 1122 1161 ipsius

328 1182 504 1244 utilitatem
519 1180 644 1257 negotii
664 1181 932 1244 convertendam.
949 1184 1122 1244 Monemus

329 1279 433 1356 igitur
456 1276 686 1341 celsitudinem
702 1279 793 1340 tuam
808 1278 842 1340 et
857 1278 1068 1340 obsecramus
1088 1279 1122 1340 in

327 1377 478 1448 Domino,
505 1377 668 1452 quatenus
695 1374 738 1436 ad
765 1375 828 1442 hoo
862 1375 939 1438 ildei
965 1378 999 1438 et
1031 1377 1123 1453 pacis

327 1472 507 1550 negotium,
523 1471 609 1550 quod
625 1487 684 1549 per
705 1474 781 1534 tuas
795 1474 831 1534 et
847 1473 944 1549 regni
958 1473 1008 1535 tui
1032 1473 1123 1536 vires

328 1570 489 1633 hactenns
503 1570 690 1648 promotum
703 1585 777 1631 esse
791 1570 1010 1646 dignoscitur,
1018 1571 1124 1633 inten-

327 1669 387 1730 das
403 1669 452 1730 sic
466 1667 642 1744 magnilica
653 1683 694 1730 ac
709 1669 871 1744 potenter,
886 1668 973 1746 quod
988 1669 1122 1746 magni-

328 1765 461 1828 ficentia
478 1768 537 1828 tua
551 1765 584 1828 et
597 1765 693 1842 regni
707 1765 757 1826 tui
777 1781 836 1842 per
854 1765 918 1828 boc
932 1767 1125 1844 specialiter

327 1866 504 1926 enarretur
519 1863 677 1934 interris,
694 1863 729 1924 et
747 1863 782 1924 in
798 1861 891 1926 ooelis
916 1865 1040 1926 oeterna
1062 1863 1124 1926 tibi

329 1961 465 2038 premia
479 1960 701 2022 reserventur.
718 1961 836 2023 Datum
845 1961 1012 2034 Laterani,
1025 1961 1124 2023 nonis

328 2057 535 2136 septembris,
547 2073 635 2120 anno
646 2058 756 2119 tertio.

368 2211 411 2270 In
433 2209 591 2270 eumdem
618 2209 694 2282 fere
719 2207 859 2270 niodum
887 2209 1047 2286 scriptum
1074 2207 1125 2270 est

329 2321 428 2383 snper
440 2305 503 2366 hoc
517 2304 732 2366 Noviomensi
743 2307 775 2367 et
789 2305 949 2367 Meldensi
958 2305 1124 2384 episcopis

329 2404 362 2465 et
379 2401 490 2464 abbati
519 2401 843 2474 cisterciensitbeo,
866 2403 902 2463 in
926 2405 1022 2482 cujus
1049 2402 1126 2478 sunt

328 2499 481 2562 manibus
496 2499 597 2561 corda
608 2515 735 2575 regum,
754 2501 830 2572 ete,
847 2515 954 2574 aspice
977 2499 1012 2560 in
1032 2515 1124 2578 praa-

329 2596 416 2662 dicto
436 2597 568 2672 negotio
586 2594 804 2672 expendatur.
829 2599 959 2657 Deinde
980 2599 1124 2668 subjeet-

331 2693 389 2754 tur
403 2709 410 2752 :
426 2690 567 2769 Ideoque
576 2692 769 2754 discretioni
781 2694 899 2754 vestrae
911 2709 970 2770 per
983 2691 1126 2772 Aposto-

329 2789 396 2852 lica
410 2790 532 2866 scripta
545 2788 752 2863 mandamns,
763 2793 938 2878 quatenus,
948 2790 1126 2866 diligenter

331 2887 524 2964 colligentes
535 2886 683 2948 eamdem
699 2887 732 2948 et
744 2885 917 2963 aequaliter
927 2886 1123 2960 dividentes,

330 2999 396 3046 nna
421 2983 596 3046 medietate
618 2985 689 3062 jam
714 2983 810 3045 dictae
839 2985 950 3046 Terras
977 2983 1124 3046 subsidio

329 3083 510 3151 reservata,
528 3080 690 3158 reliquam
705 3079 862 3157 praedicto
886 3080 958 3158 regi
982 3079 1124 3142 fideliter

330 3178 507 3254 assignetis
518 3165 554 3238 'in
567 3177 802 3254 stipendiarios
815 3179 849 3240 et
858 3177 943 3240 alias
963 3177 1124 3241 utilitates

330 3275 466 3352 negotii,
481 3275 578 3352 prout
590 3273 748 3351 expedire
756 3274 889 3344 viderit,
906 3274 1123 3351 largiendam.

330 3373 476 3451 Cumque
504 3371 666 3432 decimam
699 3369 887 3433 reddituum
921 3371 1035 3434 dilecti
1065 3371 1125 3433 lilii

330 3468 452 3532 nobilis
478 3468 543 3530 viri
566 3469 602 3529 L.
622 3467 837 3546 primogeniti
856 3469 936 3531 dicti
960 3470 1061 3546 regis,
1086 3486 1127 3530 ac

330 3565 521 3628 vicesimam
547 3565 682 3627 illorum
705 3566 761 3645 qui
789 3581 864 3626 cum
897 3582 937 3628 eo
972 3567 1126 3644 Angliam

331 3663 551 3736 intraverunt,
569 3679 667 3740 quam
683 3662 891 3725 demandato
906 3663 1007 3740 legati
1021 3663 1127 3726 nostri

330 3761 486 3822 tenentur
497 3776 558 3837 per
571 3759 742 3822 biennium
757 3761 888 3822 mittere
910 3762 998 3824 ultra
1021 3778 1125 3834 mare,

331 3857 410 3919 huic
425 3843 556 3934 negotio
568 3857 881 3919 totaliterdnnimus
890 3857 1124 3936 deputandam,

332 3953 378 4018 ita
392 3953 478 4032 quod
492 3954 543 4016 illi
558 3969 630 4015 eam
652 3953 716 4015 sibi
740 3955 916 4026 retineant,
934 3955 990 4032 qui
1014 3971 1129 4033 perso-

332 4052 456 4112 naliter
479 4050 642 4113 subierint
665 4053 753 4114 buno
776 4050 940 4127 laborem;
967 4051 1025 4113 alii
1048 4067 1128 4114 vero

331 4165 405 4210 eam
433 4149 498 4226 ipsi
523 4149 594 4224 regi
617 4149 790 4225 assignent
812 4149 849 4211 in
877 4149 1128 4211 subventionem

331 4246 481 4324 praedicti
494 4246 631 4323 negotiii
646 4247 921 4322 convertendam
933 4247 1129 4310 mandamus

333 4344 495 4421 quatenus
510 4343 581 4404 haec
601 4343 732 4405 faciatis
759 4345 948 4406 executioni
976 4345 1129 4407 mandari

331 4442 368 4502 in
396 4442 535 4518 utroque
560 4439 713 4512 articulo,
735 4439 769 4500 in
798 4443 1071 4516 contradictores,
1100 4442 1128 4504 si

333 4539 390 4618 qni
409 4537 542 4609 fuerint,
562 4537 616 4597 vel
645 4537 799 4610 rebelles,
825 4554 1000 4601 censuram
1020 4540 1130 4602 eccle-

333 4635 512 4708 siasticam,
538 4633 761 4712 appellatione
798 4638 992 4716 postposita,
1026 4653 1127 4699 exer-

332 4733 447 4796 cende.
468 4733 587 4794 Datum
611 4731 782 4806 Laterani,
799 4735 896 4796 nonis
918 4735 1125 4813 septembris

332 4830 540 4910 pontificatus
554 4831 756 4892 nostrianno
772 4833 883 4896 tertio.

372 4985 581 5044 Irreumdem
595 4985 735 5043 modium
762 4983 992 5060 scriptumest
1014 4982 1129 5043 archi·

331 5080 496 5162 episcopis
511 5080 543 5141 st
561 5079 737 5158 episcopis,
753 5079 941 5148 abbatibus,
960 5077 1127 5157 prioribus

332 5181 365 5240 et
386 5178 516 5240 clericis
544 5179 696 5240 omnibus
722 5192 783 5255 per
807 5193 946 5253 regnum
964 5177 1127 5239 Francia

332 5275 531 5347 constitutis,
554 5277 699 5338 mactetis
723 5279 910 5338 mutandis.
927 5273 1125 5353 (Dnchesne,

331 5376 423 5438 Hist.
437 5378 564 5436 Frena.
575 5376 738 5449 scriptor.
754 5375 793 5445 V,
808 5373 878 5446 855,
895 5387 928 5432 n.
942 5369 1007 5450 10.)

368 5585 408 5660 (l)
429 5585 587 5644 bertranni.

1517 415 1629 506 nvn

1242 552 1294 611 Ad
1314 553 1522 626 Philippum,
1538 555 1758 614 Francorum
1778 566 1908 630 repam.

1436 664 1454 722 t
1468 662 1607 737 septemb.
1626 665 1706 722 litt.

1177 767 1311 834 [bouquet
1323 770 1380 820 iles.
1390 769 1435 822 das
1445 770 1518 827 illst..
1530 775 1549 820 t.
1558 771 1626 830 xlx,
1635 785 1661 835 p.
1670 770 1731 831 t7l;
1744 771 1855 834 nessa..
1870 770 1914 822 lib.
1925 771 1968 830 lll,

1517 865 1559 914 ep.
1575 849 1628 916 ts]

1177 945 1306 1019 Philippo
1318 962 1388 1020 rege
1398 954 1566 1021 apparatum
1581 963 1719 1021 magnum
1732 945 1854 1005 iaciente
1863 946 1898 1008 nd
1910 963 1971 1006 suo

1211 1035 1381 1092 currendum
1407 1037 1550 1093 amalrico
1578 1035 1614 1094 de
1642 1035 1805 1095 llontelorti
1830 1037 1969 1096 adversus

1211 1124 1377 1194 l'olosanos,
1400 1125 1541 1182 Honorius
1556 1139 1613 1182 non
1633 1126 1725 1182 solum
1745 1139 1854 1200 regem,
1878 1125 1928 1183 sed
1943 1134 1972 1183 et

1212 1210 1274 1285 ejus
1302 1210 1446 1282 homines,
1471 1227 1627 1285 eorumque
1659 1213 1745 1281 bona,
1770 1213 1822 1271 sub
1854 1211 1972 1287 speciali

1212 1300 1474 1374 apostolicaesedis
1488 1303 1663 1374 protectione
1683 1303 1793 1376 recipit.

1218 1419 1386 1482 Honorius
1419 1421 1595 1498 episcopus
1599 1464 1703 1494 ........
1734 1415 1907 1482 carissimo
1936 1420 1971 1482 in

1178 1515 1308 1580 Christo
1335 1517 1404 1579 lilio
1432 1521 1545 1580 nostro
1575 1518 1635 1580 Ph.
1667 1517 1740 1596 regi
1768 1519 1972 1582 Francorum

1178 1613 1312 1688 illustri,
1328 1613 1481 1689 salutem,
1494 1616 1557 1678 etc.

1218 1713 1267 1775 Ex
1277 1727 1316 1776 eo
1325 1713 1589 1792 conjiciturtead
1599 1713 1860 1778 succurrendum
1869 1729 1974 1792 nego-

1178 1809 1224 1872 tio
1235 1809 1313 1871 fidei
1325 1809 1358 1873 et
1372 1812 1463 1888 pacis
1478 1813 1513 1876 in
1529 1811 1679 1890 partibus
1689 1811 1863 1873 Tolosanis
1874 1827 1973 1888 mag·

1178 1923 1257 1968 num
1281 1909 1379 1985 juxta
1406 1907 1689 1984 magnificentiam
1726 1907 1818 1971 tuam
1851 1925 1974 1986 propo-

1180 2006 1287 2068 suisse
1300 2004 1410 2067 lacere
1425 2006 1631 2084 apparatum,
1647 2006 1733 2084 quod
1749 2007 1883 2068 interim
1894 2022 1974 2083 pro-

1178 2101 1356 2166 tectionem
1370 2117 1410 2164 ac
1422 2104 1560 2166 tutelam
1580 2103 1779 2182 apostolicae
1803 2103 1898 2164 Sedis
1912 2103 1973 2165 tibi

1179 2216 1218 2262 ac
1242 2201 1310 2264 tuis
1337 2201 1513 2278 dignanter
1537 2216 1717 2280 exposcere
1739 2201 1886 2273 voluisti,
1917 2200 1973 2278 qui

1179 2314 1246 2361 non
1270 2298 1376 2360 solum
1400 2304 1468 2370 tua,
1497 2298 1673 2360 sedetiam
1693 2299 1817 2370 aliena,
1843 2296 1974 2360 brachii

1180 2395 1227 2458 tui
1245 2396 1450 2474 protectione
1465 2397 1611 2474 protegis
1631 2397 1664 2459 et
1684 2396 1801 2458 tueris.
1819 2397 1888 2458 Nos
1910 2395 1976 2472 igi-

1178 2493 1243 2566 tur,
1259 2494 1360 2570 regiae
1376 2495 1527 2572 petitioni
1543 2494 1723 2572 benignum
1745 2493 1974 2572 impertientes

1180 2607 1364 2665 assensum,
1377 2607 1553 2669 personam
1572 2595 1606 2654 et
1626 2607 1765 2668 regnum
1784 2593 1877 2652 tuum
1899 2605 1975 2652 cum

1180 2687 1482 2766 omnibusjnribus
1506 2691 1539 2752 et
1557 2689 1767 2768 pertinentiis
1790 2690 1872 2761 suis,
1894 2703 1976 2750 neo-

1179 2804 1246 2849 non
1260 2803 1421 2865 personas
1441 2789 1593 2850 alternas
1620 2787 1767 2848 fidelium
1789 2789 1920 2850 tuorum
1942 2787 1976 2847 et

1180 2885 1340 2957 aliorum,
1349 2901 1408 2962 per
1420 2901 1502 2964 quos
1516 2901 1691 2948 succurras
1703 2884 1835 2962 negotio
1848 2899 1976 2945 memo-

1180 2984 1264 3056 rato,
1281 2983 1342 3044 sub
1355 2983 1493 3060 speciali
1511 2983 1709 3061 apostolicae
1733 2981 1827 3044 Sedis
1845 2981 1976 3058 protec-

1179 3081 1269 3142 tione
1284 3097 1323 3142 ac
1338 3079 1529 3142 defensione
1553 3081 1764 3158 suscipimus,
1791 3080 1825 3141 et
1851 3094 1891 3140 ea
1913 3077 1975 3140 tibi

1180 3193 1219 3239 ac
1231 3178 1308 3238 aliis
1328 3177 1424 3238 llrma
1445 3178 1478 3239 et
1498 3175 1627 3243 illibata
1648 3192 1846 3255 permanere
1864 3175 1976 3237 sanci-

1181 3291 1264 3336 mus.
1289 3274 1382 3337 Nulli
1410 3291 1489 3351 ergo
1515 3275 1651 3337 omnino
1674 3273 1846 3336 hominum
1876 3273 1976 3335 liceat

1182 3373 1267 3434 banc
1279 3373 1436 3450 paginam
1448 3373 1570 3436 nostrae
1584 3373 1799 3450 protectionis
1824 3374 1857 3434 et
1882 3387 1977 3433 cons·

1181 3469 1344 3533 titutionis
1366 3469 1562 3547 infringere,
1579 3472 1632 3532 vel
1650 3472 1683 3532 ei
1698 3487 1782 3532 ausu
1796 3469 1975 3532 temerario

1182 3569 1359 3630 contraire.
1375 3569 1411 3629 Si
1423 3569 1497 3647 quis
1512 3568 1634 3642 autem,
1652 3569 1714 3630 etc.
1734 3569 1852 3631 Datum
1877 3568 1977 3629 Late-

1182 3667 1269 3738 rani,
1284 3666 1382 3728 nonis
1407 3665 1614 3743 septembris,
1636 3665 1847 3744 pontificatus
1868 3664 1975 3726 nostri

1182 3779 1270 3826 anuo
1287 3764 1396 3826 tertio.
1881 3763 1884 3768 ’

1222 3893 1266 3952 ln
1290 3891 1448 3952 mandem
1475 3890 1550 3962 sere
1572 3890 1712 3950 modum
1736 3885 1897 3964 scriptum
1925 3887 1977 3948 est
2079 3939 2082 3944 ,

1183 3984 1484 4059 conservatoribus,
1509 3983 1666 4047 videlicet
1696 3985 1913 4046 Noviomensi
1943 3984 1977 4046 et

1183 4083 1346 4146 Meldensi
1370 4082 1544 4160 episcopis,
1556 4083 1590 4144 et
1607 4080 1721 4144 abbati
1741 4083 1974 4144 cisterciensi:
2104 4129 2105 4142 .

1183 4184 1232 4242 Ex
1242 4197 1282 4243 eo
1297 4181 1476 4259 conjicitur
1485 4178 1694 4240 carissimum
1705 4180 1809 4240 illium
1824 4182 1977 4242 nostrum

1183 4277 1245 4338 Pb.
1262 4291 1374 4354 regem
1386 4277 1590 4338 Francorum
1605 4275 1768 4337 illustrem
1782 4275 1823 4338 ad
1835 4291 1980 4338 succur-

1184 4375 1323 4436 rendum
1346 4374 1479 4452 negotm
1494 4371 1572 4436 fidei
1593 4372 1626 4435 et
1643 4374 1746 4450 pacis,
1770 4374 1846 4446 etc,
1863 4375 1980 4434 uerbis

1183 4473 1416 4550 competenter
1453 4472 1609 4543 mutatis,
1644 4485 1752 4544 usgue
1783 4469 1817 4531 et
1848 4469 1979 4531 illibata

1183 4571 1391 4631 decrevimus
1405 4581 1612 4646 permanere.
1626 4566 1770 4644 Ideoque
1781 4565 1979 4630 discretioni
2043 4609 2048 4616 ·

1186 4667 1302 4730 vestrae
1325 4682 1385 4743 per
1407 4665 1599 4744 apostolica
1621 4665 1746 4742 scripta
1769 4663 1979 4735 mandamus,

1183 4766 1357 4844 quatenus,
1371 4763 1401 4824 si
1419 4763 1477 4841 qui
1491 4761 1687 4839 praedictum
1698 4777 1812 4839 regem
1827 4763 1880 4824 vel
1901 4777 1981 4824 suos

1182 4863 1240 4924 aut
1255 4877 1369 4924 eornm
1378 4861 1466 4924 bena
1480 4861 1597 4922 contra
1617 4861 1741 4922 nostrae
1760 4860 1980 4937 protectionis

1183 4963 1217 5022 et
1229 4959 1475 5021 constitutionis
1487 4959 1635 5020 tenorem
1650 4957 1776 5020 temere
1799 4958 1979 5020 molestare

1182 5056 1464 5136 praesumpserint,
1477 5071 1537 5118 nos
1548 5056 1838 5132 praesumptionem
1849 5071 1976 5128 eorum,
2100 5039 2101 5088 ³

1182 5154 1363 5217 monitione
1385 5152 1568 5230 praemissa
1583 5169 1643 5230 per
1667 5169 1843 5216 censuram
1869 5153 1979 5214 eccle-

1183 5252 1363 5323 siasticam,
1375 5249 1600 5328 appellatione
1613 5251 1806 5329 postposita,
1822 5265 1977 5326 compes·

1182 5350 1277 5412 catis.
1288 5347 1379 5423 Quod
1389 5349 1418 5409 si
1426 5365 1493 5410 non
1506 5365 1657 5412 omnes...
1669 5347 1733 5410 dno
1746 5349 1904 5420 vestrum,
1913 5349 1976 5409 etc.

1183 5449 1299 5510 Datum
1314 5448 1489 5522 utsupra.
