4250 6404
1279 207 1286 252 l

151 348 189 404 tar
769 340 997 408 nrls'rumn.
1022 347 1099 406 niu.
1124 347 1179 405 nr.
1759 315 1800 410 s'r

150 503 290 564 nasterii
309 504 421 566 Sanmi
442 503 591 575 Quintini
606 503 641 564 in
656 503 778 574 Insula,
800 507 869 566 et...
885 504 948 565 de·
1003 503 1255 580 responderunt,
1283 505 1369 580 qnod
1400 519 1473 566 cum
1495 505 1652 581 praelatus
1673 509 1801 571 electus

150 615 234 661 cano
261 601 373 662 Sancti
399 601 549 672 Quintinl
584 601 769 662 Novionen.
795 601 949 662 dioecesis
1002 599 1044 660 ad
1068 615 1183 662 eorum
1210 602 1448 663 monasterium
1471 603 1668 666 accessisset
1682 605 1801 666 visita-

151 699 184 758 et
197 699 227 759 J.
245 697 481 760 archidiacono
497 700 708 760 cameracen.
1001 697 1103 758 tionis
1114 696 1236 758 ibidem
1252 697 1397 760 cilicium
1410 700 1633 776 impensurus,
1650 702 1800 777 promisit

191 793 337 856 Dilectus
353 795 479 858 tilius...
505 797 683 858 Belvacen.
705 796 830 860 electus
853 795 948 857 nobis
1002 793 1137 866 eisdem,
1154 794 1240 870 quod
1256 795 1415 857 canonice
1429 797 1464 856 in
1488 797 1704 874 inquisitione
1717 811 1798 875 pro-·

150 907 211 970 per
225 892 390 963 nuntium,
404 893 568 956 etlitteris
583 893 761 961 intimavit,
777 893 947 970 quodcum
1002 891 1143 962 rederet,
1174 893 1207 953 et
1230 891 1271 952 de
1299 893 1427 954 abbatis
1451 895 1591 955 consilio
1617 897 1800 972 corrigeret

149 989 352 1050 venerabilis
367 988 471 1051 irater
485 994 635 1052 noster...
654 994 790 1052 Remen.
813 990 948 1051 archie-
1002 987 1210 1062 corrigenda.
1235 989 1296 1061 Qui
1310 990 1515 1066 postmodum
1532 992 1616 1069 quod
1633 993 1800 1070 promise-

101 1110 123 1180 p
150 1085 307 1161 piscopus
326 1085 391 1148 iter
403 1087 692 1164 ierosolymitanae
707 1087 949 1163 peregrinatio·
1001 1087 1055 1145 rat
1068 1099 1133 1144 non
1148 1087 1291 1157 servate,
1310 1089 1343 1147 et
1352 1088 1576 1163 praetermissa
1592 1088 1696 1150 torma
1713 1091 1801 1151 Gon-

150 1181 204 1242 nis
219 1181 428 1258 aggrediens
454 1183 518 1245 sibi
541 1185 632 1246 vices
656 1200 734 1245 suas
753 1184 788 1244 in
809 1187 946 1245 Remen.
1002 1181 1070 1241 eilii
1081 1181 1248 1256 generalis
1263 1197 1330 1244 non
1345 1184 1561 1260 exprimendo
1585 1186 1741 1263 capitum,
1758 1187 1800 1250 de

150 1279 324 1354 provincia
339 1281 569 1352 commisisset,
586 1279 772 1358 ipseaudit,
789 1280 876 1341 lama
892 1297 949 1357 pu·
1002 1278 1122 1354 quibus
1136 1281 1210 1342 erat
1235 1280 1407 1357 inquisitio
1431 1282 1594 1355 iacienda,
1625 1283 1660 1344 in
1684 1300 1799 1344 eornm

148 1374 238 1438 blica
260 1377 462 1452 divulgante,
485 1378 572 1455 quod
592 1378 732 1440 ecclesia
749 1378 862 1439 Sancti
877 1380 947 1439 Re·
1001 1391 1181 1450 gravamen
1194 1377 1235 1437 ad
1263 1377 1514 1454 inquisitionem
1526 1395 1585 1456 pro
1598 1395 1658 1440 sua
1674 1381 1797 1442 volun-

148 1473 243 1547 migii
261 1477 395 1536 Romen.
413 1475 592 1550 languente
605 1475 712 1552 capite
727 1475 948 1552 membrisque
1001 1475 1070 1534 tate
1085 1473 1255 1548 processit,
1274 1476 1435 1546 statuens,
1452 1477 1488 1537 ut
1497 1475 1584 1536 idem
1600 1476 1701 1538 abbas
1716 1494 1802 1555 qna-

149 1571 396 1634 infirmantlbus
411 1587 513 1647 grave
532 1571 721 1648 patiebatur
739 1571 774 1632 in
789 1572 948 1649 spiritua·
1001 1568 1078 1630 tuor
1111 1571 1294 1632 monachos
1325 1572 1358 1632 et
1392 1572 1528 1634 totidem
1556 1573 1660 1635 laicos
1689 1590 1800 1636 secum

148 1667 237 1727 libus
252 1668 495 1740 detrimentum,
520 1670 600 1730 illuc
620 1668 661 1730 ad
677 1669 869 1744 petitionem
888 1667 949 1728 ab·
1001 1666 1149 1738 haberet,
1168 1668 1241 1728 sine
1265 1684 1404 1744 quorum
1425 1669 1578 1742 consilio,
1593 1671 1648 1732 vel
1673 1672 1714 1735 ad
1736 1671 1802 1732 mi-

147 1762 236 1824 batis
251 1781 351 1826 causa
371 1766 572 1828 visitationis
589 1766 781 1844 procedens,
804 1765 947 1842 receptis
1001 1779 1063 1822 nus
1089 1779 1203 1824 eorum
1230 1767 1373 1841 quatuor
1389 1766 1473 1825 nihil
1500 1782 1656 1844 magnum
1682 1767 1798 1846 dispo-

150 1860 390 1923 sufficientibus
419 1863 680 1939 depositionibus
709 1862 947 1924 monachorum
1001 1861 1104 1932 neret,
1119 1861 1229 1922 nullas
1244 1877 1407 1935 expensas
1422 1862 1557 1934 laceret,
1575 1879 1636 1926 nec
1654 1865 1799 1942 aliquem

149 1957 297 2034 ejusdem
313 1959 462 2020 ecclesiae
479 1961 680 2036 juratorum,
706 1958 833 2036 liquido
852 1975 947 2020 com-
1001 1958 1208 2018 contractum
1223 1975 1385 2019 summam
1396 1959 1515 2034 viginti
1530 1960 1691 2022 librarum
1705 1977 1801 2022 exce·

149 2056 292 2132 perisset
314 2057 400 2133 quod
415 2072 475 2132 per
493 2054 621 2118 abbatis
639 2057 875 2133 negligentiam
891 2072 949 2117 ec-
1001 2053 1250 2125 denteminiret,
1262 2054 1416 2130 augendi,
1427 2056 1599 2118 minuendi
1609 2059 1641 2120 et
1649 2059 1799 2144 mutandi

150 2153 253 2216 clesia
282 2155 512 2230 multipliciter
532 2156 605 2216 erat
628 2154 785 2231 collapsa,
812 2155 948 2231 propter
1002 2165 1102 2226 penes
1118 2166 1154 2210 se
1170 2152 1329 2227 potestate
1345 2153 1484 2222 retenta,
1501 2154 1663 2230 adJiciens
1685 2156 1798 2224 etiam,

149 2251 236 2327 quod
268 2251 418 2311 severius
449 2253 601 2328 potuerat
625 2252 806 2328 procedere
832 2252 947 2312 contra
1001 2248 1037 2308 ut
1063 2246 1165 2308 abbas
1189 2247 1230 2309 de
1253 2249 1417 2310 servando
1446 2251 1571 2312 statuto
1609 2251 1801 2329 hujusmodi

149 2363 244 2422 eum3
273 2349 390 2418 volens
417 2349 528 2410 tamen
557 2348 817 2434 misericorditer
847 2363 947 2424 agere
1000 2346 1174 2420 praestaret
1208 2346 1427 2422 corporaliter
1459 2349 1696 2424 jnramentum.
1736 2349 1800 2412 Sed

149 2461 224 2506 cum
246 2445 380 2516 eodem,
409 2445 438 2506 si
467 2445 551 2507 iortc
577 2461 659 2507 sano
686 2462 766 2507 usus
793 2445 944 2516 consilio,
1000 2457 1073 2502 cum
1098 2440 1276 2518 praedictus
1291 2441 1394 2504 abbas
1416 2444 1573 2506 statutum
1592 2447 1718 2521 peteret
1733 2463 1799 2522 pu-

148 2542 266 2603 saltem
278 2557 321 2603 ex
332 2542 946 2618 tuncintelligeret,utbeneageret,ac
999 2535 1129 2610 blictiri,
1144 2539 1181 2598 ut
1192 2538 1220 2598 si
1234 2538 1308 2614 quis
1324 2555 1499 2614 personam
1513 2541 1618 2617 ipsius
1635 2543 1797 2618 angeret.

149 2653 186 2699 se
201 2638 242 2699 ad
258 2639 385 2715 frugem
401 2639 478 2702 vitae
498 2641 706 2702 converteret
725 2640 885 2711 melioria,
906 2641 946 2702 de
1000 2635 1032 2696 ei
1047 2649 1147 2710 super
1161 2634 1224 2696 hoc
1235 2634 1440 2696 detensionis
1453 2637 1547 2712 copia
1561 2653 1628 2698 non
1657 2637 1798 2712 deesset,

149 2735 346 2812 prudentum
362 2737 510 2798 virorum
530 2737 681 2805 consilio,
707 2737 946 2799 deliberatione
1000 2730 1087 2792 idem
1098 2732 1223 2792 electus
1235 2731 1268 2792 id
1282 2731 1391 2793 tacere
1400 2734 1577 2805 recusavit,
1586 2737 1799 2813 propterquae

148 2832 261 2893 habita
277 2833 438 2908 diligenti,
453 2833 707 2904 ordinationem,
720 2833 946 2910 utejuaverbo
1000 2829 1110 2888 omnia
1133 2829 1334 2890 memoratus
1363 2828 1465 2890 abbas
1487 2831 1634 2892 sentiens
1655 2831 1731 2904 sibi,
1767 2834 1800 2894 et

149 2931 292 2999 utamur,
309 2928 388 2991 lecit
402 2931 436 2990 in
460 2929 575 2990 eadem
597 2931 738 2991 ecclesia
765 2931 946 2991 decaetero
1000 2925 1200 2999 monasterio
1224 2941 1326 3000 grave
1348 2927 1563 3003 praejudicum
1577 2930 1743 3002 generari,
1766 2932 1800 2991 et

148 3027 290 3088 tirmiter
317 3027 575 3098 observandam,
612 3029 877 3103 cujus-tenorem
905 3026 945 3087 ad
1000 3023 1193 3100 praedictum
1222 3023 1362 3084 electum
1398 3025 1512 3085 contra
1543 3025 1798 3102 promissionem

148 3139 209 3184 nos
225 3123 394 3184 abeodem
416 3124 520 3187 electo
536 3124 596 3186 sub
611 3139 671 3185 suo
695 3124 806 3200 sigillo
829 3125 945 3186 trans·
1000 3135 1105 3193 suam,
1120 3121 1154 3182 et
1163 3119 1298 3181 concilii
1311 3119 1451 3182 formam
1460 3121 1494 3181 in
1505 3121 1721 3198 inquisitione
1727 3139 1800 3200 per·

148 3222 298 3292 missum,
323 3221 418 3282 vobis
451 3220 512 3282 suh
536 3220 627 3282 bulla
653 3223 767 3282 nostra
790 3221 946 3281 duximus
999 3232 1113 3293 peram
1127 3217 1330 3294 processisse
1349 3233 1563 3293 cognoscens,
1580 3220 1800 3282 postraman-

147 3317 391 3378 destinandum.
421 3313 514 3380 lianc
548 3321 659 3380 autem
690 3318 944 3390 ordinationem,
1000 3313 1160 3375 dientiam
1184 3312 1375 3391 appellavit,
1399 3313 1615 3390 appellationi
1629 3318 1701 3392 ejus
1716 3331 1799 3378 con·

146 3415 235 3476 sicut
260 3414 347 3475 idem
368 3414 491 3476 electus
506 3415 576 3476 suis
596 3415 691 3478 nobis
718 3415 837 3478 litteris
862 3415 945 3477 inti·
999 3414 1099 3472 ventu
1114 3411 1261 3488 ejusdem
1287 3411 1481 3472 monasterii
1505 3412 1707 3474 adhaerente.
1734 3413 1798 3474 Sed

147 3512 262 3582 mavit,
276 3511 378 3572 abbas
388 3513 421 3574 et
435 3513 617 3573 conventus
632 3511 781 3588 ejusdem
794 3511 945 3573 ecclesiae
999 3508 1177 3584 praedictus
1203 3507 1328 3570 electus
1355 3511 1428 3584 ejus
1461 3508 1683 3585 appellatione
1718 3525 1800 3571 con·

146 3611 305 3686 tanquam
333 3609 504 3686 providam
524 3610 557 3671 et
580 3610 804 3671 necessariam
819 3625 944 3686 appro-
998 3605 1133 3681 tempta,
1163 3604 1270 3680 pri-mo
1296 3603 1537 3682 suspensionis,
1568 3607 1601 3666 et
1635 3606 1709 3683 post
1735 3607 1799 3668 iter
1846 3605 1849 3612 '

146 3705 278 3778 bantes,
291 3705 461 3768 humiliter
474 3707 682 3783 receperunt,
704 3708 842 3782 excepto
859 3706 945 3782 quod
1000 3703 1167 3779 arreptum
1192 3701 1233 3762 ad
1258 3701 1376 3763 sedem
1397 3702 1619 3779 Apostolioam
1631 3703 1797 3776 veniendi,

147 3820 223 3865 cum
238 3803 497 3865 inordinatione
512 3805 734 3876 contineatur,
750 3803 944 3865 utabbasad
1000 3799 1034 3860 in
1064 3801 1172 3876 ipsum
1199 3801 1233 3860 et
1261 3813 1420 3876 sequaces
1438 3803 1511 3876 ejus
1530 3799 1801 3862 excommunica-

148 3901 349 3964 exsolvenda
358 3901 508 3978 quedam
520 3917 593 3978 quaa
603 3903 638 3962 in
652 3901 861 3962 ordinatione
872 3916 947 3962 con·
999 3897 1100 3957 tionis
1138 3897 1320 3958 sententias
1361 3897 1603 3972 promulgavit,
1648 3898 1799 3973 quamvis

146 3999 297 4060 tinentur
311 3997 438 4070 eadem,
452 4015 488 4060 se
496 3999 659 4074 astringat
666 3998 831 4076 corporali
842 4013 948 4074 praes-
1000 3997 1132 4070 arrepto
1144 3994 1265 4054 itinere
1280 3993 1429 4068 corporis
1443 3992 1799 4080 debilitatelcorreptus

146 4095 208 4157 tito
222 4098 425 4172 juramento,
441 4097 529 4157 idem
544 4096 647 4157 abbas
662 4110 698 4157 se
713 4095 754 4156 ad
777 4095 810 4156 id
830 4094 946 4157 nolens
1000 4090 1201 4150 remanserit
1226 4103 1323 4149 secus
1357 4089 1468 4164 Alpes.
1515 4091 1623 4160 Quare
1648 4087 1799 4164 praedicti

148 4191 347 4266 astringere,
363 4207 560 4269 quamquam
582 4207 683 4268 super
697 4192 761 4252 hoc
776 4189 946 4252 delibera·
1000 4186 1108 4247 nuntii
1137 4183 1311 4246 humiliter
1333 4183 1500 4260 petierunt
1522 4184 1712 4260 praedictam
1734 4199 1799 4246 ex·

148 4288 250 4350 tionis
264 4289 415 4350 inducias
431 4289 617 4365 postularit,
633 4287 767 4350 tandem
783 4287 946 4348 invocem
1001 4280 1310 4345 communicationis
1331 4279 1550 4352 sententiam,
1588 4282 1700 4356 utpote
1726 4283 1801 4358 post

149 4384 395 4462 appellationis,
412 4386 587 4447 occasione
601 4386 736 4462 propter
750 4385 813 4445 hoo
827 4383 946 4445 frivola
1000 4379 1257 4455 appellationem
1270 4377 1312 4438 ad
1327 4393 1388 4438 nos
1403 4377 1550 4452 legitime
1569 4377 1799 4454 interpositam

148 4485 336 4545 mendicata
351 4483 512 4560 prorupit.
530 4481 693 4543 Praeiatus
720 4497 799 4542 vero
823 4481 947 4542 electus
1001 4475 1255 4552 promulgatam,
1269 4473 1399 4536 irritam
1415 4473 1580 4546 nuntiare,
1602 4474 1655 4535 vel
1681 4475 1799 4536 saltem

128 4577 364 4657 'appellationi
379 4579 567 4656 hujusmodi
584 4595 683 4657 quam
703 4577 948 4641 ilustratoriam
1001 4573 1152 4634 abbatem
1176 4571 1216 4632 ad
1243 4570 1407 4632 cautelam
1431 4570 1570 4632 absolvi.
1601 4572 1685 4644 Quia
1718 4587 1798 4632 vero

149 4677 325 4755 reputabat
348 4678 484 4739 minime
505 4678 669 4748 deserens,
686 4677 793 4753 primo
814 4676 850 4737 in
872 4691 947 4736 eum
1002 4685 1101 4746 super
1115 4669 1168 4729 his
1181 4667 1276 4729 nobis
1291 4683 1357 4729 non
1373 4668 1479 4744 potuit
1497 4668 1570 4728 lieri
1586 4667 1683 4743 plena
1704 4667 1797 4740 tides,

150 4775 393 4851 suspensionis,
417 4791 457 4835 ac
482 4775 612 4836 demum
646 4774 817 4835 crescente
843 4773 948 4849 ipsius
1002 4765 1326 4828 discretionivestrae
1341 4763 1383 4825 de
1404 4763 1576 4841 utriusque
1596 4765 1699 4841 partis
1719 4779 1800 4842 pro-

149 4871 358 4934 contumacia
386 4871 741 4932 excommunicationis
766 4869 948 4930 sententias
1001 4863 1192 4925 curatorum
1218 4873 1358 4922 assensu
1381 4875 1441 4938 per
1465 4860 1655 4936 apostolica
1675 4861 1799 4937 scripta

150 4968 383 5045 promulgavit.
398 4971 507 5039 Quare
520 4967 721 5044 supplicavit
735 4966 830 5026 nobis
844 4965 949 5026 humi·
1002 4959 1207 5029 mandamus,
1225 4958 1388 5035 quatenus
1402 4955 1532 5028 abbate,
1551 4958 1584 5018 et
1602 4957 1800 5034 sequacibus

150 5066 228 5127 liter
238 5071 271 5126 et
285 5065 413 5134 devote,
431 5065 467 5126 ut
487 5080 562 5126 eum
577 5063 642 5140 ipsi
656 5063 806 5124 ecclesiae
823 5061 950 5122 utiliter
1003 5059 1075 5133 ejus
1100 5057 1178 5116 ante
1201 5054 1270 5115 litis
1298 5053 1486 5128 ingressum
1516 5053 1676 5115 absolutis
1702 5056 1800 5132 juxta

150 5163 360 5240 providisset,
391 5159 477 5222 sicut
501 5161 565 5222 sibi
583 5161 694 5222 visum
717 5160 826 5220 dierat
842 5173 948 5235 expe·
1003 5152 1143 5214 termam
1158 5149 1321 5220 ecclesiae,
1337 5148 1377 5209 ed
1399 5149 1573 5220 cautelam,
1590 5151 1623 5210 et
1642 5149 1800 5226 inquisita

150 5261 359 5330 dire‚rslicto
371 5257 465 5320 vobis
476 5259 560 5334 quod
573 5255 948 5334 superessetagendum‚
1003 5245 1303 5325 superpraemi³⁸i³‚
1316 5246 1493 5321 etcognita
1505 5247 1656 5318 veriats,
1674 5245 1702 5305 Si
1717 5259 1800 5320 9Ρο-

149 5355 359 5420 indemnitati
370 5354 517 5434 ejusdem
528 5354 679 5414 ecelesiae
690 5355 826 5430 patema
838 5352 952 5427 digna·
1003 5360 1133 5408 cessum
1144 5343 1241 5406 electi
1249 5341 1400 5420 praedicti
1410 5342 1607 5404 canonicum
1618 5355 1692 5402 esse
1705 5341 1802 5402 inve-

150 5469 264 5518 remur
296 5452 469 5528 diligentia
500 5449 686 5528 providere.
725 5449 842 5512 Nuntii
871 5463 950 5509 vero
1004 5439 1371 5513 neritis,moderatione
1384 5438 1533 5500 adhibita
1548 5452 1646 5515 quam
1662 5437 1801 5514 aequitas

150 5549 384 5628 praedictorum
414 5547 543 5609 abbatis
581 5547 614 5607 et
647 5545 829 5606 conventus
863 5543 949 5620 apud
1005 5537 1209 5617 persuaserit
1222 5534 1454 5607 adhibendam,
1471 5534 1579 5612 ipsum
1603 5532 1801 5595 auctoritate

151 5646 269 5708 sedem
289 5644 511 5722 apostolicam
537 5641 719 5713 constituti,
740 5656 758 5704 e
780 5639 951 5701 contrario
1004 5630 1801 5712 apostolicaconfirmetishlioquinsicutjustum
