4230 6388
759 279 988 346 Epls'l'ObAE.
1011 279 1091 342 LIB.
1114 277 1152 338 V.
1716 273 1776 336 866

407 451 656 542 GCGGXLIV
984 437 1044 500 tati
1057 438 1123 500 tuae
1140 451 1201 514 per
1215 433 1406 512 apostoliea
1427 431 1552 508 scripta
1568 430 1777 501 mandantes,

140 616 145 628 ,
985 536 1148 612 quatenus
1169 532 1370 595 auctoritate
1393 529 1507 592 nostra
1529 527 1656 590 statuas
1678 543 1779 604 super

157 611 209 671 Ad
230 611 424 669 mmmmm
446 605 677 666 mmmm
703 605 909 680 ³Pi⁸⁰⁰pum²
986 633 1051 705 nis,
1068 649 1142 709 quae
1157 631 1336 693 secundum
1354 632 1456 690 Deum
1477 626 1519 688 ad
1537 627 1697 688 honorem
1712 628 1778 686 Eo-

289 700 490 775 Afl0⁸t0l²⁰ae
503 701 602 760 Sedis
615 699 777 775 matum·
986 730 1097 791 clasiae
1112 745 1152 792 ac
1166 729 1392 790 defensionem
1407 725 1485 787 fidei
1500 725 1599 802 atque
1613 723 1718 800 pacis,
1734 723 1782 784 vi·

434 831 469 888 lo
479 829 541 904 julii
556 831 635 888 litt.
987 827 1075 888 deris
1091 826 1276 889 statuenda.
1294 828 1413 886 Datum
1429 821 1595 894 Laterani,
1612 823 1703 882 XVII
1719 821 1781 882 ka·
1862 869 1864 874 ,

139 950 932 1020 [federicilstoriada'caval.Gaudenti‚ll‚Cod.dipl.,tt,n.7.]
987 925 1102 1034 leftdas
1131 924 1275 1000 augustis
1308 921 1520 1000 1)οΠᾒῖῘοἓΙῒυε
1554 918 1660 980 nostri
1693 933 1781 980 ³⁰⁸⁰

140 1075 284 1133 Honorius
315 1045 470 1146 respondet
500 1073 630 1130 Romano
659 1070 796 1130 cardinali
825 1070 933 1143 legato,
988 1021 1114 1100 ‘Immo’
1142 1022 1161 1054 ⁴⁹

174 1165 309 1237 episeopo
328 1161 487 1230 Portueusi,
507 1176 539 1218 se
553 1161 696 1233 recepisse
713 1159 748 1216 de
761 1173 835 1216 nova
851 1159 932 1215 insti-

174 1251 278 1310 tuenda
291 1250 391 1309 militia
404 1248 555 1322 aquodam
568 1249 703 1307 savarico
718 1254 746 1305 at
760 1247 846 1306 sociis
861 1246 934 1318 ejus,
1274 1233 1501 1321 GGGGXLV

175 1341 203 1397 in
217 1339 351 1398 auxilium
367 1339 503 1396 Amalriei
515 1338 620 1395 comite
630 1335 666 1394 de
675 1334 855 1404 ltonteforte‚
865 1335 936 1392 litte·

174 1443 223 1487 ras
236 1435 265 1487 at
276 1429 403 1497 nendos,
417 1427 529 1500 ipsique
547 1427 645 1499 legato
659 1424 776 1483 mandat
786 1431 818 1482 ut
831 1431 937 1482 stamar

176 1531 264 1589 super
277 1515 323 1574 bis
337 1515 412 1588 quod
427 1513 530 1572 viderit
544 1511 737 1572 intuendum.

1095 1377 1148 1440 Act
1168 1378 1361 1453 sigfridum
1381 1377 1676 1452 archiepiscopum

1254 1473 1510 1549 medantinum.

179 1641 348 1704 Honorius
358 1641 545 1718 episcopus,
557 1653 674 1700 servus
683 1653 853 1699 servorum
863 1636 935 1710 Dei,
1286 1603 1394 1678 2⁰1¹1¹il
1412 1605 1491 1663 ¹²²¹·

138 1738 430 1802 venerabilifratri
440 1740 478 1799 R.
491 1737 648 1798 Portuen.
658 1735 939 1812 episcopatpos·
1119 1718 1298 1784 [Wurdtwaia
1313 1720 1384 1770 Nova
1399 1719 1521 1777 subsidia,
1533 1718 1575 1778 lv,
1590 1719 1656 1784 lla]

138 1837 250 1899 tolicae
266 1835 361 1898 sedis
375 1833 497 1910 legate,
514 1833 655 1895 salutem
670 1833 703 1894 et
716 1831 936 1909 apostolicam
991 1835 1108 1894 Mandat
1120 1836 1256 1908 episcopo
1271 1835 1439 1906 Maguntino
1456 1840 1486 1891 ut
1501 1833 1589 1908 eligat
1606 1841 1727 1907 quatuor
1742 1836 1786 1892 vel

140 1933 418 1996 benedictionem.
1027 1929 1085 1980 tras
1100 1924 1176 1980 viros
1190 1923 1396 1996 cujuscumque
1408 1921 1517 1980 ordinis
1536 1937 1570 1980 ae
1588 1923 1665 1994 ipsos
1680 1922 1716 1978 ad
1734 1924 1783 1980 Se·

181 2031 395 2092 praesentatae
406 2029 502 2090 nohis
513 2028 733 2091 fraternitatis
742 2027 808 2088 tuae
819 2007 938 2088 putem
1027 2010 1093 2068 dem
1112 2009 1306 2082 Apostolicam
1327 2009 1549 2067 transmitteret
1567 2009 1787 2068 sollicitudinem

142 2127 358 2190 continebant
378 2127 464 2204 quod
483 2117 533 2197 P.,
552 2126 702 2188 savarici
723 2124 832 2191 miles,
853 2124 939 2185 lator
1028 2098 1347 2172 dilfflflfflffigefflium
1359 2096 1555 2156 destinandos.

141 2225 368 2304 praesentium,
383 2241 457 2286 cum
473 2223 670 2300 quibusdam
686 2223 786 2283 sociis
800 2222 880 2292 suis,
896 2217 939 2280 ad
1033 2223 1202 2285 Honorius
1210 2224 1397 2300 episcopus,
1409 2231 1525 2286 servus
1534 2240 1704 2286 servorum
1714 2227 1786 2298 Dei,
1887 2215 1891 2229 '

141 2323 352 2401 praesentiam
369 2322 461 2384 tuam
476 2321 648 2392 accedam,
666 2318 840 2399 humiliter
855 2333 938 2394 sup·
992 2321 1177 2384 venerabili
1199 2321 1295 2383 fratri
1317 2321 1568 2398 archiepiscopo
1586 2324 1785 2398 Maguntin„

142 2418 288 2496 plicavit,
311 2419 347 2480 ut
362 2418 571 2494 signaculum
587 2415 698 2476 crucis
713 2415 798 2492 quod
820 2413 937 2486 defert,
994 2419 1134 2479 salutem
1149 2419 1182 2480 et
1195 2418 1411 2494 apostolicam
1424 2419 1688 2480 benedictionem
1706 2419 1765 2499 (1).

144 2517 208 2577 sibi
231 2517 264 2577 et
286 2518 359 2591 ejus
381 2515 493 2585 sociis,
517 2513 652 2574 nomine
678 2511 880 2588 poenitentiae
905 2511 939 2570 in
1033 2517 1094 2587 Ne,
1112 2515 1140 2575 si
1154 2531 1249 2576 secus
1265 2516 1397 2576 vineam
1413 2516 1545 2576 Domini
1561 2519 1682 2578 nostrae
1700 2534 1789 2579 curae

144 2613 377 2674 remissionem
401 2626 538 2672 suorum
566 2609 755 2684 imponeres
782 2607 939 2684 peccato·
994 2613 1203 2674 commissam
1219 2613 1344 2689 positas
1361 2613 1506 2690 undique
1523 2613 1718 2676 solitudines
1733 2631 1791 2676 re-

144 2727 230 2782 rum,
262 2708 453 2786 specialiter
476 2707 528 2798 ad.
545 2705 802 2782 expugnandum
826 2705 939 2765 baere—
995 2710 1107 2786 digere
1122 2710 1369 2786 neglexerimus
1382 2709 1422 2771 ad
1435 2710 1609 2783 culturam,
1623 2713 1655 2775 et
1667 2728 1791 2790 propa-

144 2808 239 2880 ticos,
257 2806 290 2868 et
304 2804 543 2866 defendendam
563 2802 824 2864 ecclesiasticam
838 2801 941 2863 liber·
994 2823 1074 2883 gare
1093 2807 1129 2868 in
1149 2807 1198 2868 eis
1222 2808 1436 2884 propagines,
1461 2825 1534 2885 quae
1547 2805 1656 2870 ‘flores
1677 2810 1789 2872 odoris

146 2905 248 2966 tatem
270 2904 305 2964 in
329 2901 540 2964 Narbonensi
564 2901 596 2962 et
615 2898 836 2962 auxitanensi
859 2915 941 2975 pro·
995 2905 1028 2966 et
1057 2903 1200 2966 fructum
1227 2905 1370 2966 afferant
1399 2907 1594 2978 honestatis,
1625 2908 1790 2984 possimus

145 3002 279 3069 vinciis,
319 3003 353 3062 et
389 2999 582 3076 regionibus
613 2996 809 3068 convicinis,
844 2997 941 3074 juxta
995 3002 1113 3064 merito
1131 3002 1172 3062 de
1190 3005 1324 3078 torpore
1345 3019 1404 3064 seu
1418 3002 1547 3064 desidia
1568 3005 1788 3082 reprebendi3

146 3098 391 3175 beneplacitum
424 3097 457 3158 et
489 3095 606 3158 nutum
631 3095 754 3156 sanctae
784 3097 941 3156 Romanae
996 3101 1075 3160 licet
1087 3100 1261 3161 undecima
1275 3100 1427 3168 sitbora,
1442 3101 1612 3177 operiaros
1631 3105 1742 3164 tamen
1757 3102 1791 3164 in

147 3196 316 3268 Ecclesia,
338 3194 518 3257 secundum
546 3191 791 3254 observantiam
815 3191 942 3253 ordinis
996 3196 1085 3272 ipsas
1112 3196 1327 3272 proponimus
1358 3195 1535 3268 destinare,
1568 3197 1624 3275 qui
1658 3200 1790 3260 sarculo

147 3292 287 3354 fratrum
303 3292 430 3354 militiae
449 3291 577 3367 Templi
594 3290 629 3350 in
645 3289 809 3360 omnibus
827 3287 942 3349 babitu
996 3291 1242 3370 praedicationis
1255 3309 1298 3354 ex
1308 3293 1665 3371 circumadjacentibus
1677 3297 1792 3360 natio-

147 3388 311 3451 duntaxat
331 3389 480 3465 except0,
502 3389 571 3449 toto
593 3389 742 3462 tempore
763 3387 840 3447 vitae
860 3399 941 3446 suae.
997 3390 1094 3451 nibus
1111 3391 1270 3471 vitiorum
1291 3391 1405 3468 spinas
1419 3391 1599 3453 evellentes
1615 3395 1647 3455 et
1662 3410 1790 3471 vepres,

147 3489 197 3547 'fu
217 3503 297 3548 vero
322 3487 429 3564 ipsius
456 3486 489 3546 et
515 3485 627 3546 dilecti
648 3483 711 3544 filii
732 3483 854 3545 nobilis
878 3483 943 3544 viri
996 3486 1794 3566 etextendentesineasdempalmitesfideicom-

147 3583 307 3646 Amalrici
330 3584 460 3646 comitis
480 3581 648 3653 Tolosani,
675 3583 731 3658 qui
747 3585 818 3658 jam
838 3597 941 3658 quos·
997 3585 1151 3662 pluentes
1175 3585 1251 3646 illas
1278 3585 1386 3664 aquis,
1410 3601 1484 3663 qnae
1508 3587 1682 3649 transeunt
1706 3589 1795 3651 inter

148 3683 224 3742 dam
234 3681 381 3743 redditus
393 3681 457 3741 sibi
470 3680 561 3742 dedit
570 3681 602 3741 et
613 3679 722 3741 adbuc
733 3678 845 3756 plures
858 3679 943 3741 alios
997 3683 1142 3743 medium
1166 3682 1341 3754 montium,
1356 3683 1446 3762 ipsas
1470 3684 1591 3745 florere
1612 3686 1739 3748 faciant
1762 3688 1796 3748 at

149 3796 185 3841 se
201 3779 355 3841 datumm
375 3778 537 3856 promisit,
562 3793 600 3840 ac
623 3777 786 3838 baronum
806 3793 943 3838 suorum
997 3781 1157 3842 virtutum
1173 3781 1325 3856 germina
1342 3780 1542 3856 germinare,
1553 3797 1592 3842 ac
1608 3783 1668 3853 sic,
1685 3783 1796 3844 effun-

149 3877 303 3954 precibus
321 3876 514 3948 inclinatus,
533 3891 619 3947 eum,
640 3875 680 3936 de
701 3875 943 3937 venerabilium
998 3878 1095 3938 dente
1111 3877 1251 3938 Domino
1268 3878 1421 3953 spiritum
1440 3878 1480 3938 de
1501 3877 1634 3939 excelso
1654 3879 1690 3940 in
1708 3880 1794 3941 soli-

149 3975 288 4036 fratrum
303 3973 542 4034 nostrorum...
567 3973 808 4034 auxitanensis
826 3971 943 4033 archi·
998 3974 1124 4046 tudine,
1135 3973 1310 4050 judicium,
1326 3990 1390 4050 quo
1406 3990 1441 4035 se
1457 3991 1531 4036 cum
1549 3978 1617 4036 Deo
1633 3978 1666 4038 et
1682 3992 1794 4038 coram

149 4070 308 4148 episcopi,
340 4084 432 4130 ac...
457 4069 664 4130 Tolosam...
690 4068 943 4144 Agathensis....
999 4070 1077 4140 Dee,
1108 4083 1151 4128 ne
1174 4066 1215 4128 ab
1239 4083 1279 4128 oo
1299 4068 1478 4146 judicetur,
1503 4070 1642 4147 judicet,
1669 4071 1796 4135 habitet
1834 4059 1842 4074 '

150 4184 190 4229 ao
210 4167 427 4245 quorumdam
449 4165 591 4227 aliorum
614 4165 845 4242 episcoporum
864 4180 946 4226 con·
1000 4164 1121 4242 fiatque
1141 4165 1314 4226 nationum
1336 4164 1503 4227 desertum
1518 4168 1554 4228 in
1574 4167 1738 4241 chermel,
1759 4170 1796 4230 in

151 4267 238 4337 silio,
260 4265 302 4326 ad
323 4264 472 4325 nostram
491 4262 616 4324 duxisti
639 4263 773 4340 propter
792 4262 855 4324 boc
870 4277 947 4338 spe·
998 4277 1087 4324 verae
1103 4262 1366 4325 circumcisionis
1379 4263 1554 4326 scientiam
1571 4266 1748 4337 veniendo,
1763 4269 1798 4330 et

150 4363 281 4424 cialiter
313 4361 524 4439 praesentiam
553 4359 796 4432 destinandum,
822 4375 945 4436 rogans
1000 4360 1173 4437 postquam
1212 4360 1389 4423 intraverit
1425 4362 1573 4438 gentium
1613 4363 1796 4440 plenitudo,

151 4460 322 4522 humiliter
348 4462 380 4521 et
407 4459 525 4520 devoto
554 4460 591 4523 ut
617 4457 787 4521 deferendi
814 4473 946 4520 crucem
998 4457 1132 4519 tandem
1156 4459 1439 4550 reconciliationis
1461 4460 1597 4538 justitia
1622 4462 1735 4524 sedeat
1761 4464 1796 4524 in
1898 4437 1905 4446 ⁸

147 4561 218 4636 jam
242 4558 364 4620 dictam
389 4557 423 4618 et
446 4557 644 4619 observandi
667 4557 816 4618 ordinem
846 4559 945 4618 ante·
1000 4555 1163 4624 Chermel,
1188 4555 1223 4616 in
1255 4555 1437 4619 israelitico
1465 4559 1599 4636 populo,
1627 4560 1685 4636 qui
1708 4575 1798 4622 nunc
1906 4537 1911 4544 Χ

152 4657 287 4728 dictum,
333 4655 432 4733 prout
464 4653 618 4732 superius
653 4655 705 4715 est
738 4669 945 4731 expressum,
1000 4653 1173 4729 reputatur
1195 4653 1231 4714 in
1253 4655 1351 4716 saltu.
1374 4657 1497 4716 Verum
1520 4671 1595 4716 cum
1617 4658 1713 4719 multi
1738 4675 1798 4735 per

152 4753 217 4814 sibi
236 4755 269 4815 et
287 4757 359 4830 ejus
376 4749 477 4815 sociis
497 4752 666 4814 licentiam
685 4751 868 4812 concedere
890 4751 946 4812 di·
1002 4751 1060 4811 bei
1088 4751 1231 4826 gratiam
1259 4751 1301 4812 ad
1329 4752 1393 4813 boc
1420 4767 1502 4830 opus
1528 4753 1641 4816 idonei
1667 4756 1799 4820 latitent

151 4865 342 4928 gnaremur.
370 4851 439 4912 Nos
464 4849 568 4926 igitur
598 4849 639 4911 de
668 4848 868 4912 discretione
890 4849 947 4910 tua
1002 4848 1090 4909 intra
1118 4847 1319 4922 ecclesiam,
1334 4849 1402 4911 otio
1427 4851 1716 4928 contemplationis
1737 4871 1800 4916 va-

152 4951 286 5027 plenam
309 4946 464 5008 fiduciam
488 4945 688 5021 obtinentes,
713 4947 824 5023 ipsum
847 4946 889 5007 ad
916 4945 948 5008 te
1002 4947 1127 5018 cantes
1145 4945 1355 5023 amplexibus
1371 4946 1557 5011 infecundae
1572 4950 1728 5013 Rachelis
1747 4951 1800 5012 vi·
1908 5001 1911 5004 .

153 5047 211 5124 qui
227 5046 269 5106 de
284 5043 441 5122 praedicto
455 5044 601 5120 negotio,
624 5046 657 5106 et
675 5044 782 5121 ipsius
804 5043 949 5105 circum·
1001 5043 1123 5104 dentur
1145 5043 1255 5105 tamen
1275 5044 1430 5106 subtilius
1454 5046 1660 5120 inhaerendo,
1683 5049 1741 5126 qui
1763 5064 1799 5109 se
1904 5070 1910 5077 ·

154 5143 288 5207 stantiis
297 5141 475 5213 universis,
488 5141 674 5217 intelligere
682 5141 807 5217 poteris
817 5140 948 5218 plenius
1001 5139 1037 5200 in
1059 5140 1190 5200 cultura
1214 5140 1394 5201 Dominicae
1418 5141 1526 5203 vineae
1551 5159 1617 5203 non
1638 5146 1799 5205 curarunt

153 5241 340 5312 veritatem,
357 5239 512 5299 duximus
527 5237 773 5310 remittendum,
792 5238 950 5302 fraterni·
1002 5237 1164 5296 hactenus
1179 5251 1348 5309 exercere,
1365 5239 1442 5315 Lpae
1458 5239 1607 5299 fecuridae
1629 5239 1687 5299 sed
1700 5239 1808 5316 lippae'

191 5382 232 5456 (t)
253 5384 285 5441 ln
301 5381 423 5438 Domino
440 5381 575 5452 gravisus
591 5383 636 5435 est
655 5378 797 5435 Honorius
812 5377 866 5435 PP.
882 5378 947 5436 bar·
1003 5376 1059 5434 tide
1073 5385 1205 5450 suscepta
1226 5377 1355 5434 ecclesiae
1375 5392 1439 5436 sose
1455 5392 1626 5451 aggregare.
1645 5381 1705 5436 lloo
1718 5379 1797 5436 salu-

154 5453 239 5512 baras
258 5453 394 5519 bivonioe,
412 5450 548 5519 Eslouiae,
568 5449 747 5521 Prassioequa
765 5459 868 5522 gentes
884 5449 947 5507 inti·
1003 5455 1063 5504 tore
1091 5463 1163 5520 opus
1186 5453 1216 5504 ut
1238 5448 1396 5520 perliceret,
1422 5451 1529 5506 litteras
1550 5454 1637 5506 nasce
1666 5458 1800 5522 paternus

155 5524 278 5580 deliratis
288 5521 413 5602 tenebris
423 5522 539 5579 obrutas
550 5519 653 5578 divinas
665 5521 766 5594 gratiae
778 5518 865 5576 radiis
878 5521 951 5577 illus
1004 5533 1122 5575 exarare
1136 5519 1175 5574 illi
1190 5519 1282 5574 visum
1300 5517 1350 5576 fuit
1366 5518 1447 5576 valdo
1462 5527 1663 5592 opportunum.
1718 5545 1720 5549 ¹

155 5595 235 5663 irari,
248 5596 368 5667 luceque
378 5593 546 5666 evangelica
560 5591 739 5649 collustratus
753 5591 902 5649 mitescere
917 5605 952 5648 ac

299 5731 415 5776 rarnon.
435 5730 509 5775 roua
526 5717 576 5775 lll.
1624 5717 1659 5772 28
