4280 6404
915 295 1091 358 nemean
1113 295 1159 356 111
1180 294 1329 378 ernas.
1889 291 1947 350 ree

301 311 359 372 let

300 485 374 548 quas
398 465 485 544 apud
511 457 662 526 Mentem.
672 458 809 524 Sabatie
837 460 870 521 et
881 458 914 520 in
930 455 1091 528 Torcella,
1148 451 1234 530 qued
1258 449 1435 514 serenitati
1474 451 1541 511 tuae
1566 447 1750 525 gratiarum
1772 449 1947 510 teneamur

300 567 393 630 curia
420 562 516 626 Pedii
541 561 575 624 et
603 559 740 636 Stirpeti
772 555 961 636 apostolica
993 554 1094 616 Sedes
1149 550 1323 612 exsolvere
1337 548 1496 618 actiones,
1521 548 1555 608 et
1572 545 1613 608 ad
1626 545 1852 609 exaudiendas
1864 561 1946 622 pre-

300 663 449 729 nescitur
474 659 636 730 obtinere,
654 654 863 718 universitati
888 652 1007 714 vestrae
1036 666 1096 728 per
1149 663 1215 718 ees,
1232 647 1359 724 siquas
1382 645 1478 706 nobis
1499 645 1700 720 porrexeris,
1713 659 1772 719 per
1793 643 1856 704 hec
1870 660 1948 720 spe-

300 759 492 838 apostolica
531 757 655 832 scripte
692 752 903 824 mandamus,
933 747 1096 827 quatenus
1150 743 1280 805 cialiter
1292 741 1527 818 astringamur.

303 857 462 936 predicta
475 854 582 916 eidem
596 852 751 930 episcope
766 848 956 924 assignetis.
977 846 1096 908 Datum
1190 843 1307 902 Datum
1323 839 1490 910 Laterani,
1507 837 1668 900 kalendas
1683 837 1813 914 aprilis,
1830 833 1945 914 penti·

304 953 461 1018 Laterani
476 950 629 1014 kalendis
644 947 771 1026 aprilis,
788 960 877 1008 anne
890 945 1000 1006 tertie.

584 1151 813 1240 CLXXVIII

380 1293 432 1352 dd
446 1291 642 1362 Philippum
655 1289 871 1346 Francorum
886 1295 1014 1359 repam.

594 1407 608 1464 l
625 1405 705 1480 april.
723 1403 802 1464 lllt.

337 1525 476 1594 [bouquet
488 1526 546 1576 lies.
562 1522 606 1573 des
616 1522 721 1580 llister,
735 1525 755 1570 t.
764 1521 832 1578 xlx,
840 1535 866 1584 p.
881 1518 938 1570 ote.
947 1519 1056 1580 aegest..

580 1601 625 1652 lib.
637 1600 680 1658 111,
689 1615 728 1664 ep.
746 1599 814 1664 eet]

302 1713 405 1771 Preces
415 1711 451 1768 ad
464 1708 627 1782 Philippum
639 1721 737 1782 regem
750 1705 853 1762 iteruin
867 1702 984 1760 adhibet
993 1703 1098 1759 instau-

259 1841 266 1860 .
338 1807 381 1857 ter
404 1795 544 1872 pontifex,
567 1802 598 1854 ut
626 1793 852 1866 quinquennales
876 1792 942 1849 elim
968 1789 1098 1848 inducias

334 1887 447 1956 loanni,
463 1885 575 1958 anglie
590 1883 662 1956 regi,
678 1895 842 1951 concessas,
860 1893 1019 1954 prerogare
1031 1877 1099 1934 velit

334 1987 401 2033 cum
414 1973 471 2033 hlie
482 1975 544 2048 ejus
563 1972 685 2030 ilenrico
700 1969 736 2027 ed
758 1969 993 2042 quinquennium.

342 2091 509 2154 Honorius
519 2089 693 2167 episcopus
716 2102 832 2148 servus
846 2101 1018 2146 serverum
1037 2079 1096 2145 eei

304 2189 477 2250 carissime
503 2185 538 2246 in
567 2184 697 2246 Christe
716 2183 785 2244 illie
801 2183 914 2244 nostre
930 2181 1094 2258 philippe,

302 2285 376 2362 regi
388 2285 592 2345 Francorum
602 2279 737 2354 illustri,
748 2279 887 2343 salutem
900 2280 935 2339 et
943 2276 1097 2355 aposteli-

303 2397 378 2444 eam
391 2379 665 2443 benedictionem.

342 2477 464 2540 Anime
499 2473 701 2536 desideranti
726 2489 794 2536 nen
823 2471 945 2536 sufficit
969 2471 1096 2534 tanturn

306 2574 409 2636 semel
430 2574 541 2651 petere
563 2571 649 2650 qued
673 2571 816 2648 optatur.
838 2572 925 2632 Sane
949 2568 1015 2630 alia
1027 2572 1096 2646 jam

302 2671 375 2734 vles
392 2671 457 2732 tuae
480 2668 652 2731 serenitati
666 2683 781 2752 preces
796 2666 985 2744 porrexisse
997 2680 1096 2728 rece-

303 2768 402 2832 limus
416 2766 576 2829 sellicitas
587 2768 620 2828 et
635 2767 787 2837 attentas,
805 2767 851 2837 ut,
872 2780 946 2826 curn
958 2763 1096 2839 treuga-

302 2879 377 2928 rum
393 2863 473 2928 elim
499 2863 586 2925 inter
600 2863 632 2924 te
647 2863 679 2924 et
699 2861 831 2940 inclytae
857 2859 1097 2922 recordationis

306 2963 503 3032 Iohannem,
520 2975 631 3035 regem
646 2955 958 3034 Angliae,'initarum
978 2957 1097 3019 termi-

307 3073 370 3120 nus
385 3055 636 3136 appropinquet,
653 3055 699 3117 ita
714 3053 801 3132 qued
822 3052 947 3130 treugae
970 3054 1052 3130 ipsse
1078 3069 1097 3116 a

304 3154 457 3236 proxime
486 3153 616 3215 Pascha
648 3147 820 3230 usquead
849 3166 985 3224 annum,
1013 3149 1098 3214 sieut

302 3251 501 3329 accepimus,
517 3249 674 3332 finientur
690 3247 749 3328 (l),
760 3249 894 3324 treugas
910 3247 1099 3326 specialiter

302 3365 362 3426 pre
384 3347 572 3410 reverentia
589 3345 712 3409 Christi
736 3359 933 3424 prorogares
952 3343 1095 3418 easdem,

302 3446 475 3508 attendens
490 3461 530 3506 ea
545 3460 618 3522 quse
642 3445 710 3506 tam
733 3443 768 3504 in
790 3437 980 3504 cismarinis
1000 3458 1097 3521 quam

302 3541 537 3604 transmarinis
550 3539 700 3618 partibus
713 3539 839 3604 instant
853 3539 974 3618 popule
989 3539 1099 3601 chris-

302 3639 406 3708 tiane,
423 3638 456 3701 et
479 3637 694 3700 considerans
720 3638 878 3716 quantum
899 3651 964 3713 pax
989 3637 1046 3698 tua
1066 3637 1099 3699 et

237 3775 240 3782 -
303 3736 399 3812 regni
414 3735 461 3796 tui
477 3732 666 3796 necessaria
690 3733 734 3795 sit
752 3734 795 3795 iis
819 3733 876 3812 qui
899 3731 987 3796 ultra
1007 3750 1098 3796 mare

303 3849 364 3912 pre
379 3831 442 3893 lide
453 3830 576 3893 Christi
585 3827 767 3894 decertant.
778 3831 870 3894 Licet
884 3847 964 3907 erge
979 3847 1097 3908 spere-

303 3945 387 4001 mus,
406 3929 492 4008 qued
518 3927 641 4006 regalis
659 3925 789 3990 devotio
810 3944 924 4007 preces
950 3931 1096 4000 nostras,

304 4027 488 4106 praesertim
514 4027 582 4088 tam
608 4021 808 4088 favorabiles
830 4025 861 4088 et
875 4027 1095 4102 necessarias,

300 4138 367 4183 nen
393 4121 541 4202 repellet,
559 4121 615 4184 sed
631 4138 722 4184 mere
748 4139 808 4184 sue
829 4119 985 4186 exaudiet
1001 4140 1098 4186 reve-

300 4227 423 4292 renter,
450 4219 637 4282 sollicitudo
663 4222 785 4292 tamem
817 4237 890 4297 quae
916 4237 1017 4298 super
1033 4220 1097 4284 hec

303 4316 451 4376 animum
467 4319 616 4379 nestrum
640 4318 742 4393 angit,
757 4333 872 4396 preces
889 4317 1022 4380 easdem
1036 4333 1096 4380 nes

300 4411 461 4488 compulit
484 4411 670 4484 iterarent
693 4412 765 4473 baec
787 4413 860 4490 ipsa
881 4411 1014 4476 iteratio
1035 4415 1096 4477 tibi

299 4507 432 4586 plenius
460 4508 609 4568 nestrum
634 4521 734 4585 super
756 4505 820 4570 hec
839 4509 992 4571 allectum
1008 4511 1095 4573 insi-

300 4607 391 4676 nuet,
406 4605 438 4666 et
452 4604 493 4665 ad
514 4620 629 4681 preces
644 4603 735 4680 ipsas
755 4603 889 4668 effectui
902 4608 1097 4684 mancipan-

300 4702 360 4763 das
371 4701 469 4763 eitius
485 4703 612 4777 regiam
629 4699 863 4764 sublimitatem
882 4703 1020 4766 inclinet
1035 4704 1093 4784 (2).

300 4801 468 4874 Rogamus
483 4797 586 4874 igitur
598 4799 829 4862 excellentiam
843 4803 932 4863 taam
947 4803 981 4864 et
995 4802 1094 4866 ebse-

300 4897 475 4958 cramusin
490 4897 641 4968 Domine,
657 4913 717 4973 pre
726 4897 865 4974 speciali
877 4915 1014 4963 munere
1024 4917 1096 4979 pes·

298 4995 455 5066 talantes,
480 4996 662 5072 quatenus,
691 5011 836 5072 pensans
862 4997 1005 5060 selliclle
1038 5015 1097 5060 su·

298 5090 458 5168 predicta,
473 5093 609 5167 treugas
622 5093 814 5169 specialiter
821 5093 865 5156 ob
872 5097 1095 5158 reverentiam

298 5187 421 5251 Christi
436 5189 469 5250 et
483 5187 648 5266 publicam
664 5189 840 5252 utilitatem
856 5192 968 5268 pepuli
978 5194 1095 5254 chria-

298 5286 381 5348 tiani
397 5299 502 5364 usque
517 5286 558 5346 ad
572 5287 835 5364 quinquennium
851 5304 1009 5364 prorogas
1025 5305 1095 5351 me-

297 5384 454 5456 moratas,
471 5383 1093 5461 precaminanestrataliterauditurus,

304 5539 375 5615 ·(l)
396 5541 577 5599 induciarum
605 5549 720 5616 pactum
749 5558 813 5600 curn
844 5545 954 5602 leanne
983 5543 1094 5617 Angliae

298 5625 377 5684 rege,
392 5611 519 5670 habitum
536 5628 612 5671 anne
626 5615 705 5684 llll,
722 5629 821 5672 mense
836 5615 999 5687 septembri.

1150 937 1268 1000 heatus
1278 936 1384 998 nestri
1399 951 1487 998 anne
1497 935 1607 998 tertie.

1453 1085 1641 1174 aLxllx

1152 1214 1202 1274 Ad
1214 1213 1504 1281 archidiaconum,
1516 1207 1725 1270 decorumst
1735 1205 1948 1284 magistrum

1314 1311 1353 1369 G.
1368 1311 1571 1368 bettericum
1585 1309 1780 1368 semermes.

1445 1410 1554 1483 repra.
1573 1409 1652 1468 rare.

1187 1505 1310 1574 [liegest.,
1321 1507 1366 1558 lib.
1379 1507 1421 1564 111,
1434 1506 1508 1570 epist.
1517 1505 1571 1556 377.
1582 1505 1638 1556 blas.
1650 1505 1758 1570 Laperte
1770 1501 1910 1570 delusit]

1176 1605 1293 1665 llandat
1307 1613 1338 1662 ut
1354 1604 1390 1662 ad
1402 1604 1510 1676 justum
1526 1603 1613 1662 linem
1626 1603 1917 1676 perdaeetmquerela

1360 1709 1446 1765 super
1456 1693 1575 1750 eeclesia
1587 1691 1623 1750 de
1634 1694 1731 1750 Saree.

1192 1792 1369 1865 Honorius,
1379 1794 1454 1864 etc,
1467 1789 1596 1854 dilectis
1607 1791 1684 1852 liliis
1695 1790 1943 1864 archidiacone,
1973 1817 1976 1825 ¹

1152 1889 1277 1952 decane
1291 1891 1324 1952 et
1336 1890 1495 1966 magistre
1510 1893 1547 1950 (l.
1562 1889 1723 1950 canonice
1734 1890 1870 1950 Remea.

1192 1991 1296 2060 Quum
1312 1987 1345 2048 in
1360 1987 1502 2048 ecclesia
1515 1986 1555 2047 de
1571 1989 1685 2058 Sarae,
1697 2001 1770 2062 quae
1781 1986 1945 2062 quendam

1152 2083 1259 2146 luerat
1271 2083 1397 2146 ordinis
1413 2083 1526 2145 Sancti
1538 2083 1725 2159 Augustini,
1737 2098 1833 2161 per...
1843 2082 1946 2144 abba-

1151 2184 1216 2242 tem
1231 2182 1264 2243 et
1275 2181 1455 2243 monaches
1470 2180 1606 2243 Lebien.
1619 2180 1735 2242 ordine
1750 2181 1944 2254 monastice,

1151 2281 1249 2356 prout
1259 2295 1302 2340 ex
1311 2275 1525 2340 concessione
1534 2276 1736 2340 venerabilis
1745 2277 1947 2339 iratrisnes·

1150 2377 1204 2449 tri,
1222 2375 1368 2453 episcopi
1386 2374 1540 2437 Leedien.
1557 2375 1622 2437 leci
1644 2374 1824 2436 dioecesani
1843 2373 1885 2435 ad
1909 2391 1946 2435 se

1152 2475 1318 2552 pertinere
1327 2475 1495 2544 asserunt,
1509 2472 1752 2546 introduete,il.
1765 2471 1947 2550 praesbyter

1151 2570 1301 2634 eeclesiae
1326 2570 1492 2647 praedIctae
1520 2569 1710 2644 canonieus,
1730 2567 1879 2630 eamdem
1903 2565 1945 2629 ad

1151 2668 1271 2730 statum
1282 2663 1398 2728 reduci
1409 2667 1585 2747 pristinum
1599 2667 1746 2743 cupiens,
1764 2666 1944 2728 nonnullas

1152 2780 1251 2842 super
1265 2765 1327 2826 hec
1342 2763 1383 2826 ad
1400 2765 1548 2826 diverses
1559 2763 1724 2842 judicesa
1740 2765 1825 2832 Sede
1838 2768 1947 2840 npesm

1151 2861 1251 2924 telica
1274 2862 1402 2925 litteras
1426 2861 1647 2938 impetrasset,
1668 2860 1800 2923 tandem
1815 2860 1945 2922 dilectis

1151 2959 1267 3020 filiis...
1292 2953 1421 3030 abbate,
1447 2957 1683 3020 archidiacone
1712 2959 1780 3020 et...
1808 2961 1944 3020 cantore

1151 3050 1945 3133 Atrebatencausameamdemquihuseamcem·

1152 3153 1302 3214 misimus
1323 3153 1364 3214 ad
1389 3167 1450 3214 nes
1474 3151 1716 3213 remittentibus
1740 3151 1946 3214 sufficienter

1152 3251 1360 3320 instructam,
1380 3265 1440 3310 nes
1466 3247 1603 3325 praelate
1628 3250 1662 3308 lb.
1689 3249 1721 3309 et
1742 3250 1945 3310 monasterie

1152 3347 1188 3408 a
1203 3345 1410 3423 procuratori
1430 3344 1662 3422 predictorum
1677 3343 1806 3406 abbatis
1819 3345 1851 3406 et
1863 3361 1946 3406 cen-

1152 3447 1270 3506 ventus
1290 3444 1326 3504 in
1341 3444 1455 3505 nestra
1476 3442 1664 3505 constitutis
1679 3443 1867 3519 praesentia,
1889 3443 1943 3503 di-

1152 3542 1273 3604 lectum
1297 3541 1402 3603 illium
1421 3543 1461 3604 R.
1483 3539 1721 3602 subdiaconum
1744 3541 1778 3602 et
1796 3540 1945 3617 capella-

1152 3654 1231 3699 num
1256 3642 1406 3701 nestrum
1428 3638 1654 3702 concessimus
1672 3637 1867 3708 audIterem,
1884 3653 1944 3714 per

1153 3751 1250 3813 quem
1264 3735 1342 3796 hine
1356 3735 1435 3796 inde
1450 3735 1628 3815 prepositis
1643 3735 1773 3811 plenius
1790 3735 1944 3796 intellec-

1151 3834 1206 3904 tis,
1222 3831 1377 3910 prrelates
1390 3831 1541 3894 abbatem
1552 3833 1586 3893 et
1597 3835 1795 3894 conventuum
1806 3831 1848 3894 ab
1860 3835 1946 3909 eJus·

1152 3929 1226 3991 dem
1245 3932 1280 3990 Ε.
1297 3930 1332 3989 in
1352 3927 1513 4005 petitione
1528 3929 1633 4006 ipsius
1648 3929 1809 4002 ecclesiae,
1826 3945 1862 3990 se
1876 3945 1942 3990 nen

1151 4029 1347 4088 vexatarum
1358 4025 1942 4104 eosdemprastitejuramentopre-

1151 4125 1252 4194 misit,
1268 4123 1308 4185 de
1323 4123 1463 4186 tratrem
1479 4123 1667 4184 nestrorum
1683 4124 1824 4184 consilio
1839 4123 1943 4184 duxi-

1151 4235 1224 4284 mus
1234 4221 1511 4291 absolvendosae
1523 4219 1683 4282 exelflcie
1699 4223 1813 4282 nestro
1829 4221 1877 4282 sic
1887 4237 1947 4282 su-

1151 4317 1945 4398 perheepreviderevolentes,uteldemecclesiae

1150 4417 1222 4478 sive
1233 4416 1274 4478 de
1286 4415 1457 4479 monachis
1468 4416 1521 4478 vel
1536 4414 1707 4477 eaaenieIs
1722 4415 1848 4478 utiliter
1861 4431 1947 4478 cen-

1150 4514 1288 4586 sulatur,
1306 4513 1519 4592 presentium
1533 4511 1627 4574 vebis
1639 4512 1837 4576 auctoritate
1849 4527 1947 4574 man-

1150 4611 1277 4682 damus,
1291 4611 1452 4689 quatenus
1465 4609 1685 4686 personaliter
1696 4609 1890 4671 accedentes
1903 4607 1945 4672 ad

1126 4753 1127 4758 .
1150 4707 1269 4778 lecum,
1288 4706 1438 4768 habende
1456 4721 1524 4782 prae
1545 4705 1651 4766 oculis
1667 4705 1774 4766 selum
1786 4709 1889 4768 Deum
1905 4703 1947 4768 de

1149 4799 1321 4866 monachis
1329 4802 1465 4864 Lebien.
1477 4801 1530 4864 vel
1541 4802 1711 4864 canonicis
1720 4801 1944 4878 regularibus,

1126 4957 1127 4962 ,
1150 4917 1231 4979 ques
1247 4899 1353 4976 magis
1362 4899 1403 4962 ad
1417 4899 1451 4960 id
1461 4897 1620 4977 expedire
1629 4899 1780 4960 videritis
1795 4899 1945 4962 eamdem

1149 4998 1323 5061 ecclesiam
1345 4997 1523 5072 ordinetis;
1538 4997 1809 5068 contradictores,
1824 4997 1877 5058 vel
1890 5011 1947 5058 re-

1149 5095 1251 5158 belles
1262 5111 1323 5174 per
1334 5107 1509 5156 censuram
1526 5093 1785 5158 ecclesiasticam
1800 5092 1945 5171 appella·

1147 5193 1238 5255 tione
1253 5192 1435 5271 postposita
1452 5193 1709 5268 compescentes.
1726 5191 1818 5263 Quod
1835 5191 1863 5252 si
1879 5207 1945 5252 nen

1150 5305 1275 5362 omnes,
1290 5291 1352 5352 ete.
1369 5291 1488 5351 Datum
1504 5289 1659 5352 Laterani
1674 5287 1837 5350 kalendas
1849 5290 1946 5366 apri-

1126 5421 1127 5462 3
1148 5388 1191 5449 lis
1203 5401 1292 5450 anne
1305 5387 1416 5450 tertie.

1186 5541 1227 5616 (ἰ)
1244 5543 1361 5602 Honorii
1384 5543 1493 5602 litteras
1508 5539 1543 5600 ad
1564 5537 1780 5600 cisterciensem
1803 5548 1833 5598 et
1847 5543 1943 5601 Clare·

1149 5617 1305 5673 vallensem
1317 5614 1446 5682 abbates,
1463 5621 1483 5671 t.
1500 5619 1522 5682 l,
1538 5615 1622 5686 epist.
1637 5615 1685 5683 85,
1701 5613 1755 5670 cel.
1770 5614 1830 5673 tir.
