4300 6392
945 347 1120 408 HONORII
1142 347 1188 408 111
1209 347 1357 408 OPERA.

693 531 758 617 XC

449 671 501 730 Ad
516 671 723 732 abbatissam
745 672 779 732 et
797 673 1004 734 concentum

583 771 875 828 Reatartcernsam.

614 889 726 946 imeri.
743 887 823 948 ltili.

380 1003 500 1066 [begeat.
514 1003 558 1052 lib.
573 1002 614 1063 lV,
626 1017 664 1067 ep.
673 1002 728 1053 671.
738 1005 836 1054 blesim
851 1004 967 1056 Portedu
981 1003 1073 1068 rnatu]

330 1105 462 1178 indulget
478 1107 520 1163 eis
534 1115 565 1165 ut
583 1107 709 1166 decimas
728 1115 756 1165 et
773 1123 959 1182 quaecumque
977 1109 1030 1166 alie
1051 1108 1123 1165 bone

365 1193 400 1250 ed
416 1195 542 1267 ipsorum
558 1199 762 1254 monasterium
778 1197 947 1269 pertinentia
963 1198 987 1256 si
1002 1197 1124 1255 alienata

364 1281 494 1353 luissent,
509 1298 645 1342 revocare
657 1286 779 1358 possint.

368 1401 548 1472 Honorius,
575 1403 650 1472 etc,
677 1401 806 1464 dilectis
826 1403 861 1462 in
876 1402 1008 1463 Christo
1032 1400 1124 1462 iilia-

328 1495 427 1558 bus...
453 1495 642 1572 abbatissae,
652 1513 691 1559 ac
705 1499 882 1562 conventui
898 1499 1123 1569 Romaricen„

330 1594 481 1667 salutem,
499 1595 561 1656 ete.

368 1693 448 1751 Cum
464 1691 702 1754 monasterium
715 1695 874 1764 vestrum,
889 1692 977 1769 quod
997 1691 1039 1753 ad
1054 1695 1125 1754 Ro-

327 1789 459 1849 manam
476 1789 656 1850 Ecclesiam
672 1791 763 1850 nullo
775 1789 941 1852 mediante
956 1791 1126 1867 pertinere

329 1885 462 1958 dicitur,
492 1885 654 1948 bonorum
688 1887 910 1963 spiritualium
938 1889 971 1949 et
998 1889 1127 1964 tempo-

328 1984 448 2044 ralium
471 1983 590 2045 florere
615 1987 825 2046 consueverit
845 1985 1006 2058 ubertate,
1030 1985 1125 2046 nobis

328 2079 500 2142 humiliter
514 2081 737 2157 supplicastis,
755 2084 792 2143 ut
806 2099 907 2159 quum
922 2098 1010 2142 nune
1026 2097 1127 2158 prop-

328 2179 380 2238 ter
399 2177 585 2238 vicinorum
613 2179 861 2254 oppressionem
893 2179 1065 2249 nobilium,
1093 2179 1126 2240 et

329 2274 397 2334 alia
410 2275 586 2336 manifesta
596 2277 792 2347 uravamina
805 2274 923 2352 quibus
933 2276 1058 2352 jugiter
1073 2275 1126 2336 de·

329 2371 426 2446 primi
450 2372 632 2443 consuevit,
656 2373 739 2434 adeo
763 2374 957 2435 tenuitatem
979 2373 1126 2449 patiatur

329 2469 528 2541 reddituum,
541 2471 627 2547 quod
642 2486 685 2532 ex
700 2471 742 2531 iis
752 2471 811 2531 vix
821 2471 958 2548 potestis
974 2485 1124 2530 commo-

330 2569 371 2628 de
383 2567 575 2638 sustentari,
594 2568 773 2628 revocandi
796 2567 836 2628 ad
848 2571 915 2644 jue,
933 2568 966 2628 et
980 2568 1126 2644 proprie

330 2667 432 2727 tatem
461 2666 655 2726 monasterii
685 2666 788 2726 vestri
804 2681 864 2742 pro
885 2665 1125 2725 sustentatione

330 2761 608 2833 vestra,decimas
620 2763 722 2838 ipsas,
739 2779 812 2838 quae
826 2761 886 2822 sub
901 2777 1012 2822 annuo
1024 2777 1125 2822 censu

332 2873 352 2919 a
376 2859 469 2920 vobis
496 2859 628 2919 clericIs
652 2861 729 2920 sunt
760 2873 938 2930 concessae,
962 2857 1127 2919 deceden-

330 2955 419 3017 tibus
447 2955 694 3034 possessoribus
722 2955 924 3022 eorumdem,
950 2954 982 3015 et
1011 2955 1039 3014 si
1059 2970 1124 3031 qua

330 3053 367 3113 in
406 3053 508 3114 vestri
535 3053 728 3113 monasterii
764 3051 994 3129 praejudicium
1037 3051 1125 3112 alie·

331 3151 422 3217 nata,
442 3149 514 3211 slve
539 3165 697 3211 concessa
728 3150 796 3210 sint
821 3149 947 3221 illicite,
976 3149 1029 3210 vel
1058 3147 1127 3208 dis-

329 3249 447 3320 tracta,
465 3247 558 3310 robis
574 3247 741 3308 licentiam
767 3246 948 3308 concedere
967 3245 1126 3322 dignare-

330 3361 418 3406 mur.
434 3347 503 3406 Nos
519 3345 623 3420 igitur
633 3343 753 3406 vestris
774 3343 1049 3420 postulationibus
1065 3359 1128 3404 an-

331 3442 484 3514 nuentes,
508 3443 540 3502 at
561 3441 711 3503 ecclesiae
730 3441 849 3502 vestrae
864 3440 1014 3503 volentes
1030 3440 1126 3502 utili-

330 3539 455 3602 tatibus
470 3539 656 3617 providere,
681 3539 775 3598 robis
794 3537 952 3615 praedicta
973 3537 1127 3598 duximus

331 3635 554 3698 concedenda.
596 3635 689 3696 Nulli
729 3649 808 3711 ergo
846 3635 981 3695 omnino
1019 3635 1129 3696 horni-

331 3750 410 3794 num
435 3733 535 3795 liceat
560 3733 647 3794 banc
665 3733 820 3810 paginam
842 3733 964 3793 nostrae
991 3746 1130 3792 conces-

332 3832 437 3893 sionis
462 3831 657 3906 iniringere,
689 3830 741 3891 vel
770 3831 802 3890 ei
836 3845 922 3890 ausu
949 3829 1128 3890 temerario

332 3929 511 3989 contraire.
546 3927 581 3988 Si
617 3927 691 4004 quis
719 3927 830 3988 autem
868 3927 931 3988 boo
965 3927 1129 3987 attentare

332 4009 594 4103 praesumpserit,
608 4025 871 4100 indignationem
893 4023 1128 4099 omnipotentis

298 4123 417 4220 .1)11.,
434 4123 510 4193 etc..
525 4135 632 4194 napae
645 4121 866 4180 incursurum.
887 4119 1005 4179 Datum
1019 4119 1130 4179 viter·

332 4219 391 4292 bii,
408 4221 502 4281 sexto
518 4233 624 4280 nonas
646 4217 769 4288 martii,
790 4215 1000 4294 pontificatus
1023 4215 1127 4276 nostri

333 4332 421 4378 anuo
434 4318 564 4392 quarto.

687 4475 774 4560 lul

382 4613 434 4672 Aa
443 4611 609 4670 maritales
618 4609 768 4668 aeclesiae
782 4609 823 4667 dc
839 4605 1077 4667 thbadassen.

627 4729 742 4786 111111.
760 4729 839 4812 iiio.

478 4837 606 4898 [Sabaten.
617 4835 685 4886 Anu.
697 4833 853 4885 Pederborn.
872 4835 891 4892 l.
904 4833 972 4898 981]

388 4948 469 5017 ipsas
483 4959 548 5000 cum
566 4941 699 5000 omnibus
712 4940 794 4998 bonis
811 4940 932 5000 tuendas
947 4941 1075 5014 suscipit.

375 5062 555 5132 1101011111,
570 5065 646 5128 etc..
663 5060 793 5122 dilectis
810 5061 844 5120 in
860 5059 983 5120 Christi
998 5057 1129 5118 lillabus

334 5154 1131 5224 monialibusecclesiaeWilbodessen.paderbor-

334 5277 412 5322 111.
422 5257 587 5324 dioecesis,
602 5257 742 5318 salutem
756 5257 789 5316 et
801 5253 1016 5332 apostolicam
1026 5249 1131 5310 bene-

335 5358 526 5420 dictionem.
629 5423 632 5428 Δ

374 5453 480 5519 iustis
510 5451 691 5529 petentium
717 5449 894 5510 desideriis
926 5446 1062 5522 dignum
1082 5444 1132 5506 est

335 5569 397 5614 nos
425 5551 556 5612 facilem
583 5547 731 5625 praebere
756 5561 955 5607 consensum
982 5546 1014 5606 et
1041 5543 1129 5614 vota,

337 5667 409 5727 quae
423 5663 442 5709 a
458 5646 598 5710 rationis
625 5641 759 5704 tramite
774 5657 840 5704 non
860 5641 1067 5711 discordant,
1083 5639 1134 5701 ei-

1915 343 1976 405 396

1178 502 1266 565 tectu
1287 505 1505 581 prosequente
1522 503 1699 582 complere.
1713 497 1980 586 depromendi-⁶

1179 600 1272 662 lectae
1287 601 1321 661 in
1333 601 1463 662 Christo
1475 601 1564 673 tiliae,
1576 602 1697 664 restris
1706 602 1807 678 justis
1818 600 1974 677 precibus

1178 697 1341 769 inclinati,
1367 713 1528 774 personas
1551 699 1681 760 vestras
1713 714 1788 760 cum
1818 697 1972 758 omnibus

1178 792 1285 865 bonis,
1302 811 1375 870 quae
1396 795 1432 855 in
1455 795 1707 870 praesentiarum
1730 795 1978 856 rationabiliter

1179 891 1366 967 possidetis,
1385 892 1491 953 autin
1508 891 1653 952 tuturum
1665 891 1766 968 justis
1777 889 1883 952 modis
1893 907 1979 968 praa·

1180 991 1287 1048 stante
1308 989 1446 1048 Domino
1466 989 1619 1064 poteritis
1641 987 1793 1064 adipisci,
1810 987 1872 1052 sub
1886 986 1975 1050 beati

1180 1085 1269 1147 Petri
1281 1087 1437 1146 etnostra
1449 1085 1654 1160 protectione
1669 1085 1880 1161 suscipimus.
1898 1088 1978 1161 Spe·

1181 1180 1310 1242 cialiter
1325 1181 1434 1242 autem
1456 1181 1682 1256 possessiones
1700 1181 1740 1241 de
1759 1179 1974 1241 Waturvelde

1181 1278 1213 1339 et
1237 1277 1277 1338 de
1303 1277 1542 1352 Glenenberga,
1569 1293 1609 1338 ac
1637 1278 1703 1338 alia
1733 1277 1819 1338 bona
1846 1279 1973 1348 vestra,

1181 1374 1267 1435 sicut
1280 1389 1319 1434 ea
1335 1375 1446 1434 omnia
1459 1376 1550 1450 juste
1565 1391 1605 1434 ac
1623 1374 1760 1450 pacitice
1784 1373 1973 1450 possidetis,

1180 1470 1273 1531 vohis
1288 1472 1321 1530 et
1333 1485 1391 1548 per
1402 1485 1460 1532 vos
1475 1471 1539 1547 ipsi
1554 1471 1704 1532 ecclesia
1719 1471 1838 1533 vestrae
1852 1472 1974 1533 aucto-

1180 1568 1278 1628 ritate
1293 1567 1482 1643 apostolica
1503 1568 1738 1628 confirmamus
1753 1570 1786 1628 et
1801 1569 1975 1644 presentis

1181 1664 1295 1738 scripti
1313 1664 1497 1740 patrocinio
1510 1665 1762 1725 communimus.
1777 1664 1868 1724 Nulli
1881 1679 1973 1738 ergo,

1181 1763 1242 1822 etc.
1254 1761 1288 1822 Si
1300 1762 1373 1838 quis
1384 1763 1505 1828 autem,
1516 1763 1578 1822 etc.
1589 1765 1708 1822 Datum
1719 1761 1858 1823 viterbii
1871 1763 1977 1822 ano·

1180 1873 1241 1918 nas
1257 1859 1366 1919 martii
1383 1859 1594 1934 pontificatus
1616 1858 1721 1919 nostri
1735 1873 1824 1918 anno
1844 1861 1972 1934 quarto.

1525 2027 1633 2115 XCII

1181 2161 1232 2220 Aa
1246 2161 1382 2234 priores
1396 2159 1430 2220 et
1444 2159 1576 2232 tratres
1597 2161 1715 2222 Sancti
1730 2161 1978 2222 Bartbotamat

1473 2261 1515 2318 de
1533 2259 1691 2319 meato.

1473 2369 1490 2426 5
1505 2377 1587 2426 maii.
1602 2370 1682 2426 lito.

1293 2473 1466 2539 [spicilegium
1482 2474 1653 2532 Libonianum,
1667 2490 1694 2540 p.
1707 2475 1761 2533 711,
1774 2490 1801 2526 1.
1814 2475 1866 2541 111]

1181 2572 1271 2645 Sylva
1287 2573 1357 2642 Elei,
1371 2587 1520 2646 superque
1537 2572 1610 2630 inter
1620 2573 1682 2630 illos
1694 2581 1723 2630 et
1741 2571 1980 2646 collapsi-denses

1220 2661 1340 2732 questio
1352 2668 1414 2718 erat
1426 2668 1533 2730 exorta,
1549 2661 1760 2732 possessionem
1774 2659 1934 2718 conilrmat.

1221 2777 1388 2837 Honorius
1402 2777 1703 2853 episcopusservus
1718 2791 1891 2838 servorum
1902 2777 1973 2849 Dei,

1181 2873 1310 2934 dilectis
1326 2873 1403 2934 tiliis
1418 2874 1521 2950 priori
1538 2874 1570 2934 et
1589 2872 1747 2934 iratribus
1761 2875 1874 2935 Sancti
1893 2876 1978 2936 Bar-

1180 2970 1348 3032 tbolomeei
1363 2971 1404 3032 de
1425 2971 1581 3042 Trisulto,
1596 2971 1818 3032 cartusiensis
1833 2971 1972 3042 ordiniS,

1182 3067 1365 3128 salutemet
1378 3068 1595 3144 apostolicam
1616 3067 1890 3128 benedictionem.

1223 3163 1365 3226 suborta
1380 3165 1541 3226 intervos
1565 3179 1608 3225 ex
1622 3165 1715 3239 parte
1733 3180 1799 3225 una
1814 3166 1847 3225 et
1864 3162 1977 3225 Colle·

1181 3261 1361 3338 perdenses
1376 3278 1419 3321 11
1433 3260 1540 3321 altera
1550 3275 1650 3336 super
1665 3261 1759 3337 sylva
1780 3260 1850 3322 Eici
1864 3277 1977 3336 quaes-

1181 3359 1282 3429 tione,
1306 3375 1345 3419 ac
1369 3358 1493 3418 diutius
1517 3358 1652 3433 agitata,
1677 3357 1861 3420 venerabili
1881 3357 1976 3421 tratri

1182 3457 1295 3516 nostro
1310 3455 1464 3532 episcopo
1477 3457 1510 3518 et
1532 3456 1653 3516 dilecto
1673 3454 1741 3516 tilio
1762 3455 1906 3517 Orlando
1919 3471 1980 3516 oa-

1182 3552 1314 3628 pellano
1338 3555 1463 3620 nostro,
1481 3553 1543 3614 eto.
1568 3551 1616 3630 (et
1641 3552 1853 3629 prosequitur
1881 3554 1977 3629 prout

1183 3648 1217 3708 in
1242 3647 1441 3726 superiore).
1469 3648 1538 3710 Lib.
1563 3651 1602 3721 11,
1631 3649 1726 3725 epist.
1748 3651 1818 3720 132,
1838 3649 1917 3711 tom.
1934 3649 1975 3718 il,

1183 3745 1246 3805 col.
1262 3747 1332 3806 625.
1350 3747 1467 3806 Datum
1483 3745 1634 3818 Viterbii,
1654 3746 1699 3806 111
1724 3759 1829 3806 nonas
1851 3744 1979 3825 martii,

1184 3856 1272 3904 anno
1286 3843 1499 3919 pontificatus
1514 3843 1619 3904 nostri
1639 3843 1767 3919 quarto.

1517 4009 1644 4098 XCIII

1255 4141 1307 4200 Ad
1330 4142 1583 4204 mortasterium
1596 4145 1637 4202 de
1648 4141 1905 4204 Schwarizbab.

1477 4255 1495 4312 6
1509 4269 1586 4312 mars
1600 4255 1677 4312 1110.

1293 4359 1552 4424 Γ[1111111111.
1566 4361 1640 4426 dipl..
1652 4360 1671 4418 1,
1683 4359 1739 4418 ete,
1751 4373 1776 4408 1.
1788 4359 1858 4424 111]

1183 4471 1339 4532 Confirmat
1360 4467 1542 4526 donationem
1572 4463 1714 4537 parochias
1735 4465 1764 4520 in
1788 4462 1980 4522 stadelboven

1348 4555 1468 4614 abbatiae
1481 4551 1687 4612 Scbwarabeb
1699 4551 1814 4610 tectam.

1224 4667 1403 4735 Honorius,
1430 4664 1504 4733 eta,
1531 4661 1661 4721 dilectis
1689 4659 1768 4720 tiliis
1794 4658 1905 4721 abbati
1946 4662 1980 4722 11

1184 4763 1362 4828 conventui
1378 4757 1572 4820 monasterii
1584 4757 1618 4816 in
1633 4756 1874 4818 Schwartzbab
1889 4757 1982 4818 salu-

1184 4866 1250 4927 tem
1265 4863 1299 4922 et
1312 4857 1529 4935 apostolicam
1542 4854 1815 4916 benedictionem.

1226 4958 1317 5020 Solet
1328 4969 1477 5016 annuere
1491 4952 1592 5012 Sedes
1606 4950 1796 5028 apostolica
1814 4951 1878 5028 piis
1890 4951 1976 5012 votis

1185 5057 1218 5116 et
1245 5050 1394 5113 honestis
1429 5048 1611 5124 petentium
1647 5047 1800 5123 precibus
1828 5047 1976 5108 savorem

1184 5149 1382 5212 benevolum
1397 5144 1573 5222 impertiri.
1600 5144 1792 5220 Eapropter,
1814 5143 1926 5206 dilecti
1945 5144 1980 5204 in

1185 5246 1324 5309 Domino
1350 5243 1424 5316 tilii,
1455 5241 1556 5320 justis
1581 5239 1859 5318 postulationibus
1887 5243 1980 5316 grato

1187 5346 1424 5406 concurrentes
1439 5355 1590 5412 assensu,
1608 5353 1768 5416 personas
1793 5339 1921 5400 vestras
1947 5340 1981 5400 et

1187 5441 1425 5504 monasterium
1450 5440 1485 5499 in
1511 5453 1577 5514 quo
1598 5436 1711 5497 divino
1727 5435 1808 5497 estis
1822 5434 1981 5511 obsequio

1187 5537 1366 5613 mancipati
1388 5549 1463 5595 cum
1479 5532 1632 5594 omnibus
1644 5530 1741 5592 bonis
1755 5546 1828 5607 quae
1845 5530 1984 5605 11111-

1188 5636 1371 5699 sentiarum
1409 5629 1654 5692 rationabiliter
1685 5627 1843 5704 possidet,
1865 5629 1923 5690 aut
1948 5626 1982 5688 in
