4280 6404
287 343 345 402 611
839 357 842 367 ·
907 341 1083 402 nouonn
1106 341 1150 400 111
1173 341 1320 402 orsus.
1873 327 1972 404 232·-

286 500 342 563 tiae
364 499 496 578 quidem
516 498 581 561 tuae
597 498 772 576 prudentia
792 497 900 575 plene,
918 497 1082 559 utcredi-
1135 498 1203 560 tate
1241 498 1439 576 quaerendus
1467 499 1518 562 est
1552 500 1721 571 Dominus,
1747 499 1805 576 qui
1839 499 1935 562 adest

288 613 376 669 mus,
400 597 569 673 cognoscit
595 595 628 658 61
641 596 731 658 videt
749 595 840 671 ipsos
856 596 1036 658 Tolosanos
1050 593 1083 656 et
1137 595 1289 657 omnibus
1317 597 1353 656 in
1378 597 1520 658 veritate
1546 597 1778 679 invocantibus
1812 613 1932 658 nomen

287 709 402 756 eorum
424 693 600 770 complices
615 693 656 753 ad
679 693 712 753 id
729 691 920 769 specialiter
934 695 967 754 et
984 693 1080 770 prin·
1136 695 1219 769 eJus.
1235 694 1396 765 Quocirca
1418 694 1671 754 universitatem
1695 694 1839 754 vestram
1860 711 1934 755 mo-

287 791 641 868 cipalitertendere,ut
653 789 849 866 apparatum
861 805 958 868 quem
972 788 1081 851 fecisti
1136 789 1276 850 nondam
1292 791 1446 850 duximus
1469 792 1501 852 et
1516 791 1726 862 hortandam,
1744 806 1804 866 per
1823 793 1933 866 Apos-

286 903 346 965 pro
355 887 514 966 jamdicto
530 887 661 963 negotio
686 885 786 966 (quod
807 887 894 948 absit
906 885 930 966 l)
947 887 1082 948 valeant
1136 887 1236 948 tolica
1250 889 1373 964 scripta
1386 887 1593 960 mandantes,
1605 889 1768 965 quatenus
1780 904 1847 949 non
1860 903 1934 966 quae

286 984 458 1062 impedire.
477 985 560 1057 Quia
575 1000 655 1045 1616
680 984 750 1044 sine
766 985 861 1060 gravi
876 983 1033 1046 scandalo
1049 982 1082 1044 et
1136 986 1246 1045 vestra
1262 985 1349 1057 sunt,
1365 984 1423 1046 sed
1442 1001 1515 1061 quae
1531 984 1653 1045 Christi
1670 985 1866 1062 quaerentes
1892 985 1934 1046 ad

286 1082 458 1158 dispendio
473 1083 539 1143 tuae
568 1080 686 1143 salutis
711 1081 744 1142 et
768 1080 864 1142 famae
884 1097 950 1142 non
967 1096 1081 1157 posses
1136 1081 1395 1141 convertendum
1410 1081 1451 1141 ad
1465 1082 1653 1153 Dominum,
1670 1097 1738 1142 non
1754 1081 1794 1141 ad
1813 1080 1934 1157 subju·

286 1196 405 1241 novam
432 1179 680 1241 concessionem
710 1178 820 1240 facere
844 1179 884 1239 de
901 1178 1079 1254 praedictis,
1138 1177 1283 1253 gaudum
1296 1177 1415 1239 vestrae
1432 1178 1584 1240 servituti
1600 1194 1748 1254 paganos
1761 1177 1936 1239 intendere

284 1277 338 1339 vel
362 1276 496 1338 differre
518 1276 758 1353 promotionem
784 1275 914 1353 praefati
943 1274 1078 1352 nogotii,
1137 1276 1308 1348 studeatis,
1320 1291 1372 1348 ne,
1382 1277 1467 1354 quod
1479 1275 1575 1348 absit,
1584 1275 1636 1335 illi
1646 1274 1801 1337 timentes
1812 1275 1934 1352 suinci

284 1389 344 1452 pro
358 1390 422 1452 quo
429 1373 559 1435 tantum
573 1374 769 1449 apparatum
783 1373 931 1434 nosceris
943 1376 1013 1449 jam
1028 1371 1080 1432 fe·
1137 1373 1302 1444 servituti,
1318 1373 1353 1434 in
1374 1373 1426 1433 sui
1452 1373 1577 1433 erroris
1605 1373 1790 1450 pertinacia
1816 1371 1936 1434 fortius

286 1471 383 1542 cisse,
400 1471 532 1548 plenam
553 1469 713 1532 habemus
731 1469 896 1542 fiduciam,
914 1470 1000 1548 quod
1014 1470 1080 1530 tuae
1136 1469 1356 1542 obstinentur,
1372 1471 1405 1532 et
1418 1485 1478 1531 vos
1497 1469 1621 1531 frustra
1639 1470 1798 1531 laboretis
1813 1469 1848 1531 in
1872 1471 1934 1542 eis,

285 1567 525 1644 magnitudinis
536 1566 799 1644 circumspectio,
810 1565 1078 1636 haecattendens,
1136 1566 1166 1626 si
1180 1568 1351 1638 Dominus,
1369 1569 1424 1644 qui
1440 1583 1537 1629 renes
1563 1568 1736 1629 scrutatur
1764 1569 1797 1630 et
1820 1567 1933 1640 corda,

190 1665 203 1684 “
287 1681 323 1728 66
344 1681 410 1726 non
433 1665 521 1726 sinet
542 1664 655 1724 seduci
679 1663 912 1740 praedictorum
933 1663 1081 1724 versutia
1136 1665 1222 1725 votis
1236 1665 1356 1726 vestris
1373 1680 1438 1726 non
1451 1664 1572 1726 laverit
1594 1665 1785 1735 insensatis,
1815 1664 1871 1724 sed
1893 1666 1931 1727 ut

286 1762 520 1839 malignorum,
535 1777 595 1822 nec
617 1761 781 1821 maculam
803 1761 901 1821 istam
922 1761 1080 1836 ingloria
1136 1760 1282 1837 legitime
1295 1763 1423 1823 certare
1436 1761 1932 1840 probemini,ab0mnibusabs·

284 1860 343 1922 tua
356 1875 469 1938 pones,
495 1873 554 1935 per
578 1873 676 1935 quam
691 1857 807 1934 procul
822 1856 922 1918 dubio
942 1857 1080 1918 multum
1135 1859 1278 1919 tinentes
1297 1859 1435 1930 illicitis,
1450 1859 1634 1920 venerabili
1661 1859 1756 1921 fratri
1777 1860 1928 1920 nostro...
2041 1881 2044 1890 ¹

285 1956 516 2019 obfuscaretur
543 1956 659 2017 titulus
673 1956 739 2016 tnae
763 1954 883 2025 laudis,
898 1955 932 2016 et
947 1955 1080 2015 tuorum
1135 1955 1290 2032 episcopo
1306 1957 1451 2018 Prussiae
1467 1972 1569 2033 super
1580 1956 1633 2016 his
1653 1957 1759 2017 modis
1777 1955 1929 2017 omnibus

285 2054 493 2115 minueretur
514 2052 665 2112 cumulus
690 2051 894 2112 meritorum.
907 2053 957 2112 Ex
974 2050 1082 2110 abun·
1135 2052 1326 2124 intendatis,
1343 2054 1397 2114 cui
1413 2055 1570 2114 Dominus
1583 2055 1618 2115 in
1631 2054 1684 2114 bis
1699 2055 1750 2114 est
1769 2053 1930 2114 hactenus

285 2150 399 2212 dantia
409 2151 518 2211 tamen
525 2148 626 2224 regiae
636 2147 850 2209 sublimitatis
859 2148 1080 2209 constantiam
1135 2149 1372 2211 miserabiliter
1386 2152 1609 2226 prosperatus
1626 2151 1695 2210 Nos
1711 2150 1799 2210 enim
1823 2150 1930 2212 eidem

285 2247 529 2309 sollicitandam
545 2245 699 2305 duximus
723 2247 756 2305 et
776 2244 985 2314 hortandam,
998 2259 1082 2321 qua·
1107 2297 1108 2304 ,
1135 2248 1290 2324 episcopo
1305 2248 1428 2309 nostris
1442 2248 1592 2309 dedimus
1607 2248 1728 2310 litteris
1742 2249 1776 2308 in
1791 2246 1931 2322 mauda-

285 2347 393 2416 tenus,
404 2343 438 2403 in
451 2342 514 2404 hoc
530 2341 615 2404 facto
628 2339 756 2403 habens
771 2357 840 2418 prae
853 2341 958 2402 oculis
974 2341 1081 2400 solum
1136 2344 1189 2416 tis,
1207 2345 1243 2406 ut
1254 2345 1283 2405 si
1297 2345 1353 2420 qui
1369 2345 1483 2406 contra
1498 2345 1702 2406 voluntatem
1718 2348 1790 2421 ejus
1803 2347 1927 2406 terram

286 2443 402 2513 Deum,
418 2440 486 2502 tea
506 2439 673 2516 praedictis
690 2438 924 2499 circumveniri
946 2438 1079 2498 fallaci·
1136 2440 1385 2519 baptizatorum,
1418 2441 1471 2503 rel
1504 2441 1794 2518 baptizandorum,
1827 2443 1931 2504 totius

287 2538 348 2599 bus
364 2553 430 2598 non
442 2536 613 2613 permittas
627 2557 635 2610 3
657 2535 726 2606 sed,
740 2536 795 2595 via
809 2535 903 2609 regia
924 2534 1081 2610 gradiens
1136 2539 1280 2600 Prussiae
1294 2539 1434 2610 intrare,
1450 2539 1503 2600 rel
1522 2539 1557 2598 iu
1581 2555 1621 2600 66
1636 2539 1812 2616 disponere
1827 2538 1930 2616 quid·

285 2635 452 2705 moretuo,
462 2633 586 2693 nullius
598 2632 772 2693 mundanae
784 2631 938 2694 utilitatis
950 2627 1081 2707 objectu
1136 2652 1234 2714 quam
1248 2637 1505 2713 presumpserit,
1522 2651 1582 2712 per
1596 2636 1682 2713 quod
1698 2637 1802 2713 possit
1821 2651 1929 2713 paga-

286 2731 433 2794 deolines
458 2731 499 2791 ad
514 2730 685 2790 dexteram
697 2730 750 2791 vel
766 2729 946 2791 sinistram.
961 2729 1080 2789 Datum
1136 2749 1254 2794 norum
1276 2733 1448 2794 conversio
1464 2733 1643 2809 propediri,
1660 2733 1713 2794 vel
1734 2733 1931 2795 deteriorari

285 2828 511 2904 Βο11111,11111111
528 2829 561 2888 S·
578 2828 725 2898 Petrum,
743 2825 817 2887 1111111
839 2825 930 2897 maii,
944 2825 1082 2902 pontifi·
1136 2830 1279 2892 conditio
1293 2845 1539 2902 conversorum,
1553 2846 1611 2891 666
1626 2845 1646 2890 6
1672 2830 1930 2906 praesumptione

286 2927 381 2990 66166
393 2925 499 2987 nostri
509 2939 597 2986 anno
610 2923 719 2985 tertio.
1136 2928 1337 3006 hujusmodi,
1355 2927 1536 2990 monitione
1560 2928 1743 3004 praemissa,
1765 2942 1825 3004 per
1846 2943 1928 2988 cen-

1136 3041 1233 3087 suras
1269 3024 1509 3098 ecclesiaticus,
1537 3025 1760 3102 appellatione
1790 3023 1930 3097 remota,

607 3081 758 3168 CCXXI
1137 3123 1335 3200 compescat.
1747 3157 1756 3170 ·

287 3221 339 3282 Ad
373 3219 555 3278 1161001101
590 3213 847 3290 &westonam
889 3213 1079 3284 Τθαίθηῑῑθ,
1176 3221 1294 3282 Datum
1310 3222 1423 3282 Romae
1438 3219 1525 3297 apud
1542 3220 1700 3282 Sanctum
1720 3220 1854 3281 Petrum
1869 3217 1931 3279 de-

325 3317 510 3384 nonemtoe,
527 3314 706 3382 1101110113,
723 3313 850 3381 Dalm,
871 3313 1025 3372 POlOnioe
1049 3311 1082 3370 et
1137 3317 1222 3378 cimo
1251 3317 1391 3392 septimo
1418 3317 1580 3377 kalendas
1600 3317 1699 3396 junii,
1721 3314 1932 3393 pontificatus

325 3412 547 3474 Pammenia
572 3411 616 3469 ad
638 3409 827 3470 Subsidium
842 3408 1082 3468 Prutenorum
1138 3415 1242 3476 nostri
1258 3429 1346 3474 anno
1361 3414 1470 3476 tertio.

325 3506 593 3584 proficiscentes.
1513 3575 1517 3583 ⁵

582 3617 615 3676 16
632 3617 699 3676 maii
715 3614 794 3677 1119.
1452 3575 1623 3662 CCXXII

429 3725 543 3791 [susm
556 3724 622 3777 nist.
635 3724 662 3774 u
671 3723 809 3780 bannui,
821 3721 942 3786 unam
1240 3701 1292 3759 Ad
1310 3699 1490 3760 sanctium
1510 3701 1687 3760 Novarroe
1707 3713 1825 3774 repom

287 3825 453 3886 Exhortatio
478 3830 509 3880 ut
536 3836 594 3880 non
617 3827 746 3895 querant
775 3835 838 3893 que
859 3833 911 3878 sua
933 3827 1009 3886 sunt,
1032 3817 1083 3876 sed
1390 3795 1679 3878 01110611000111111.

324 3929 388 3988 qua
406 3905 520 3997 11111611,
552 3910 589 3968 ad
625 3909 849 3968 convertendum
877 3921 1008 3982 paganos
1046 3905 1082 3964 ad
1434 3908 1467 3964 18
1478 3908 1545 3964 man
1561 3907 1640 3964 1219,

322 4001 487 4062 mulinum·
1156 4013 1276 4078 [Rogest.,
1290 4013 1336 4064 lib.
1347 4012 1390 4071 lll,
1402 4012 1477 4076 epist
1493 4011 1549 4062 tot.
1573 4012 1810 4064 1166.1.6Ρ6116(16
1824 4009 1912 4072 mail,

260 4178 262 4188 Ι
329 4109 496 4174 Η6661166
511 4107 686 4186 episcopus
699 4119 815 4168 servus
827 4119 998 4166 servorum
1011 4101 1081 4174 Dei,
1204 4091 1704 4157 11111111,111111611111111111111-
1719 4091 1866 4156 mltil-l

289 4201 1081 4280 universiscrucesignatisTeutoniae,Bohemiae,
1139 4193 1293 4248 1111001111
1315 4191 1402 4264 regis,
1433 4205 1554 4264 regnum
1577 4205 1643 4248 011111
1666 4189 1800 4248 omnibus
1823 4187 1935 4264 iuribus

288 4305 459 4376 morans,
471 4299 750 4373 sacramenia
764 4301 798 4361 61
811 4298 1031 4370 Pomeraniae,
1041 4297 1083 4358 ad
1173 4279 1234 4353 ejus
1244 4279 1298 4336 sub
1307 4279 1383 4336 beati
1394 4279 1469 4336 Petri
1480 4285 1508 4336 et
1517 4293 1568 4335 sua
1577 4279 1755 4351 protectione
1767 4277 1897 4352 suscipit.

290 4401 473 4466 subsidium
489 4399 708 4459 Prutenorum
725 4394 1022 4472 proficiscentibus.
1177 4389 1356 4460 Honorius,
1372 4388 1448 4456 etc„
1465 4385 1639 4448 carissimo
1664 4387 1699 4446 in
1717 4387 1847 4448 Christo
1863 4385 1933 4446 filio

330 4501 411 4562 Cum
424 4493 605 4557 secundum
619 4492 811 4568 Apostolum
827 4507 923 4551 nemo
937 4490 1084 4552 militans
1139 4486 1252 4546 nostro
1280 4485 1415 4547 Sanctio
1437 4483 1561 4546 illustri
1586 4484 1658 4560 regi
1682 4485 1854 4556 Navarra,
1874 4498 1933 4544 sa-

290 4600 359 4661 1166
378 4591 528 4671 implicat
551 4605 587 4652 se
615 4587 832 4650 saecularibus
854 4587 1008 4664 negotiis,
1029 4603 1082 4660 ne,
1138 4582 1251 4654 lutam,
1269 4582 1330 4644 etc.

290 4707 439 4772 nonquae
449 4704 582 4750 sursum
595 4687 681 4758 siant,
694 4685 751 4746 sed
762 4701 835 4762 quae
849 4700 949 4761 super
959 4684 1085 4746 terram
1178 4681 1245 4740 Deo
1259 4679 1293 4740 in
1308 4682 1403 4756 cujus
1416 4678 1570 4739 manibus
1589 4677 1668 4738 sunt
1684 4677 1785 4738 corda
1805 4691 1932 4754 regum,

291 4803 441 4871 querere
460 4786 624 4858 videatur,
649 4783 833 4846 cavendum
850 4783 900 4844 est
918 4781 1023 4854 vobis,
1042 4797 1084 4842 ne
1138 4776 1321 4852 gratiarum
1345 4775 1522 4836 referimus
1547 4774 1707 4846 actiones,
1725 4773 1809 4850 quod
1839 4773 1874 4834 in
1900 4776 1933 4836 to

292 4879 1082 4959 cumvosadscripserftisobsequiolesuchristi,
1139 4875 1187 4934 sic
1202 4875 1313 4949 ignem
1326 4888 1395 4933 suae
1411 4871 1585 4932 charitatis
1606 4871 1767 4943 accendit,
1785 4870 1821 4932 ut
1835 4870 1932 4946 signo

289 4985 333 5050 ad
348 4979 587 5045 defendendum
603 4976 827 5039 venerabilem
843 4976 977 5039 fratrom
1000 4993 1083 5038 nos·
1139 4971 1283 5034 vivilloae
1306 4969 1414 5030 crucis
1439 4971 1620 5044 assumpto,
1638 4967 1823 5043 magnifice,
1850 4967 1936 5029 sicut

289 5086 414 5147 trum..
426 5077 573 5140 Prussiae
586 5076 789 5152 episcopum,
806 5073 839 5135 et
853 5074 983 5135 noviter
997 5073 1083 5150 bap·
1139 5070 1233 5130 decet
1254 5068 1382 5142 regiam
1393 5065 1634 5136 celsitudinem,
1650 5065 1699 5125 ire
1720 5065 1936 5140 proposueris

289 5181 408 5244 tizatos
427 5177 460 5237 ot
474 5187 653 5236 couversos
667 5172 709 5232 ab
723 5169 912 5231 incursibus
936 5187 1085 5248 pagano-
1139 5168 1255 5228 contra
1274 5164 1428 5225 inimicos
1444 5163 1521 5223 fldei
1541 5161 1745 5224 christianae.
1768 5163 1811 5222 Ut
1825 5163 1935 5224 autem

290 5293 374 5348 rum,
399 5275 462 5336 hoc
485 5271 627 5346 alicujus
647 5267 731 5328 lucri
755 5267 947 5344 temporalis
975 5267 1084 5342 gratia
1139 5263 1201 5324 hoc
1221 5264 1287 5324 tam
1311 5260 1479 5321 laudabile
1503 5275 1542 5320 66
1569 5259 1702 5320 salubre
1730 5260 1936 5336 propositum

291 5372 431 5442 faciatis,
449 5366 722 5446 quiasecundum
739 5363 1081 5438 Evangelicamveri-
1138 5361 1268 5430 melius,
1298 5359 1331 5419 et
1357 5357 1460 5419 tutius
1493 5356 1718 5436 prosequaris,
1756 5371 1934 5432 personam

290 5473 391 5533 tatem
404 5481 500 5528 nemo
513 5464 622 5541 potest
636 5461 763 5522 duobus
778 5460 922 5522 dominis
944 5460 1081 5532 servire,
1137 5460 1228 5517 tuam
1243 5473 1283 5517 ac
1298 5471 1436 5530 regnum
1459 5454 1553 5516 tuum
1575 5469 1649 5514 cum
1672 5450 1825 5512 omnibus
1846 5453 1936 5528 juri-

289 5571 357 5630 Deo
372 5567 405 5627 et
418 5561 607 5630 mammoni,
623 5560 655 5620 et
669 5573 719 5619 rae
735 5539 861 5619 bomini
875 5558 999 5618 terram
1019 5557 1082 5617 viis
1137 5555 1209 5626 bus,
1226 5556 1259 5615 et
1280 5553 1462 5615 honoribus
1486 5551 1551 5613 tuis
1575 5549 1634 5609 sub
1656 5549 1746 5610 beati
1773 5551 1876 5621 Petri,
1903 5553 1936 5610 et

291 5662 417 5726 duabus
432 5659 579 5729 intranti.
598 5657 744 5733 Simplex
763 5654 900 5716 enimin
916 5653 1081 5731 simplici·
1138 5654 1250 5713 nostra
1266 5650 1469 5726 protectione
1486 5647 1698 5722 suscipimus
1715 5648 1748 5707 et
1761 5647 1935 5723 praesentis
