4230 6388
144 281 204 344 757

145 436 285 519 paterna
308 435 513 516 benignitate
529 435 668 508 moneri,
685 437 721 498 ut
742 449 762 496 a
776 449 937 512 persecu-

145 536 239 598 tione
250 533 451 597 venerabilis
466 532 580 594 fratris
595 533 738 597 nostri...
753 533 936 608 aragonen.

145 632 293 710 episcopi
305 632 422 694 saltem
434 647 494 708 pro
508 647 568 692 sua
583 631 690 692 salute
705 629 889 704 desisteret,
907 631 940 694 91

146 729 178 789 91
197 728 341 789 debitam
356 727 559 802 fidelitatem,
581 725 814 798 obedientiam,
832 727 865 791 et
879 743 937 790 re-

145 826 328 888 verentiam
347 825 531 900 exhiberet,
558 841 621 902 quo
640 824 760 901 spretis
782 823 940 888 monitio-

145 922 246 984 nibus
269 923 392 984 nostris
416 923 452 983 in
472 938 541 984 suae
562 923 791 1000 perversitatis
815 922 939 988 duritia

146 1020 355 1098 persistente,
376 1019 506 1082 demum
521 1019 718 1082 auctoritate
737 1022 852 1082 nostra
869 1019 938 1082 lata

146 1117 209 1179 fuit
223 1105 575 1180 excommunicationis
597 1116 762 1180 sententia
783 1117 819 1180 in
841 1133 938 1180 eum·

147 1213 231 1286 dem,
245 1230 343 1292 quam
356 1229 417 1274 nos
430 1213 627 1276 auctoritate
641 1212 831 1289 apostolica
846 1213 940 1276 roho·

147 1311 304 1383 ravimus,
317 1309 350 1372 91
358 1310 588 1373 mandavimus
599 1309 762 1386 publicari
776 1311 938 1374 solemni-

145 1407 208 1480 ter,
223 1423 262 1468 ac
279 1423 384 1484 usque
404 1407 446 1468 ad
468 1407 728 1470 satisfactionem
742 1409 939 1484 condignam

146 1504 386 1566 inviolabiliter
398 1503 581 1576 obseruari,
598 1504 793 1566 mandantes
814 1506 940 1567 nihilo-

147 1601 269 1672 minus,
279 1603 316 1662 ut
328 1601 361 1662 in
377 1603 450 1677 ejus
464 1601 653 1678 complices,
666 1603 699 1664 et
711 1600 857 1664 lautores
873 1604 940 1664 nisi

147 1699 338 1760 commoniti
357 1699 398 1759 ab
419 1700 494 1775 eius
513 1699 649 1775 sequela
670 1699 869 1762 desisterent
892 1701 941 1760 si-

146 1795 235 1855 milis
259 1795 422 1856 sententia
446 1795 660 1872 proferretur.
690 1799 806 1874 Nuper
828 1798 939 1858 autem

147 1891 300 1952 canonici
310 1892 504 1967 Lingones,
519 1893 634 1969 paucis
645 1893 807 1957 duntaxat
819 1910 941 1972 excep-

145 1988 189 2048 tis
200 1987 256 2064 qui
271 1986 383 2052 lovere
394 1989 501 2069 ipsum
511 1990 758 2052 thesaurarium
773 1993 807 2054 in
822 1993 940 2069 hujus-

146 2084 235 2145 modi
249 2086 377 2148 malitia
393 2102 458 2148 non
474 2087 663 2161 formidant,
681 2105 748 2150 non
765 2090 940 2150 attenden-

145 2183 196 2246 tes
223 2183 309 2260 quod
332 2183 383 2244 eis
406 2185 510 2260 possit
536 2201 578 2246 ex
605 2185 719 2246 favore
747 2187 938 2264 hujusmodi

146 2279 292 2354 evenire,
309 2280 404 2342 nobis
419 2282 489 2344 suis
502 2281 622 2344 litteris
637 2282 844 2355 intimarunt,
853 2284 937 2360 quod

148 2392 248 2456 quum
263 2376 419 2454 prefatus
438 2379 613 2454 episcopus
637 2379 808 2444 humiliter
825 2396 861 2442 se
880 2381 940 2442 oh-

148 2472 264 2538 tulerit
283 2473 325 2536 ad
348 2474 569 2536 exhibendam
590 2476 656 2556 ipsi
677 2469 889 2537 thesaurario
910 2476 939 2537 si

150 2569 250 2631 hahet
264 2571 387 2648 aliquid
399 2570 557 2632 adversus
568 2587 642 2632 eum
649 2571 813 2648 justitiam
827 2587 939 2632 coram

150 2668 294 2746 capitulo
316 2667 510 2744 Lingonen,
528 2667 561 2730 01
581 2668 644 2744 ipsi
664 2684 759 2745 per...
778 2669 939 2732 decanum

146 2781 243 2826 suum
262 2780 363 2841 super
377 2765 440 2828 hoc
457 2765 583 2842 requiri
602 2764 742 2828 iecerint
758 2766 938 2830 thesaura-

148 2863 235 2924 rium
259 2862 488 2936 memoratum,
510 2863 582 2938 ipse
609 2861 641 2922 id
664 2861 775 2927 facere
804 2864 939 2926 omnino

145 2974 304 3020 recusans
319 2960 351 3019 et
364 2975 424 3034 per
437 2975 484 3030 se,
501 2975 540 3019 ac
555 2975 615 3034 per
628 2961 894 3036 consanguineos
907 2962 940 3024 et

146 3055 230 3118 alios
246 3055 424 3131 complices
436 3071 514 3118 suos
524 3055 689 3118 insidians
702 3057 766 3133 ipsi
782 3059 939 3135 episcopo

146 3153 179 3216 91
197 3151 344 3231 praelatis
364 3152 544 3225 canonicis,
566 3169 606 3214 ac
625 3155 726 3217 etiam
746 3155 890 3229 clericis,
908 3156 940 3218 91

145 3250 333 3314 homiuibus
356 3251 557 3322 eorumdem,
584 3267 646 3312 nec
664 3268 721 3322 eos
741 3269 939 3320 assecurare

145 3349 260 3410 rolens
272 3348 444 3409 humiliter
458 3348 637 3425 requisitus
658 3365 762 3426 usque
784 3350 940 3414 019011-

144 3447 248 3508 mavit
263 3461 356 3508 suam
380 3445 542 3508 malitiam
564 3447 680 3508 contra
701 3449 941 3526 901110011-

146 3543 348 3614 mentalium
361 3543 395 3606 iu
411 3543 482 3620 ipsa
497 3543 638 3606 ecclesia
651 3546 861 3611 commorari.
877 3547 940 3619 Qui

147 3641 258 3712 etiam,
273 3640 398 3718 rejecto
412 3640 498 3704 siout
514 3639 702 3716 accepimus
715 3641 831 3704 habitu
845 3643 941 3707 cleri-

147 3738 223 3810 cali,
239 3736 440 3800 deformatus
459 3737 495 3798 in
517 3737 638 3798 laicum
661 3740 694 3800 et
717 3738 824 3804 iactus
843 3742 939 3817 quasi

146 3835 297 3912 publicus
312 3834 473 3912 spoliator
491 3834 618 3898 fructus
637 3835 940 3903 ecclesiasticorum

145 3932 394 4002 beneficiorum,
410 3949 484 4008 quae
503 3931 639 4004 obtinet,
653 3935 809 4010 expendit
825 3935 861 3997 in
879 3935 941 3998 ba-

145 4030 303 4102 113101103,
320 4028 523 4100 9101031103,
538 4046 598 4105 per
611 4047 692 4106 quos
703 4031 840 4094 infestat
855 4035 940 4110 epis-

145 4143 263 4204 copum
285 4127 318 4188 et
337 4125 512 4188 ecclesiam
533 4127 717 4202 lingonen.
741 4129 939 4192 deservitio

146 4223 333 4288 exhibendo
349 4223 511 4295 ecclesiis,
528 4223 682 4300 aquibus
703 4225 776 4302 ipsa
797 4227 939 4304 percipit

145 4321 306 4384 beneficia
326 4320 412 4397 apud
433 4335 508 4382 eum
520 4322 591 4396 jam
611 4321 738 4394 ultima,
757 4324 824 4384 imo
845 4325 939 4388 uuila

145 4420 276 4498 penitus
290 4415 428 4498 [habita]
441 4419 635 4495 quaestione.
649 4419 740 4482 Licet
754 4421 858 4496 igitur
867 4424 938 4498 jam

145 4517 359 4588 nonmoneri,
369 4515 426 4578 sed
443 4515 555 4592 puniri
570 4517 642 4592 ejus
655 4518 858 4592 perversitas
873 4535 939 4580 me-

145 4616 268 4685 reatur,
282 4631 356 4679 cum
366 4614 458 4677 tanta
470 4612 512 4674 sit
522 4615 595 4690 ejus
606 4613 838 4682 obstinationis
851 4616 939 4678 duri·

144 4711 202 4784 tia,
211 4711 246 4775 ut
254 4712 285 4772 91
294 4711 397 4787 possit
407 4711 524 4774 merito
538 4711 689 4788 adaptari
701 4712 786 4788 quod
799 4712 935 4788 legitur:

146 4808 174 4868 si
196 4807 408 4868 contunderis
428 4807 563 4869 stultum
586 4809 681 4884 quasi
707 4810 867 4885 typsanas
887 4809 938 4872 ie·

145 4905 252 4967 119119
263 4903 303 4964 de
312 4919 412 4978 super
420 4904 488 4979 pilo
501 4921 567 4966 non
576 4905 747 4969 auferetur
756 4905 798 4966 ab
807 4922 846 4968 eo
859 4905 939 4968 stul·

144 5002 218 5064 titia
228 5000 367 5078 eJuszad
378 5001 556 5062 tollendam
566 5003 677 5064 tamen
688 5003 794 5066 eidem
805 5019 936 5066 omnem

767 275 997 340 EPISTOLAE.
1020 277 1098 342 ΜΒ.
1122 276 1161 336 V.

1709 279 1785 365 131

993 434 1213 514 commonitus
1231 435 1365 501 omnino
1378 436 1496 516 cesset,
1513 437 1546 505 et
1558 456 1636 508 suos
1650 453 1783 508 cessere

992 533 1104 607 iaciat,
1123 533 1164 598 ab
1183 533 1397 600 intestatione
1421 536 1550 614 praefati
1577 539 1724 618 episcopi
1751 543 1785 604 et

994 632 1144 694 ecclesiae
1152 633 1397 710 lingonense
1407 635 1480 696 sine
1491 636 1580 701 omni
1591 637 1786 716 exceptione

994 730 1104 792 omnia
1123 745 1163 790 ea
1182 730 1337 808 episcopo
1357 731 1513 808 praedicto
1529 733 1694 806 exhibeat,
1711 749 1785 811 quae

993 826 1194 889 thesaurarii
1207 828 1434 903 Lingonenses
1448 829 1632 905 Lingones.
1644 846 1786 918 consue

992 924 1113 985 xerunt
1136 925 1300 1002 episcopis
1322 925 1496 1000 exhibere,
1524 926 1617 988 salvo
1642 927 1786 1006 sibiper

994 1021 1105 1084 omnia
1122 1023 1199 1098 jure
1215 1036 1286 1090 suo,
1306 1021 1335 1082 si
1351 1022 1511 1086 adversus
1532 1024 1786 1104 eumdemepis-

994 1134 1111 1195 copum
1126 1118 1226 1180 hahet
1240 1119 1386 1195 aliquam
1406 1120 1632 1198 quaestionem.
1649 1122 1741 1193 Quod
1754 1121 1786 1182 si

994 1214 1174 1292 persistens
1193 1217 1227 1276 in
1245 1217 1403 1278 consueta
1418 1216 1541 1279 duritia
1559 1235 1631 1296 quae
1646 1219 1784 1296 praemi-

994 1313 1097 1374 simus
1118 1329 1186 1374 non
1209 1312 1358 1376 effecerit
1376 1313 1463 1378 intra
1486 1315 1663 1377 terminum
1684 1321 1785 1398 supra

994 1409 1168 1485 scripturn,
1188 1426 1250 1471 103
1270 1425 1313 1471 ex
1340 1412 1420 1474 tunc
1443 1410 1551 1490 ipsum
1574 1412 1785 1483 thesauraria

994 1507 1179 1581 Lingonen.
1195 1507 1360 1580 ecclesiae,
1372 1523 1410 1569 ac
1423 1508 1574 1570 omuibus
1588 1509 1664 1570 aliis
1679 1509 1787 1571 eccle-

995 1603 1142 1666 siasticis
1164 1603 1335 1666 beneficiis
1361 1621 1434 1681 quae
1459 1605 1559 1667 habet
1579 1606 1615 1667 in
1638 1607 1783 1679 civitate,

994 1701 1188 1762 veldioecesi
1200 1701 1395 1776 Lingonen„
1409 1701 1539 1763 sublato
1550 1703 1784 1780 appellationis

994 1798 1240 1873 impedimenta,
1258 1798 1407 1874 privetis,
1424 1799 1541 1860 dantes
1564 1799 1618 1871 113,
1637 1801 1679 1860 ad
1703 1815 1785 1876 quos

994 1896 1120 1972 spectet
1134 1911 1249 1958 eorum
1263 1897 1413 1970 donatio,
1432 1897 1571 1959 liberam
1594 1896 1786 1960 facultatem

995 2008 1034 2054 ea
1044 1993 1194 2068 personis
1210 1992 1338 2054 idoneis
1353 1992 1555 2054 conserendi.
1573 1995 1664 2066 Quod
1675 1994 1705 2056 si
1717 2011 1783 2056 non

994 2090 1187 2157 omnesetc.
1199 2090 1318 2150 Datum
1329 2090 1495 2161 Laterani,
1505 2093 1659 2152 ivnonas
1672 2092 1782 2170 april„

994 2184 1205 2260 pontificatus
1220 2186 1325 2246 nostri
1339 2202 1429 2248 anno
1444 2187 1571 2267 quinte.

1306 2372 1474 2460 dccxii

1020 2516 1072 2574 Ad
1092 2514 1245 2574 abbatem
1270 2513 1304 2574 ct
1324 2514 1530 2576 collocutum
1552 2517 1760 2579 monasterii

1125 2613 1159 2671 S.
1183 2612 1309 2672 Marica
1330 2613 1367 2671 tu
1386 2614 1646 2688 Wadepozurpa.

1276 2732 1293 2790 1
1308 2715 1406 2804 apum
1424 2734 1502 2791 imi.

1033 2843 1035 2850 ·
1103 2845 1351 2910 [urrurruemuues
1364 2815 1479 2906 uu.,111,
1492 2847 1546 2910 ru,
1561 2864 1588 2900 n.
1603 2841 1671 2916 100]

994 2952 1066 3016 hlud
1080 2955 1285 3012 monasterium
1300 2953 1352 3014 sub
1370 2954 1448 3013 beati
1463 2957 1540 3014 Petri
1554 2964 1582 3014 et
1601 2973 1653 3017 sua
1673 2967 1785 3032 protec-

1280 3042 1357 3099 tione
1376 3044 1504 3116 suscipit.

1033 3151 1200 3212 Honorius
1209 3151 1394 3229 episcopus,
1407 3167 1522 3214 servus
1536 3168 1707 3216 servorum
1714 3156 1785 3227 Dei,

993 3248 1124 3310 dilectis
1138 3249 1216 3312 tiliis
1228 3248 1339 3310 abbati
1354 3249 1574 3311 etconrentui
1593 3253 1787 3313 monasterii

996 3347 1125 3406 Sanctae
1140 3346 1255 3408 Mariae
1274 3347 1310 3406 in
1324 3346 1583 3424 wadegozinga,
1600 3349 1740 3415 salutem
1755 3349 1789 3412 et

994 3443 1211 3520 apostolicam
1223 3442 1498 3508 benedictionem.

1036 3542 1255 3602 sacrosancta
1271 3543 1420 3602 Romana
1440 3541 1590 3602 Ecclesia
1605 3541 1739 3604 devotos
1754 3543 1788 3606 91

995 3637 1137 3714 humiles
1167 3625 1254 3698 filios
1279 3653 1322 3698 ex
1349 3637 1490 3699 assuetae
1517 3639 1650 3715 pietatis
1676 3639 1786 3704 0111010

994 3733 1191 3813 propensius
1206 3735 1345 3810 diligere
1360 3737 1548 3808 consueuit,
1564 3738 1596 3798 et
1610 3753 1652 3798 ne
1664 3753 1788 3814 pravo-

994 3849 1066 3896 rum
1080 3833 1250 3894 hominum
1265 3832 1427 3894 molestiis
1443 3833 1621 3908 agitentur,
1639 3849 1695 3895 eos
1712 3836 1789 3896 tan·

994 3945 1092 4008 quarn
1107 3929 1162 4005 pia
1174 3930 1280 3990 mater
1296 3945 1364 3989 suae
1380 3930 1595 4006 protectionis
1605 3931 1787 3992 munimine

994 4027 1180 4088 confovere.
1214 4026 1414 4102 Eapropter,
1445 4026 1557 4088 dilecti
1586 4027 1787 4092 1011001110

994 4125 1067 4196 tilii,
1083 4124 1202 4185 vestris
1211 4123 1312 4198 Justis
1326 4123 1605 4198 postulationibus
1618 4125 1784 4196 inclinati,

993 4237 1153 4298 personas
1181 4221 1310 4284 vestras
1334 4221 1366 4281 91
1390 4220 1499 4282 locum
1526 4222 1562 4282 in
1583 4238 1646 4299 quo
1671 4222 1784 4286 diuino

994 4320 1072 4380 estis
1088 4319 1246 4396 obsequio
1260 4317 1451 4394 mancipati,
1469 4329 1543 4380 cum
1555 4319 1707 4381 omnibus
1721 4320 1785 4382 ho-

993 4417 1057 4490 013,
1088 4433 1161 4494 quae
1191 4418 1227 4477 in
1258 4417 1514 4493 praesentiarum
1544 4418 1789 4481 rationabiliter

993 4514 1168 4591 possidetis
1183 4513 1285 4575 autin
1300 4514 1447 4576 futurum
1461 4516 1638 4592 praestante
1646 4517 1786 4578 Domino

992 4611 1143 4688 poteritis
1163 4611 1264 4689 justis
1296 4611 1403 4672 modis
1427 4613 1577 4689 adipisci,
1611 4612 1672 4673 sub
1698 4613 1787 4674 beati

992 4709 1082 4770 Petri
1099 4709 1132 4770 91
1141 4709 1253 4770 nostra
1265 4709 1470 4785 protectione
1482 4709 1692 4786 suscipimus.
1703 4712 1787 4787 Spe-

992 4806 1123 4867 cialiter
1138 4808 1248 4867 autem
1264 4806 1438 4868 ecclesiam
1457 4804 1497 4866 de
1512 4805 1724 4881 Eherswiler,
1745 4809 1786 4871 de

991 4903 1144 4964 Altwiler
1169 4920 1244 4964 cum
1271 4903 1311 4964 de
1325 4903 1477 4975 Wiviler,
1501 4903 1541 4964 de
1558 4905 1738 4967 htacheren
1754 4908 1787 4970 et

991 5000 1383 5076 deWalmanencapellis
1394 4999 1427 5061 91
1437 5015 1550 5061 earum
1562 5003 1782 5078 pertinentiis,

145 5099 260 5161 contra
277 5111 338 5160 nos
353 5099 580 5158 murmurandi
604 5099 789 5170 materiam,
811 5101 938 5162 1113119-
987 5100 1043 5175 jus
1071 5097 1265 5174 patronatus
1288 5097 1438 5157 ecclesiae
1458 5097 1497 5157 de
1521 5099 1663 5159 Eswiler
1682 5101 1715 5162 91
1729 5117 1786 5161 oa-

69 5179 71 5190 '
143 5196 226 5260 tioni
241 5196 360 5258 restrae
374 5209 433 5270 per
447 5195 636 5270 Apostolica
652 5197 776 5272 scripta
798 5199 937 5260 manda-

143 5308 228 5366 mus,
254 5290 427 5369 quatenus,
453 5291 570 5354 tenore
601 5295 814 5368 praeseutium
840 5295 936 5370 plene

145 5391 207 5452 sihi
222 5389 383 5466 exposito,
401 5387 579 5462 diligenter
592 5390 755 5451 moneatis
770 5392 933 5465 cumdem,

991 5194 1111 5271 pellam
1127 5195 1166 5255 de
1180 5195 1305 5261 Bisten,
1316 5209 1377 5254 nec
1393 5209 1459 5256 non
1474 5195 1541 5256 alia
1556 5195 1642 5256 bona
1658 5197 1782 5270 vestra,

991 5293 1076 5352 sicut
1095 5307 1135 5352 ea
1154 5292 1265 5352 omnia
1276 5291 1366 5368 juste
1382 5307 1422 5352 ac
1443 5293 1581 5368 pacifice
1596 5294 1783 5368 possidetis,

990 5387 1083 5450 robis
1099 5388 1131 5450 et
1143 5405 1203 5464 per
1213 5404 1271 5448 103
1286 5389 1489 5450 monasterio
1504 5389 1616 5450 restro
1631 5391 1783 5452 auctori-

144 5490 177 5550 et
190 5489 221 5550 ei
238 5486 434 5550 auctoritate
448 5486 562 5548 nostra
584 5485 723 5548 firmiter
739 5487 938 5564 injungatis,
989 5485 1057 5548 tate
1077 5485 1267 5562 apostolica
1286 5486 1520 5547 confirmamus
1552 5487 1585 5546 et
1610 5488 1784 5563 praesentis
1860 5513 1869 5528 ·

145 5586 181 5647 ut
198 5584 285 5648 inira
308 5599 466 5656 mensem,
487 5583 660 5661 postquam
681 5583 781 5647 luerit
803 5602 822 5648 a
841 5587 934 5648 robis

991 5583 1103 5660 scripti
1126 5583 1311 5660 patrocinio
1332 5582 1584 5645 communimus.
1607 5585 1701 5646 Nulli
1713 5601 1786 5646 om-
