4300 6392
175 337 232 399 ⁴81
559 401 562 409 ,
793 335 1022 396 errsronm.
1046 337 1124 396 nra.
1148 337 1202 396 1v.
1603 331 1674 367 μ’·
1763 337 1823 395 aaa
1895 284 1898 299 ¹

177 492 969 572 utilledemumpraepositushabereturinquem
1024 495 1205 564 canonicis,
1228 496 1284 572 qui
1305 495 1394 556 circa
1418 496 1481 556 boc
1503 511 1569 556 non
1594 495 1817 572 deliquerunt,

176 607 302 665 omnes,
318 593 371 656 vel
382 608 460 670 pars
473 596 580 668 major
593 592 626 652 et
640 591 755 654 sanior
767 590 969 652 conveniret.
1025 592 1088 669 ipsi
1105 593 1254 654 ecclesiae
1276 592 1316 654 de
1340 593 1519 670 praeposito
1546 608 1605 671 per
1624 586 1821 654 electionem

177 681 299 753 Verum
314 693 491 767 antequam
505 687 701 750 scrutinium
713 687 834 748 iactum
846 687 969 748 esset...
1026 689 1273 761 canonicorum,
1294 690 1424 754 sublato
1444 690 1678 768 appellationis
1703 688 1819 751 obsta-

177 789 280 850 abbas
295 786 444 866 ejusdem
459 786 536 858 loci,
549 801 615 846 nou
629 784 801 861 requisitis
817 785 974 845 volunta·
1027 787 1113 860 culo,
1140 787 1306 864 provideri
1329 786 1500 860 iacientes,
1524 787 1610 864 quod
1630 787 1822 850 decreveri-

178 885 266 948 tibus
294 884 522 961 singulorum,
548 897 610 942 nec
633 883 789 943 revocata
812 881 973 958 potestate
1026 885 1070 946 tis
1085 899 1145 960 per
1158 899 1334 945 censuram
1345 885 1617 958 ecclesiasticam,
1628 885 1825 962 appellatio·

178 983 286 1046 tribus
301 997 460 1044 concessa
473 980 513 1042 de
529 980 736 1056 singulorum
748 977 974 1040 voluntatibus
1028 995 1070 1041 ne
1081 981 1218 1052 remota,
1236 981 1376 1044 ilrmiter
1387 983 1569 1044 observari.
1585 982 1698 1044 Testes
1711 982 1823 1044 autem

178 1079 398 1157 inquirendis,
421 1081 457 1139 Ρ.
472 1078 624 1154 nepotem
647 1092 754 1148 sunm,
769 1075 915 1136 nondum
939 1073 974 1134 in
1029 1077 1085 1154 qui
1101 1077 1225 1139 luerint
1237 1079 1408 1151 nominati,
1426 1079 1455 1139 si
1474 1095 1509 1140 se
1522 1081 1640 1156 gratia,
1664 1080 1752 1153 odio,
1769 1079 1822 1142 vel

179 1178 285 1240 sacris
300 1175 473 1238 ordinibus
495 1174 721 1245 constitutum,
739 1172 794 1234 cni
808 1172 849 1234 ad
864 1171 976 1248 digni·
1028 1174 1148 1236 timore
1163 1173 1398 1247 subtraxerint,
1420 1192 1560 1238 censura
1578 1177 1691 1250 simili,
1709 1178 1826 1254 appel-

179 1275 281 1338 tatem
306 1271 494 1350 hujusmodi
519 1270 732 1332 obtinendam
747 1285 808 1332 nec
823 1269 974 1340 scientia,
1030 1272 1153 1333 latione
1175 1273 1336 1343 cessante,
1362 1273 1488 1347 cogatis
1509 1274 1642 1336 veritati
1667 1274 1822 1336 testimo-

181 1373 234 1433 vel
247 1371 314 1432 alia
327 1370 446 1431 merita
458 1368 685 1444 suffragantur
699 1368 734 1428 iu
750 1367 974 1444 praepositum,
1031 1370 1123 1430 nium
1149 1369 1335 1446 perhibere.
1366 1369 1457 1441 Quod
1482 1369 1600 1431 sinon
1630 1385 1745 1432 omnes
1771 1371 1825 1432 his

180 1467 406 1530 revelantibus
428 1465 461 1526 id
478 1465 543 1526 sibi
560 1479 661 1528 carne
686 1465 719 1526 et
733 1464 907 1539 sanguine,
922 1464 976 1525 te·
1031 1467 1251 1544 exsequendis
1272 1468 1436 1538 interesse
1457 1466 1642 1544 potueritis,
1663 1467 1729 1530 duo
1744 1484 1823 1530 res-

181 1579 273 1627 mere
299 1562 496 1636 nominavit,
519 1579 593 1625 cum
620 1561 653 1622 id
676 1561 717 1624 ad
741 1561 849 1638 ipsum
865 1559 978 1620 neede
1031 1565 1118 1626 trum
1131 1579 1169 1626 ea
1181 1565 1641 1641 nibilominusexseqnantur.
1652 1565 1724 1626 Dat.
1737 1565 1824 1640 apud

178 1664 268 1738 lure,
289 1676 351 1722 nec
372 1660 412 1721 de
432 1658 671 1726 consuetudine
696 1659 802 1736 ipsius
827 1657 978 1718 ecclesiae
1033 1660 1153 1723 Urbem
1166 1662 1330 1729 Veterem,
1342 1662 1402 1722 lill
1413 1660 1573 1722 kalendas
1588 1662 1731 1737 augusti,
1742 1677 1828 1738 pon-

181 1758 376 1836 pertineret.
393 1754 487 1817 Unde
502 1754 564 1816 iuit
579 1772 599 1816 a
612 1754 759 1832 praetatis
777 1757 924 1825 cantore,
947 1751 980 1814 et
1031 1759 1176 1821 iillcatus
1191 1759 1297 1820 nostri
1309 1774 1397 1820 anno
1412 1759 1540 1836 quarto.

182 1855 252 1916 suis
273 1854 314 1915 ad
328 1855 475 1914 nostram
499 1847 702 1914 audientiam
721 1852 923 1929 appellatum
947 1851 979 1911 et

182 1952 217 2011 in
245 1952 380 2012 octavas
402 1949 607 2010 Pentecostis
639 1948 802 2009 terminus
832 1947 978 2024 ipsorum
1318 1956 1543 2042 CLXXXIV

183 2045 398 2124 appellationi
422 2045 590 2123 praeilxus.
617 2044 681 2106 Sed
696 2045 803 2106 dictus
823 2046 860 2105 P.
888 2043 980 2104 inni-

182 2146 257 2205 tens
278 2142 499 2204 nominationi
512 2120 701 2218 hujusmbdi
712 2141 910 2218 quibusdam
921 2155 979 2201 ca·
1377 2202 1382 2212 ,
1427 2201 1433 2216 ,

185 2239 429 2316 nonicisipsius
442 2239 508 2299 loci
524 2237 770 2300 adhaerentibus
787 2238 862 2306 sibi,
878 2237 921 2308 et,
937 2241 979 2298 Te
1268 2308 1274 2319 ⁸
1327 2202 1360 2320 ’ff
1372 2202 1434 2319 ΙΨ
1448 2201 1527 2260 ¹²²⁰·

185 2341 296 2400 Deum
307 2339 500 2407 laudamus,
519 2335 740 2408 cantantibus,
758 2335 979 2412 appellatione
1173 2307 1219 2372 [te
1231 2308 1314 2372 Μ’
1329 2307 1432 2360 ¹³¹b¹¹⁰‘·
1444 2309 1605 2366 ammonet..
1618 2307 1687 2373 ⁶⁵²]

184 2434 384 2510 oontempta,
397 2433 508 2494 sedem
523 2431 693 2510 praeposiq
702 2432 843 2510 stipatus
858 2431 978 2492 militi.
1033 2413 1378 2486 ordinariidelinquentes
1388 2413 1528 2486 parochos
1539 2415 1826 2474 Praemonstratenses

183 2531 257 2600 bus,
273 2530 392 2592 etaliis
404 2529 501 2590 laicis
517 2529 701 2607 occuparit,
718 2532 751 2591 et
765 2529 980 2591 administra·
1158 2503 1193 2561 ’ἀ
1214 2504 1368 2560 ⁰¹³¹¹³ffl¹¹¹¹
1385 2503 1513 2560 'evm
1528 2504 1701 2574 leffium&

185 2629 269 2690 tioni
289 2629 414 2690 temere
435 2643 470 2688 se
492 2627 642 2702 ingessit,
671 2642 714 2686 ne
736 2629 852 2688 contra
873 2625 979 2702 ipsius
1074 2619 1240 2682 Honorius
1253 2619 1561 2696 episcopusservus
1571 2634 1741 2680 servorum
1752 2621 1826 2686 Dei,

185 2725 381 2787 electionem
394 2723 520 2801 aliquid
546 2723 651 2794 lieret,
664 2723 873 2801 appellando,
894 2724 927 2784 et
942 2722 980 2786 in
1034 2717 1279 2780 venerabilibus
1306 2715 1464 2778 iratribus
1496 2715 1662 2777 universis
1686 2716 1824 2779 archie-

185 2822 303 2884 octava
326 2821 416 2883 beati
437 2821 563 2882 tuliani
586 2821 800 2898 appellationi
820 2837 888 2882 suae
911 2822 982 2881 ter-
1035 2815 1178 2894 piscopis
1193 2815 1227 2876 et
1243 2813 1419 2892 episcopis,
1436 2813 1477 2874 ad
1502 2827 1585 2891 quos
1609 2813 1727 2875 littarae
1753 2815 1827 2877 istae

187 2919 313 2980 minum
328 2917 541 2995 praefigendo.
564 2918 657 2979 Unde
672 2917 779 2980 dictus
802 2919 928 2988 cantor,
949 2917 982 2978 et
1035 2909 1415 2990 pervenerint-salutem
1428 2909 1462 2970 et
1485 2909 1700 2988 apostolicam
1725 2909 1828 2973 bene-

189 3028 268 3092 pars
290 3029 350 3074 sua
374 3012 469 3074 nobis
491 3012 660 3074 humiliter
683 3013 922 3091 supplicarunt,
946 3014 982 3073 ui
1035 3009 1225 3072 dictionem.

190 3111 386 3173 electionem
398 3109 654 3172 taliterdeiacto
662 3112 896 3188 praesumptam
906 3111 981 3170 irri·
1075 3107 1194 3168 bilecti
1221 3106 1282 3168 iilii
1302 3106 1404 3169 abbas
1430 3107 1758 3172 Praamonstratensis
1788 3123 1828 3170 ac

188 3209 255 3270 tam
270 3208 471 3278 nuntiantes,
486 3209 519 3270 et
530 3211 725 3270 revocantes
739 3207 900 3285 quidquid
908 3212 983 3283 post
1036 3204 1094 3266 alii
1110 3204 1246 3266 abbates
1259 3205 1385 3266 ordinis
1401 3204 1453 3271 sut
1468 3219 1580 3265 coram
1601 3204 1697 3266 nobis
1719 3221 1827 3282 expo·

186 3305 444 3383 appellationem
468 3305 510 3365 ad
536 3320 596 3366 nos
622 3305 851 3383 interpositam
873 3303 983 3366 extitit
1036 3317 1117 3365 nere
1132 3302 1341 3373 curaverunt,
1358 3301 1533 3379 quodcum
1554 3303 1708 3363 canonici
1732 3306 1826 3380 ejus-

185 3404 394 3475 attentatum,
410 3418 449 3463 ac
464 3417 520 3464 eos
537 3402 595 3479 qui
610 3404 724 3464 contra
740 3401 880 3464 iormam
893 3403 982 3462 Con·
1035 3401 1111 3461 dem
1126 3399 1252 3460 ordinis
1265 3401 1506 3462 commorantes
1529 3399 1565 3460 in
1583 3399 1829 3477 parochialibus

186 3499 258 3562 ciiii
288 3499 330 3560 ad
358 3500 548 3576 hujusmodi
576 3500 771 3562 electionem
803 3499 982 3576 procedere
1037 3497 1187 3560 ecclesiis
1203 3496 1245 3557 ad
1259 3497 1349 3573 ipsos
1362 3495 1598 3574 spectantibus,
1613 3497 1725 3576 aliquo
1747 3513 1828 3558 casu

187 3597 481 3673 praesumpserunt,
493 3595 807 3674 eligendipotestate
822 3597 885 3658 bac
896 3596 981 3668 vice,
1036 3592 1242 3671 delinquunt,
1259 3593 1307 3658 ita
1321 3592 1408 3672 quod
1419 3593 1591 3670 expediret
1601 3609 1657 3656 eos
1671 3594 1711 3656 ad
1722 3594 1829 3656 olaus·

186 3692 367 3755 secundum
381 3692 528 3769 ejusdem
550 3694 683 3756 concilii
697 3695 831 3764 statuta,
843 3694 982 3772 privan-
1036 3696 1124 3755 trum
1137 3707 1232 3752 suum
1247 3693 1439 3768 recepturos
1462 3691 1673 3769 disciplinam
1701 3693 1829 3754 ordinis

187 3791 248 3862 tes,
264 3804 304 3850 ac
316 3789 401 3850 alias
415 3790 589 3867 punientes
603 3791 785 3853 secundum
803 3791 982 3853 canonicas
1037 3788 1188 3852 revocari
1205 3811 1212 3849 :
1227 3788 1360 3866 quidam
1375 3789 1520 3849 vestrum
1537 3788 1710 3864 indignum
1730 3789 1828 3852 iaro-

186 3887 387 3959 sanctiones,
413 3888 489 3948 aliis
509 3888 649 3966 quinon
675 3888 886 3966 deliquerunt
911 3889 983 3966 ipso
1038 3903 1108 3949 rem
1135 3885 1364 3962 impendentes
1394 3882 1530 3952 eisdem,
1564 3885 1654 3962 ipsos
1682 3885 1831 3947 retinere

188 3985 332 4060 negotio,
342 3983 486 4060 eligendi
494 4001 668 4061 personam
675 3985 983 4060 hujusmodioiiicio
1038 3985 1201 4046 conantur
1214 3982 1249 4043 iu
1262 3981 1355 4054 locis,
1372 3980 1541 4058 inquibus
1563 3983 1731 4058 nequeunt
1749 3981 1828 4044 abs-

188 4083 437 4155 congruentem,
451 4080 640 4144 facultatem
653 4082 790 4144 liberam
802 4084 983 4145 concedere
1038 4098 1102 4159 que
1121 4078 1277 4160 scandalo
1292 4079 1325 4139 et
1348 4077 1565 4138 ecclesiarum
1584 4077 1732 4154 ipsarum
1756 4079 1828 4140 dis-

188 4176 413 4251 dignaremur.
439 4177 523 4248 Quia
543 4193 623 4239 vero
637 4179 734 4240 nobis
749 4196 816 4240 non
835 4181 984 4242 constitit
1038 4178 1158 4256 pendio
1173 4175 1381 4239 commorari.
1393 4173 1440 4236 Ad
1456 4173 1528 4236 baec
1546 4174 1634 4234 enim
1658 4174 1693 4234 ln
1713 4190 1829 4236 eorum

190 4272 231 4334 de
245 4272 439 4350 premissis,
459 4273 650 4335 discretioni
669 4278 789 4338 vestrae
805 4276 845 4338 de
858 4278 985 4339 utrius-
1038 4275 1178 4353 aliquos,
1195 4273 1329 4350 propter
1344 4287 1421 4332 suos
1441 4286 1610 4340 excessus,
1636 4286 1832 4334 excommu-

189 4385 252 4447 que
263 4371 366 4446 partis
379 4371 631 4446 procuratorum
646 4388 864 4450 assensu‚per
877 4377 985 4450 Apos-
1037 4371 1216 4434 nicationis
1241 4369 1440 4432 sententiam
1477 4368 1735 4446 promulgantes,
1774 4385 1830 4432 re-

187 4467 289 4529 tolica
304 4467 425 4544 scripta
441 4467 646 4540 mandamus,
665 4471 827 4548 quatenus
843 4470 981 4544 vocatis,
1037 4469 1154 4531 laxare
1168 4483 1234 4529 non
1249 4467 1349 4528 vultis
1365 4465 1525 4537 eamdem,
1535 4465 1602 4527 nisi
1612 4482 1710 4544 poena
1725 4481 1830 4543 pecu-

188 4563 245 4640 qui
259 4565 395 4640 propter
408 4563 471 4626 boc
486 4563 610 4625 suerint
624 4564 795 4637 avocandi,
813 4567 846 4628 et
860 4565 983 4627 auditis
1037 4566 1147 4627 niaria
1166 4563 1383 4642 precedente.
1413 4563 1554 4640 ideoque
1579 4564 1831 4626 universitatem

188 4659 351 4722 hincinde
362 4661 551 4739 propositis,
567 4663 596 4722 si
609 4662 702 4724 vobis
715 4662 872 4740 praedicta
886 4677 984 4724 cons·
1037 4665 1181 4724 vestram
1194 4660 1376 4737 rogandam
1392 4659 1548 4720 duximus
1563 4661 1596 4721 et
1620 4660 1829 4735 monendam,

187 4758 292 4818 titerit
306 4773 480 4832 asserere,
495 4759 691 4822 electionem
703 4761 811 4836 ipsam
826 4763 983 4836 tauquam
1038 4775 1098 4836 per
1108 4758 1299 4835 Apostolica
1314 4758 1437 4833 scripta
1449 4757 1657 4830 mandantes,
1667 4760 1832 4835 quatenus

187 4851 229 4914 de
247 4852 334 4915 iacto
349 4859 583 4932 praesumptam
607 4857 768 4920 nuntietis
793 4858 924 4919 irritam
951 4861 985 4920 et
1039 4872 1139 4934 quum
1165 4855 1247 4916 dicti
1272 4853 1419 4922 abbates,
1447 4854 1533 4914 tales
1569 4854 1611 4915 ad
1649 4853 1832 4918 claustrum

188 4949 338 5024 inanem,
371 4955 566 5016 revocantes
591 4955 627 5015 in
660 4955 791 5016 irritum
825 4954 983 5032 quidquid
1039 4953 1173 5030 propter
1187 4950 1380 5012 scandalum
1402 4952 1435 5011 et
1460 4950 1676 5013 ecclesiarum
1698 4952 1834 5032 dispen-

187 5051 262 5123 post
276 5047 531 5124 appellationem
557 5067 577 5112 a
599 5052 766 5128 praedictis
788 5053 935 5124 cantora,
952 5051 985 5113 et
1038 5049 1129 5111 dium
1142 5047 1344 5119 evitandum,
1368 5062 1427 5108 seu
1451 5048 1551 5109 etiam
1572 5065 1633 5125 pro
1656 5048 1832 5127 disciplina

188 5145 290 5206 sociis
307 5144 377 5205 suis
386 5145 427 5236 ad
439 5145 556 5207 sedem
566 5149 789 5225 apostolicam
802 5149 984 5225 interposi·
1039 5146 1223 5209 monastica
1249 5145 1339 5206 circa
1374 5143 1606 5222 delinquentes
1644 5145 1834 5224 hujusmodi

187 5245 256 5303 tam
295 5241 491 5304 inveneritis
526 5245 741 5318 attentatum,
785 5248 819 5307 et
857 5245 983 5307 tructus
1039 5243 1223 5307 exercenda
1238 5241 1396 5304 duxerint
1410 5242 1628 5316 revocandos,
1644 5258 1710 5303 non
1726 5242 1834 5304 obsis-

188 5336 297 5400 medio
324 5340 472 5416 tempore
497 5340 670 5417 perceptos
699 5341 807 5402 eidem
834 5341 984 5404 ecclesiae
1038 5342 1116 5404 tatis
1141 5340 1276 5412 eisdem,
1293 5353 1355 5400 nec
1378 5337 1447 5399 illis
1473 5338 1622 5402 savorem
1648 5339 1831 5401 indebitum

137 5495 151 5517 ‚
190 5435 321 5497 restitui
349 5435 521 5509 iacientes,
551 5450 591 5498 ac
620 5437 671 5498 eis
702 5438 759 5515 qui
788 5438 984 5500 electionem
1038 5437 1247 5516 impendatis.
1275 5435 1683 5520 Sedinstituentesprout
1708 5435 1832 5499 advos

189 5531 380 5608 hujusmodi
400 5533 510 5596 iacere
527 5535 821 5612 praesumpserunt,
840 5535 984 5611 eligendi
1039 5536 1192 5613 pertinet,
1209 5534 1243 5594 in
1258 5533 1340 5610 ipsis
1355 5533 1508 5595 ecclesiis
1523 5533 1609 5593 alios
1627 5532 1721 5593 vobis
1741 5549 1831 5611 prae-

189 5628 251 5687 bac
273 5629 345 5692 vice
362 5631 523 5707 potestate
538 5632 688 5710 privatis,
706 5631 837 5694 iactatis
852 5631 892 5692 ab
909 5633 984 5692 aliis
1039 5632 1186 5694 sentatos
1199 5631 1240 5692 ab
1255 5629 1348 5706 ipsis,
1361 5629 1592 5706 delinquentes
1617 5633 1768 5692 rerocari
1791 5633 1832 5695 ad

1032 2090 1084 2149 Ad
1097 2091 1368 2164 archiepiscopos
1382 2091 1416 2151 at
1436 2092 1610 2164 episcopos
1624 2093 1817 2152 universos.

332 5783 401 5828 earn
419 5783 444 5826 l..
460 5785 533 5832 roan
546 5774 596 5830 lll.
1628 5770 1661 5826 ld
