4250 6404
142 329 200 392 153
739 335 985 424 crismam.
1010 337 1087 398 nm.
1113 339 1168 398 111.
1731 345 1788 404 154

140 489 257 550 domus
273 489 326 550 vel
341 489 499 551 cellarum
512 491 615 568 ipsius
635 492 767 554 nomine
782 491 933 570 depositi,
962 478 966 487 ’
992 496 1067 556 dnm
1085 499 1199 558 contra
1230 496 1324 558 Sedis
1345 499 1543 576 Apostolicae
1565 497 1790 578 indulgentias

140 587 192 648 rel
207 586 382 658 violenter,
393 602 452 649 seu
465 588 532 648 alio
547 589 644 650 modo
656 589 774 650 illicito
789 591 935 652 autcus-
991 597 1189 657 memoratos
1199 595 1320 658 tratres
1330 597 1454 658 temere
1465 597 1658 674 perturbare
1667 615 1791 676 praesu-

141 683 298 746 todienda
312 675 411 745 etiam
423 686 629 761 receperunt,
646 687 784 748 eainlra
798 687 938 764 qnadra-
991 694 1101 768 munt;
1129 693 1303 756 molientes
1323 695 1439 756 contra
1459 698 1581 758 nostrae
1605 695 1788 773 plenitudi-

141 781 235 856 ginta
248 781 319 842 dies
343 786 418 859 poet
439 781 726 844 denunciationem
741 784 849 860 ipsam
865 786 936 846 sine
991 805 1066 849 nem
1079 791 1262 866 potestatis,
1275 791 1352 851 dum
1376 792 1504 854 indulta
1525 794 1638 854 nostra
1662 794 1791 857 irreve-

138 877 360 940 diminuttone
386 879 564 942 restituant
584 880 671 941 dicto
687 881 802 958 priori,
817 883 868 943 vel
883 881 936 944 cui
991 887 1103 948 renter
1121 887 1327 966 impugnant.
1340 891 1409 950 Nos
1421 890 1525 964 igitur
1540 891 1596 968 qui
1615 892 1790 969 praedictos

140 974 355 1036 mandaverit·
376 977 507 1037 restitui
535 977 608 1038 vice
629 993 701 1038 sua.
724 979 880 1056 Alioquin
895 995 937 1041 ex
991 981 1110 1044 iratres
1130 985 1270 1062 speciali
1287 988 1509 1062 praerogativa
1543 983 1791 1052 dilectionis'et

139 1075 219 1134 tunc
231 1073 393 1134 auctorite
404 1077 515 1135 nostra
527 1075 725 1137 senoverint
745 1092 938 1137 exccmrnu-
991 1080 1108 1156 gratiae
1123 1082 1364 1160 amplexamur,
1382 1082 1494 1162 utpote
1510 1087 1566 1163 qui
1580 1088 1722 1148 Domino
1733 1090 1792 1164 ju-

140 1169 321 1232 nicationis
347 1172 510 1233 sententia
533 1172 722 1234 innodatos.
736 1175 854 1235 Datum
871 1177 937 1234 La·
990 1177 1077 1254 giter
1102 1178 1280 1241 offerentes
1305 1197 1440 1242 sucrum
1467 1183 1589 1245 vitulos
1613 1184 1788 1258 labiorum,

140 1267 262 1337 terant,
282 1269 399 1344 quarto
432 1285 538 1331 nonas
570 1271 694 1344 martii,
722 1271 937 1348 pontificatus
992 1275 1301 1351 nonsolumvcbis,
1319 1278 1375 1338 sed
1399 1279 1499 1340 etiam
1523 1282 1708 1343 universali
1728 1285 1792 1344 lic-

140 1366 466 1429 nostriannotertio.
613 1451 616 1456 ¹
992 1374 1102 1434 clasiae
1120 1375 1184 1450 piis
1208 1371 1504 1438 intercessionibus
1529 1378 1791 1458 intemporaliter

992 1468 1229 1548 suffragantur,
1251 1473 1399 1536 nolentes
1428 1475 1619 1554 hujusmodi
1636 1478 1790 1539 vexatio-

471 1563 607 1649 (ΜΗ
992 1569 1089 1630 nibus
1125 1585 1238 1631 eornm
1265 1571 1394 1633 sabbati
1423 1573 1602 1635 amaricari
1624 1574 1788 1651 quietem,

192 1706 244 1764 Ad
256 1706 529 1778 archiepiscopos
557 1709 730 1780 episcopos
744 1709 892 1780 auosque
993 1681 1074 1744 quos
1090 1665 1198 1744 potius
1225 1671 1376 1730 tenemur
1391 1670 1588 1732 omnimodis
1610 1672 1789 1746 consolari,

334 1749 556 1864 ecelesiam&
566 1804 744 1878 proetotos.
994 1765 1243 1827 universitatem
1265 1769 1409 1828 uestram
1434 1785 1605 1830 monemus
1621 1771 1654 1831 et
1673 1769 1790 1832 horta-

438 1924 550 1982 oman.
567 1925 647 1983 1219.

993 1879 1068 1922 mur
1081 1864 1215 1935 attente,
1230 1879 1268 1924 ac
1284 1881 1343 1942 per
1355 1866 1545 1942 Apostolica
1560 1867 1684 1943 scripta
1700 1884 1790 1945 prae·

221 2035 267 2100 [Le
282 2035 364 2100 Paigc,
378 2036 501 2089 Biblioth.
517 2039 781 2098 Praemcnstretenaia,
792 2039 862 2101 aaa]

993 1959 1145 2036 cipiendo
1156 1961 1349 2022 mandamus
1359 1966 1522 2039 quatenus
1537 1965 1712 2040 praedictos
1726 1965 1794 2026 tra-

994 2061 1061 2118 tres
1090 2057 1131 2118 ob
1155 2059 1376 2119 reverentiam
1410 2060 1557 2120 divinam
1585 2063 1618 2122 et
1644 2063 1791 2122 nostram

142 2145 180 2201 Ut
194 2143 507 2202 Proemonstratenaium
534 2145 683 2217 privilegia
712 2154 893 2216 conservent,
911 2153 940 2202 et

994 2153 1152 2216 habentes
1167 2153 1201 2215 in
1226 2155 1409 2216 visceribus
1425 2157 1598 2219 charitatis
1611 2158 1660 2218 eis
1682 2158 1790 2236 privi-

995 2251 1123 2327 legiaet
1141 2251 1364 2328 indulgentias
1380 2254 1579 2330 Apostollrae
1599 2253 1694 2316 Sedis
1718 2255 1791 2316 eis-

995 2348 1069 2409 dem
1091 2365 1266 2410 conoessas
1286 2349 1526 2413 inviolabiliter
1539 2353 1744 2415 conservetis
1760 2355 1793 2414 et

994 2445 1125 2508 faciatis
1145 2446 1186 2507 ab
1208 2447 1284 2508 aliis
1308 2449 1512 2520 conservari,
1529 2449 1623 2510 salva
1638 2450 1794 2512 modera-

995 2544 1084 2605 tione
1102 2543 1240 2604 Concilii
1268 2545 1456 2620 generalis;
1493 2546 1659 2618 videlicet,
1688 2550 1724 2610 ut
1751 2547 1792 2607 de

995 2641 1115 2702 alienis
1138 2641 1237 2702 terris
1263 2643 1452 2718 atempore
1478 2642 1628 2718 praedicti
1649 2644 1791 2705 concilii

168 2301 169 2306 γ
223 2233 386 2290 conservari
406 2231 520 2291 iaciant.
537 2233 687 2291 Novalium
700 2235 855 2308 exenrptio.

184 2351 362 2422 Honorius,
392 2351 468 2422 etc,
495 2349 742 2412 venerabilibus
782 2349 940 2413 iratribus

143 2446 416 2524 archiepiscopis,
451 2447 618 2524 episcopis
650 2449 682 2509 et
710 2447 838 2511 dilectis
862 2449 940 2509 tiliis

143 2543 222 2605 aliis
245 2544 461 2605 ecclesiarum
490 2544 647 2620 praelatis,
663 2544 704 2607 ad
720 2560 801 2623 quos
821 2545 940 2608 litterae

145 2643 221 2703 istae
250 2641 472 2718 pervenerint,
496 2642 634 2703 salutem
664 2643 697 2704 et
724 2643 941 2720 apostolicam

144 2739 422 2801 benedictionem.
996 2736 1167 2814 acquisitis
1180 2740 1212 2800 et
1233 2737 1274 2798 de
1293 2741 1412 2800 caetero
1428 2740 1650 2816 acquirendis
1676 2739 1792 2802 exsol-

187 2836 401 2920 Benctaciens
412 2835 818 2898 Dominusbonisetrectis
830 2837 939 2910 corde,
995 2839 1075 2898 rant
1086 2835 1231 2896 decimas
1248 2835 1409 2908 ecclesiia,
1425 2837 1543 2914 quibus
1556 2837 1686 2900 ratione
1705 2853 1793 2916 prae·

144 2934 283 2995 dilectos
297 2933 383 2994 tilios
399 2935 518 2995 iratres
538 2935 865 2995 praemonstratensis
881 2951 941 2996 or·
996 2933 1126 2993 diorum
1145 2934 1242 2995 antea
1265 2930 1488 3006 solvebantur,
1513 2935 1578 2996 nisi
1598 2935 1696 2996 aliter
1718 2951 1793 2996 cum

144 3031 234 3091 dinis
249 3033 283 3092 in
310 3031 365 3092 via
388 3031 617 3094 mandatorum
646 3031 750 3107 ipsius
779 3031 941 3093 inoffense
996 3031 1044 3091 eis
1069 3029 1226 3092 duxerint
1250 3031 1523 3108 componendum.
1554 3032 1646 3094 Alias
1664 3047 1793 3109 quoque

146 3129 331 3198 currentes,
345 3129 503 3204 tanquam
526 3125 682 3204 populum
705 3126 942 3205 acceptabilem
997 3126 1170 3206 praedictos
1181 3127 1300 3190 iratres
1313 3128 1355 3189 ab
1368 3129 1556 3190 incursibus
1571 3129 1794 3206 malignorum

148 3224 212 3284 sibi
228 3238 367 3285 numero
390 3225 423 3285 et
446 3224 564 3284 merito
580 3224 762 3301 ampliavit,
777 3223 891 3302 eisque
902 3223 942 3286 de
996 3227 1108 3288 taliter
1122 3225 1318 3299 defendatis
1336 3225 1422 3304 quod
1441 3225 1632 3289 deiensores
1652 3227 1793 3305 justitiae

147 3337 224 3382 rore
249 3320 324 3382 coeli
352 3323 385 3383 et
406 3321 505 3383 terrae
521 3321 720 3398 pinguedine
730 3319 940 3395 benedicens,
997 3339 1036 3385 ac
1053 3325 1185 3401 pietatis
1210 3323 1395 3400 probemini
1419 3325 1601 3397 amatores,
1625 3328 1794 3402 Deumque

147 3419 300 3480 dilatavit
325 3417 433 3480 locum
463 3419 599 3480 tentorii
623 3422 694 3496 eius
719 3421 752 3481 et
783 3419 940 3481 extendit.
997 3422 1091 3483 vobis
1104 3421 1282 3499 propitium
1298 3422 1332 3483 et
1351 3437 1410 3482 nos
1425 3421 1582 3492 reddatis,
1604 3422 1726 3483 exinde
1743 3420 1796 3482 ia-

148 3517 212 3578 Sed
229 3515 306 3594 quia
321 3515 471 3577 dolentes
485 3517 667 3594 reperimus
681 3517 717 3578 in
732 3517 787 3578 via
802 3516 864 3578 bac
880 3533 943 3594 qua
998 3519 1163 3582 vorabiles
1183 3521 1215 3582 et
1240 3517 1412 3594 benignos.
1434 3519 1552 3580 Datum
1576 3518 1733 3581 Laterani
1749 3520 1794 3580 111

147 3613 319 3675 ambulant
357 3613 514 3690 superbi,
556 3615 671 3676 contra
707 3629 763 3676 eos
808 3613 944 3692 laqueos
999 3617 1242 3690 nonasmartii,
1263 3615 1474 3694 pontificatus
1498 3619 1604 3680 nostri
1622 3617 1795 3678 annoter-

147 3710 377 3783 extendentes,
395 3710 460 3772 imo
475 3712 565 3774 velut
579 3711 743 3773 torrentes
759 3711 944 3788 iniquitatis
998 3713 1056 3777 tio.
1375 3695 1382 3708 ⁸

147 3811 315 3870 irruentes
330 3809 364 3869 in
380 3824 448 3880 eos,
465 3807 556 3886 ipsos
579 3809 675 3870 bonis
690 3809 772 3878 suis,
794 3825 866 3886 quae
880 3809 946 3870 soli

150 3907 290 3968 Domino
318 3907 396 3967 sunt
421 3905 541 3978 dicata,
572 3921 638 3967 non
668 3906 774 3967 solum
795 3907 947 3983 nequiter
1319 3862 1478 4000 CXLIII

149 4002 348 4065 defraudare
369 3999 458 4080 (cum
477 4003 539 4064 tilii
558 4003 657 4080 huius
675 4003 790 4064 saeculi
800 4003 947 4081 pruden-
1019 4011 1072 4069 Ad
1085 4011 1240 4082 priorem
1254 4007 1288 4068 et
1301 4007 1433 4081 fratrea
1450 4007 1777 4068 Grandtmontences

149 4102 252 4164 tiores
276 4099 354 4162 tiliis
369 4100 454 4164 lucis
482 4101 517 4161 in
545 4101 760 4176 generatione
782 4117 841 4162 sua
865 4098 945 4178 sint)
1327 4105 1469 4164 orcltnts.

149 4213 266 4259 verum
288 4196 388 4258 etiam
411 4197 587 4275 iniquitate
613 4199 764 4276 potentes
783 4197 947 4259 violenter
1047 4263 1051 4272 ,
1290 4224 1405 4282 gmm
1422 4223 1503 4285 4219,

152 4295 297 4372 spoliare
312 4293 472 4357 nituntur.
486 4295 526 4356 at
540 4293 626 4371 quod
641 4297 777 4370 gravius
792 4295 852 4366 est,
870 4310 947 4355 non·
1032 4347 1206 4415 [mmmm.
1215 4347 1258 4406 111,
1271 4345 1345 4412 epm
1355 4345 1410 4396 ato.
1419 4347 1477 4397 uss.
1494 4346 1530 4397 La
1539 4347 1614 4397 rorte
1626 4345 1661 4396 cu
1673 4345 1767 4412 Tm]

151 4391 235 4452 nulli
264 4391 305 4452 de
324 4390 367 4452 iis
394 4391 449 4469 qui
471 4405 529 4452 ecs
556 4390 739 4452 debuerant
766 4391 800 4450 in
824 4389 947 4451 Christi
1083 4457 1119 4469 ..
1172 4455 1178 4467 ,
1348 4453 1355 4466 ,
1398 4453 1404 4466 ,
1511 4453 1516 4465 ,
1667 4453 1673 4466 ,
1741 4454 1746 4466 ,

150 4486 335 4550 visceribus
359 4488 470 4549 carius
485 4487 669 4564 amplexari
685 4489 717 4549 et
726 4485 944 4548 favorabilius
1001 4459 1033 4517 ¹¹¹
1050 4457 1199 4530 pf¹v¹¹03¹⁰
1211 4453 1422 4554 '⁰f,⁰'¹¹¹⁰⁸¹⁰¹¹¹⁸
1440 4447 1530 4510 ⁰⁰¹⁰¹⁸
1541 4451 1675 4553 defqffln
1693 4461 1799 4534 ⁸⁰⁸9¹9

1120 4545 1274 4604 Clementis
1291 4557 1373 4615 papea
1385 4557 1472 4614 super
1485 4549 1678 4614 exemptione.

152 4585 340 4657 contovere,
372 4585 463 4662 ipsos
499 4584 535 4644 in
563 4599 683 4645 manus
712 4585 947 4662 persequentes

151 4683 327 4761 privilegia
357 4665 429 4759 quae
463 4681 545 4759 ipsis
578 4697 598 4743 a
634 4681 718 4743 Sede
745 4669 964 4760 apostolica,¹
1041 4671 1219 4740 Honorius
1241 4669 1316 4739 etc,
1347 4667 1476 4729 dilectis
1501 4663 1617 4727 tiliis..
1640 4665 1744 4744 priori
1765 4669 1799 4729 et

152 4781 223 4840 suis
244 4779 455 4856 exigentibus
471 4779 608 4852 meritis,
627 4783 703 4841 sunt
718 4779 857 4851 indulta,
871 4794 948 4854 ges-
1001 4769 1160 4832 fratribus
1173 4764 1443 4827 Grandisswssiess·
1461 4763 1599 4824 Ordinis·

150 4877 239 4940 tiunt
258 4877 389 4954 penitus
411 4893 582 4950 enervare,
606 4877 745 4938 dicendo
768 4877 825 4937 illa
845 4877 947 4937 luisse
1042 4867 1133 4928 Licet
1152 4865 1186 4926 in
1211 4865 1326 4924 nostro
1342 4861 1517 4939 privilegio
1535 4861 1798 4938 expresserimus

151 4975 287 5039 omnino
309 4975 344 5034 in
361 4973 509 5050 generali
525 4974 672 5036 Concilio
696 4976 867 5045 revocata,
895 4973 946 5034 vel
1002 4966 1038 5025 ut
1052 4964 1124 5025 sitis
1148 4959 1290 5023 contenti
1308 4957 1438 5020 statutis
1458 4958 1582 5033 regulae
1603 4960 1735 5030 restrae,
1758 4973 1797 5020 ac

151 5072 237 5132 alias
249 5071 451 5133 intellectum
471 5072 721 5148 privilegiorum
738 5072 884 5149 ipsorum
900 5066 947 5132 ita
1002 5059 1177 5140 privilegio
1196 5059 1268 5134 ipso
1284 5055 1500 5116 decernentes
1522 5054 1590 5115 alia
1610 5055 1796 5132 privilegia,

150 5167 298 5244 maligna
317 5167 591 5244 interpretatione
606 5168 647 5228 ad
660 5167 789 5230 libitum
811 5181 949 5245 perver-
1002 5176 1063 5220 seu
1076 5155 1301 5232 indulgentias
1314 5169 1380 5215 non
1391 5153 1515 5224 tenere,
1533 5168 1592 5229 per
1607 5151 1669 5213 hcc
1687 5154 1797 5213 tamen

149 5265 260 5336 tendo,
275 5263 359 5342 qtrod
376 5263 441 5324 nisi
455 5279 491 5325 os
513 5263 627 5340 iniqua
641 5265 845 5342 loquentium
864 5263 946 5325 obs·
1002 5256 1154 5318 nolumus
1185 5250 1319 5329 scripto,
1349 5249 1433 5327 quod
1458 5248 1514 5309 fel·
1539 5265 1626 5309 mess-
1647 5249 1798 5309 Clemens

149 5365 292 5433 truatur,
319 5362 404 5422 nibil
419 5363 532 5432 restet,
558 5361 636 5439 quia
663 5363 811 5440 praedicti
827 5363 948 5423 tratres
1003 5355 1067 5416 PP.
1091 5349 1192 5430 praed.
1209 5352 1323 5410 noster
1345 5347 1439 5408 vobis
1467 5361 1567 5423 super
1588 5345 1797 5420 exemptione

150 5459 403 5537 privilegiorum
430 5475 566 5519 suorum
590 5473 675 5535 pene
692 5459 824 5536 penitus
839 5457 948 5520 fructu
1003 5449 1175 5520 concessit,
1193 5448 1351 5525 quantum
1367 5445 1407 5506 ad
1428 5443 1655 5520 exemptiones
1672 5443 1799 5503 alticu-

150 5559 363 5629 trnstrentor,
389 5571 448 5633 per
469 5556 554 5634 quod
581 5555 722 5617 illinon
743 5558 810 5618 tam
824 5554 947 5616 eisdem
1002 5550 1070 5610 lom
1096 5549 1131 5608 in
1160 5546 1272 5623 aliquo
1303 5542 1469 5619 derogari.
1497 5543 1615 5602 Datum
1644 5541 1798 5602 Laterani

149 5655 320 5725 iratribus,
337 5671 435 5732 qnam
460 5653 554 5716 nobis
574 5653 727 5730 injuriari
754 5652 945 5732 probantur,
1001 5647 1099 5708 tertio
1113 5659 1217 5706 notras
1233 5643 1343 5703 martii
1360 5656 1447 5702 anno
1463 5639 1571 5698 tertio.
