4248 6410
169 270 228 332 717

168 427 318 502 argento,
335 425 420 502 quod
441 424 617 493 habebant,
640 423 860 502 qradraginta
882 423 964 484 duas

169 538 299 584 marcas
314 521 461 584 auferret
482 522 618 592 eisdem,
635 523 667 582 et
681 520 745 598 ipsi
758 536 794 580 se
810 536 874 580 non
897 519 963 579 ha-

169 619 249 680 bers
272 620 373 682 aliam
402 633 500 696 quam
525 619 565 678 ad
586 634 646 678 nos
670 617 900 678 transmissam
923 616 963 676 ab

169 716 285 778 eodem
306 731 385 791 rege
405 716 579 791 pecuniam
597 715 855 790 respondissent,
873 729 962 790 prae-

170 815 256 876 fatus
284 814 406 891 adjecit
435 814 628 890 episcopus,
654 812 740 889 quod
766 811 801 872 in
832 826 963 873 camera

170 913 294 984 nostra,
312 913 341 972 si
362 911 410 972 ibi
425 926 499 974 eam
520 909 695 980 inveniret,
713 910 858 970 auferret
873 924 965 970 eam-

170 1010 255 1080 dem,
285 1009 351 1070 nisi
379 1025 399 1070 a
427 1007 531 1070 nobis.
552 1007 744 1082 expressius
771 1005 962 1066 arceretur:

170 1107 302 1166 tandem
316 1120 416 1180 opere
436 1103 561 1165 studuit
575 1103 757 1179 adimplere
768 1102 854 1179 quod
869 1101 966 1162 dixe-

170 1205 232 1274 rat,
246 1203 334 1279 quia,
346 1203 449 1262 misso
462 1200 564 1262 fratre
576 1215 648 1272 suo,
661 1215 720 1276 per
734 1215 808 1260 eum
820 1198 966 1274 quadra·
1071 1207 1082 1224 ⁸

169 1299 261 1375 ginta
287 1299 370 1362 duas
399 1313 528 1360 marcas
561 1297 692 1374 argenti
723 1295 893 1374 purissimi
923 1294 963 1354 ad

170 1395 497 1471 pondusViennense
508 1393 549 1454 ab
564 1394 655 1470 ipsis,
666 1393 965 1470 quantumcumque

170 1491 389 1556 renitentibus
408 1493 441 1552 et
456 1491 585 1560 invitis,
596 1489 747 1552 extorsit.
764 1491 872 1560 Quare
892 1489 964 1548 fra-

171 1589 318 1651 ternitati
334 1591 399 1649 tuae
412 1603 470 1664 per
482 1587 673 1664 Apostolica
689 1586 812 1662 scripta
828 1585 966 1646 tirmiter

172 1685 394 1761 praecipiendo
430 1685 638 1754 mandamus,
667 1684 831 1759 quatenus
867 1697 966 1758 super

172 1783 234 1843 boo
252 1782 443 1858 episcopum
457 1781 569 1857 ipsum
589 1780 630 1842 ad
651 1780 864 1856 praesentiam
887 1795 967 1839 nos·

171 1881 256 1940 tram
271 1878 352 1940 cites
368 1893 453 1949 eum,
466 1880 500 1938 ut
511 1893 615 1954 usque
626 1877 667 1939 ad
678 1877 815 1938 natare
827 1879 967 1938 terrase

169 1981 236 2038 tem
250 1976 364 2036 nostro
377 1990 413 2036 se
427 1975 619 2051 conspectui
634 1974 860 2051 repraesentet,
872 1971 967 2032 satis-

170 2072 348 2132 factionem
361 2086 462 2148 super
477 2071 530 2132 bis
543 2085 724 2146 congruam
740 2070 963 2146 impensurus,

170 2169 352 2230 monitione
377 2169 559 2244 praemissa,
586 2183 645 2244 per
668 2181 828 2228 censuras
856 2165 967 2226 ecele-

172 2266 337 2336 siasticas,
359 2265 581 2342 appellatione
603 2263 797 2340 postposita,
819 2261 967 2338 compel-

171 2361 280 2422 lend0.
301 2363 419 2422 Datum
436 2362 603 2432 Laterani,
630 2363 674 2421 lll
693 2359 768 2420 idus
791 2357 964 2430 februarii,

172 2458 381 2540 pontificatus
396 2459 501 2522 nostri
516 2473 605 2518 anno
618 2457 745 2534 quinto

479 2615 663 2702 ddtxltl

340 2753 392 2812 Ad
411 2751 575 2810 ,iacobum
592 2751 634 2810 de
666 2751 795 2810 Vatcdo.

465 2871 498 2928 li
511 2869 581 2928 febr.
596 2870 672 2926 till.

259 2978 366 3043 [Campi
381 2977 493 3027 Historia
504 2975 531 3025 di
546 2976 678 3031 Piacenza,
692 2979 711 3024 t.
724 2974 755 3032 ll,
771 2989 797 3038 p.
811 2973 877 3037 tta]

171 3085 279 3144 lacobo
298 3083 334 3141 de
349 3083 467 3152 Valeda,
484 3084 624 3139 canonico
644 3081 789 3153 Papiensi,
805 3078 922 3136 mandat
937 3085 967 3134 ut

207 3173 362 3246 capitulum
385 3173 516 3229 ecclesie
541 3171 713 3228 Placentinae
732 3168 963 3226 excommunica·

206 3262 292 3320 tionis
302 3262 445 3319 sententia
459 3260 597 3317 absolvat.

212 3371 378 3432 Honorius
389 3371 701 3446 episcopusservus
712 3381 882 3428 servorum
894 3364 963 3435 Ilei,

174 3467 293 3529 dilecto
309 3467 377 3528 lilio
391 3469 409 3529 J
413 3466 515 3528 acobo
531 3465 571 3525 de
586 3464 722 3536 Valeda,
739 3463 890 3529 salutem,
903 3462 964 3522 etc.

214 3563 369 3626 Exhibita
386 3562 636 3636 nobiscapituli
655 3561 805 3621 ecclesiae
823 3559 966 3619 Placen-

173 3661 253 3722 tinae
282 3661 397 3736 petitio
424 3657 624 3728 continebat,
645 3657 732 3734 quod
761 3671 860 3732 quum
887 3655 965 3716 olim

172 3757 382 3835 praebendam
399 3755 573 3834 quamdam
593 3755 698 3830 ipsius
717 3753 878 3824 ecclesiae,
893 3767 966 3828 quae

172 3855 234 3916 fuit
259 3853 462 3916 venerabilis
494 3853 608 3916 fratris
646 3852 751 3912 nostri
780 3850 966 3911 Placentini

172 3952 467 4029 episcopidilecto
488 3951 557 4011 filio
578 3953 616 4011 R.
634 3949 674 4008 de
693 3948 833 4009 Gamala
856 3947 965 4008 duxe-

171 4049 276 4109 rimus
294 4047 549 4119 concedendam,
566 4045 752 4108 venerahili
767 4045 869 4106 fratre
883 4059 965 4105 nos·

171 4147 223 4207 tro
239 4145 481 4206 Mediolanensi
497 4144 748 4218 archiepiscopo
767 4145 846 4206 ωηο
861 4142 966 4203 electo

173 4241 238 4302 sibi
265 4257 365 4318 super
390 4241 452 4301 hoo
480 4241 658 4301 executore
680 4254 837 4300 concesso
860 4260 867 4299 :
890 4238 967 4299 licet

172 4340 237 4416 ipsi
258 4337 421 4400 mandatis
436 4337 584 4414 eiusdem
599 4335 842 4412 archiepiscopi
855 4350 891 4396 se
904 4335 967 4394 mi-

172 4437 262 4498 nime
282 4435 512 4512 opposuerint,
538 4433 617 4511 quin
639 4433 748 4509 potius
772 4433 964 4508 praedictum

173 4537 211 4596 R.
228 4533 344 4596 devote
367 4531 554 4607 receperint
568 4532 603 4590 in
624 4531 821 4590 canonicum
845 4531 877 4590 et
898 4529 967 4590 fra-

171 4635 274 4706 trem3
294 4630 512 4692 nihilominus
538 4630 648 4690 tamen
679 4629 711 4686 S.
738 4626 887 4702 praedicti
911 4642 967 4686 ar-

173 4728 376 4805 chiepiscopi
405 4727 552 4796 nuntius,
581 4739 735 4785 asserens
770 4739 827 4784 eos
862 4723 966 4798 ipsius

173 4825 336 4886 mandatis
354 4840 418 4885 non
433 4824 595 4900 paruisse,
612 4821 965 4882 excommunicationis

172 4921 249 4984 tulit
268 4923 464 4982 sententiam
485 4922 521 4981 in
542 4920 687 4982 eosdem.
709 4918 871 4994 Quocirca
894 4919 966 4978 dis-

173 5017 313 5080 cretioni
327 5019 404 5089 tus'e,
421 5020 483 5079 etc.

210 5149 250 5221 (1)
271 5149 469 5214 florentinius,
482 5147 529 5203 lib.
541 5149 577 5215 ll,
590 5149 659 5204 l'itar
669 5147 826 5214 Mottitdis,
842 5145 966 5202 titubans

173 5219 384 5293 suspicabatur,
416 5217 546 5274 eamdem
581 5219 756 5274 comitissam
790 5217 965 5274 dominatam

173 5306 287 5364 quoquc
309 5289 396 5347 luisse
411 5288 525 5346 ducatui
546 5289 698 5359 Spoletano
712 5295 740 5343 et
757 5287 890 5344 ldarclrim
906 5288 963 5342 Αη-

172 5364 331 5429 conitauae;
347 5359 397 5417 sed
412 5359 514 5416 tabulis
532 5358 681 5415 destitutus
697 5372 754 5413 rem
771 5365 895 5414 statuere
910 5371 964 5411 non

174 5433 273 5506 potuit.
303 5435 352 5488 Est
377 5429 446 5486 milri
476 5429 578 5485 nobilis
605 5427 703 5484 charta
730 5441 746 5481 e
773 5428 966 5500 manuscripto

174 5511 288 5574 regesto
307 5502 402 5560 Cencii
426 5500 581 5558 Cauterarit
605 5499 782 5569 deprompta,
800 5497 875 5554 unde
897 5497 966 5553 satis

174 5575 245 5633 bruis
268 5573 406 5647 affulgere
428 5579 520 5643 potest
547 5569 582 5626 ad
602 5567 827 5642 agnoscendum,
855 5568 965 5642 utrique

545 5837 561 5868 ὁ

798 265 1024 328 EPISTOLAE.
1049 264 1126 324 LIB.
1150 262 1199 322 V.·

1338 443 1500 530 dclxx

1106 591 1158 649 Ad
1179 591 1360 648 ursiocrsos
1372 585 1564 664 praesentes
1584 583 1719 644 litteras

1273 682 1488 757 inspecturos
1502 679 1560 759 (1).

1307 813 1341 870 18
1355 811 1423 874 sehr.
1443 813 1520 870 titt.

1101 928 1241 993 muratori,
1252 928 1339 992 Antip.
1353 928 1420 980 med.
1433 927 1490 986 aevi,
1502 932 1521 978 t.
1533 927 1552 984 1,
1563 942 1589 992 p.
1601 926 1726 992 stetit]

1037 1036 1198 1095 Castrorum
1212 1041 1240 1092 et
1255 1042 1395 1092 terrarum
1407 1034 1561 1092 eomitissa
1576 1032 1728 1104 ltatlrildis,
1745 1047 1796 1106 pro

1180 1123 1307 1185 Ecclesia
1324 1125 1451 1180 Romana
1466 1123 1654 1194 recuperatio.
1727 1119 1730 1124 '

1059 1239 1730 1317 Honoriusepiscopusservusservorum
1741 1219 1811 1309 Del,

1019 1337 1197 1399 universis.
1223 1335 1403 1412 praesentes
1436 1335 1565 1397 litteras
1592 1335 1811 1411 inspecturis,

1020 1436 1161 1496 salutem
1176 1435 1208 1495 et
1223 1433 1440 1508 apostolicam
1463 1431 1737 1494 benedictionem.

1060 1533 1110 1592 Ne
1125 1545 1236 1591 rerum
1257 1531 1427 1605 gestarum
1452 1529 1612 1596 memoria
1634 1544 1709 1589 cum
1728 1530 1835 1602 tem·¹

1021 1640 1101 1701 pore
1115 1623 1246 1686 labente
1260 1623 1401 1694 labatur,
1415 1624 1452 1684 et
1462 1622 1497 1682 1η
1512 1622 1713 1684 oblivionem
1724 1623 1815 1684 veri-

1020 1722 1072 1782 tas
1101 1719 1240 1782 veniens
1267 1721 1409 1794 uagetur
1431 1719 1570 1791 incerta,
1606 1720 1634 1778 si
1654 1719 1685 1780 ei
1713 1717 1815 1782 fuerit

1021 1817 1102 1877 fides
1121 1817 1284 1892 adempta,
1299 1817 1471 1878 inventurn
1481 1819 1532 1876 est
1546 1816 1814 1878 authenticarum

1020 1914 1204 1974 remedium
1217 1913 1468 1988 scripturarum,
1483 1927 1557 1989 quae
1569 1911 1730 1974 factorum
1743 1929 1815 1989 per·

1022 2011 1194 2086 petuantes
1228 2010 1438 2078 memoriam,
1469 2009 1687 2072 indubitatam
1716 2009 1814 2072 fidem

1021 2107 1145 2168 faciant
1167 2107 1312 2176 veritati,
1339 2122 1412 2182 quae
1437 2121 1498 2166 sua
1526 2106 1600 2167 luce
1626 2107 1814 2168 clarescens

1021 2219 1087 2264 non
1100 2203 1396 2280 pat'turjnstitiam
1410 2201 1503 2262 falsis
1515 2203 1690 2264 calumniis
1702 2203 1815 2264 obum-

1021 2300 1122 2360 brari.
1137 2301 1230 2361 Unde
1247 2300 1288 2360 ad
1304 2299 1536 2360 universorum
1552 2301 1703 2361 notitiem
1718 2301 1815 2362 volu-

1022 2413 1094 2456 mus
1115 2396 1300 2471 pervenire,
1322 2395 1498 2472 quodcum
1518 2411 1637 2470 magna
1660 2412 1737 2472 pars
1753 2413 1814 2459 co·

1021 2493 1346 2554 mitatuscomitissae
1357 2492 1814 2568 Mathildis,quitotaliterad

1022 2593 1204 2651 Romanam
1214 2588 1394 2648 Ecclesiam
1407 2589 1549 2664 pertinet
1557 2589 1746 2667 plenojure,
1756 2594 1815 2653 eta

1022 2685 1133 2746 multis
1144 2685 1447 2760 etvariispersonis
1458 2684 1814 2750 detinereturindebite

1022 2783 1193 2860 occupata,
1206 2785 1239 2842 et
1251 2785 1318 2842 tam
1334 2783 1424 2842 cives
1441 2781 1622 2858 spoletani,
1633 2799 1731 2859 quam
1745 2783 1815 2846 fere

1021 2881 1109 2941 totus
1128 2879 1267 2940 ducatus
1284 2879 1480 2955 spoletanus
1503 2879 1598 2940 nobis
1623 2881 1814 2942 nullatenus

1021 2976 1263 3053 responderint,
1276 2991 1347 3048 nos,
1356 2976 1391 3035 in
1401 2975 1459 3036 illo
1473 2991 1530 3052 spe
1541 2979 1654 3038 nostra
1668 2977 1815 3041 totaliter

1022 3074 1140 3150 posita,
1163 3075 1218 3150 qui
1239 3074 1335 3136 adest
1358 3073 1396 3134 in
1419 3073 1558 3135 veritate
1582 3073 1814 3138 invocantibus

1021 3186 1141 3232 nomen
1166 3173 1249 3248 ejus,
1267 3185 1464 3247 quamquam
1484 3171 1624 3234 infinitis
1644 3174 1677 3234 et
1700 3173 1813 3234 arduis

1021 3283 1169 3328 essemus
1187 3267 1328 3342 negotiis
1344 3267 1581 3328 inevitabiliter
1593 3271 1757 3345 occupati,
1772 3271 1813 3332 ad

1021 3365 1249 3439 recuperanda
1265 3367 1343 3439 jnra
1359 3363 1516 3426 Ecclesiae
1540 3365 1683 3428 sollicite
1697 3366 1811 3428 inten-

1021 3463 1154 3533 dentes,
1184 3461 1368 3522 venerabili
1399 3461 1496 3524 fratri
1522 3464 1635 3524 nostro
1668 3465 1813 3526 Ostiensi

1020 3559 1186 3636 episcopo,
1204 3562 1282 3620 tunc
1298 3558 1475 3634 legationis
1490 3559 1640 3636 fungenti
1653 3561 1762 3623 officio
1777 3563 1812 3623 1η

1022 3655 1170 3732 partibus
1180 3655 1395 3727 bombardiae,
1404 3657 1587 3719 direximus
1603 3659 1727 3737 scripta
1740 3675 1814 3722 nos

1020 3755 1083 3825 tra,
1105 3755 1141 3814 ut
1158 3753 1224 3816 duo
1244 3755 1367 3825 castra,
1383 3754 1538 3816 videlicet
1558 3751 1757 3818 Medicinam
1781 3759 1814 3819 et

1021 3850 1234 3924 Argellatam,
1243 3866 1316 3927 quae
1329 3852 1555 3912 Bononienses
1569 3853 1646 3914 tunc
1656 3856 1812 3931 temporis

1021 3945 1222 4020 detinebant,
1239 3947 1280 4006 ad
1295 3947 1485 4007 demanium
1505 3948 1600 4008 Sedis
1614 3951 1813 4026 Apostolicae

1021 4045 1204 4104 revocaret.
1232 4044 1294 4113 Qui
1312 4045 1409 4117 juxta
1431 4043 1622 4105 mandatum
1648 4051 1812 4121 nostrum,
1851 4035 1856 4046 ’

1021 4141 1079 4200 illa
1091 4140 1266 4216 recipiens,
1281 4139 1400 4200 dilecto
1412 4139 1480 4200 tilio
1492 4141 1634 4202 Henrico
1649 4143 1690 4203 de
1704 4147 1812 4205 Para-

1021 4253 1131 4312 gnano
1157 4237 1359 4297 subdiacono
1388 4239 1512 4308 nostro,
1537 4239 1693 4314 quamdiu
1717 4241 1812 4304 nobis

1021 4335 1177 4410 placeret,
1192 4333 1356 4397 commisit
1370 4333 1570 4396 fiducialiter
1579 4335 1810 4416 gubernanda3

1021 4433 1054 4492 et
1075 4431 1227 4491 homines
1252 4433 1435 4491 castrorum
1454 4431 1602 4507 ipsorum
1622 4435 1728 4496 eidem
1746 4453 1811 4498 no·-

1022 4529 1110 4589 mine
1132 4531 1246 4589 nostro
1261 4527 1429 4590 fidelitatis
1441 4531 1631 4606 juramenta
1644 4537 1811 4608 praestan-

1020 4629 1082 4697 tes,
1098 4627 1129 4686 ei
1154 4626 1194 4686 de
1218 4626 1402 4688 rationibus
1424 4629 1547 4688 nostris
1571 4631 1812 4706 responderunt

1021 4723 1160 4798 integre,
1182 4737 1221 4784 ao
1241 4724 1452 4799 respondent.
1481 4725 1607 4786 Deinde
1627 4743 1701 4788 cum
1725 4729 1812 4792 inter

1022 4821 1227 4896 spoletanos,
1253 4821 1473 4892 Narnienses,
1499 4824 1756 4900 Cocoronenses‚
1780 4833 1813 4891 et

1021 4917 1189 4994 adjutores
1209 4933 1323 4978 eorum
1339 4933 1382 4978 ex
1396 4919 1491 4994 parte
1505 4935 1583 4992 una,
1600 4923 1634 4982 et
1650 4925 1813 4987 Interam-

1022 5030 1152 5086 nensss‚
1164 5015 1372 5083 Tudertinos,
1382 5015 1584 5091 Fulginates,
1597 5021 1630 5080 et
1642 5021 1811 5098 adjutores

1021 5142 1175 5215 provincias
1191 5140 1267 5216 (quae
1289 5149 1385 5198 tamen
1399 5143 1467 5199 olim
1485 5158 1541 5201 una
1559 5143 1623 5217 fuit)
1637 5147 1811 5207 comitissam

1021 5212 1182 5286 praefuisse:
1193 5212 1268 5284 quod
1280 5219 1308 5270 et
1318 5213 1354 5270 ab
1365 5213 1427 5285 ejus
1437 5221 1517 5286 patre
1527 5217 1681 5286 bonifacio,
1691 5217 1812 5290 aliisque

1019 5293 1086 5340 ante
1107 5299 1172 5341 eum
1193 5284 1369 5410 principibus
1388 5283 1492 5342 factum
1514 5295 1566 5342 est.
1588 5289 1710 5344 intentis
1722 5291 1811 5348 oculis

1020 5354 1166 5426 sequentia
1204 5368 1274 5426 ege,
1304 5369 1367 5426 ause
1400 5370 1562 5428 quanquam
1591 5357 1663 5414 ultra
1696 5367 1810 5418 centum

1021 5439 1139 5481 annosa
1156 5433 1246 5480 morte
1268 5425 1356 5496 ipsius
1373 5425 1515 5482 Mathildis
1530 5427 1633 5498 scripta
1655 5427 1767 5498 fuerint,
1784 5434 1811 5489 ai

1020 5504 1115 5552 tamen
1132 5495 1274 5576 subjectas
1292 5497 1398 5568 aliquot
1411 5497 1479 5553 olim
1494 5504 1584 5554 terras
1601 5500 1628 5554 tn
1642 5513 1676 5556 ea
1693 5502 1811 5574 regione
1902 5501 1906 5511 ’

1021 5574 1116 5638 aparte
1132 5563 1266 5622 indicant.
