4250 6404
307 277 345 334 31
925 269 1100 330 nortona
1123 267 1167 328 111
1190 267 1337 329 crena.
1516 233 1521 247 ’
1917 273 1957 330 ss

305 436 409 497 tetam
425 431 579 495 fiduciam
594 431 790 503 obtinemus,
809 433 843 492 et
862 445 958 510 quem
979 428 1100 492 certis-
1156 428 1269 490 Terrae
1286 427 1428 490 Sanctae.
1444 428 1576 498 Quanto
1588 427 1698 488 autem
1710 429 1958 506 majoresprop-

306 533 389 594 sime
422 531 575 594 novimus
606 545 719 607 regem
747 530 780 591 et
803 543 943 605 regnum
971 528 1101 588 sincera
1156 523 1277 586 terboc
1290 523 1508 586 sustinuimus
1519 539 1695 602 expensas,
1711 524 1957 588 sollicitudines

306 630 446 706 diligere
458 630 608 700 caritate,
622 626 942 690 illucconcessotibi
957 625 1100 702 legatio·
1157 623 1190 682 et
1203 620 1346 694 labores,
1362 621 1453 684 tanto
1476 621 1618 698 amplius
1642 621 1738 684 nobis
1764 624 1897 685 cederet
1915 624 1956 685 ad

306 727 359 788 nis
385 726 506 798 cilicio,
536 727 691 788 duximus
712 724 955 787 destinandum.
984 723 1102 784 Datum
1157 718 1370 795 opprobrium
1391 723 1424 780 et
1450 717 1609 792 dolorem,
1627 719 1655 780 si
1678 719 1793 781 iideles
1819 720 1875 797 qui
1897 737 1958 798 pro

306 823 473 896 Laterani,
490 824 633 886 secundo
655 823 729 884 idus
745 821 952 899 septembris,
969 819 1103 898 pontiti-
1156 815 1229 892 ipso
1243 816 1375 892 negotio
1390 817 1615 892 exposuerunt
1630 831 1684 877 res
1695 817 1863 895 peniteret
1880 833 1959 895 per-

306 923 399 982 catus
414 922 519 984 nostri
534 937 622 982 anno
635 921 743 983 tertio.
790 974 791 980 ,

660 1071 750 1159 XXI

353 1208 406 1268 Ad
419 1211 615 1282 episcopum
624 1208 659 1268 et
670 1207 858 1280 capitutum
871 1205 1051 1266 matiscon.

564 1321 599 1378 27
612 1318 750 1393 septemb.
764 1319 843 1377 lale.
904 1333 910 1346 ·

334 1423 455 1490 [liegest.,
468 1427 515 1478 lib.
528 1427 573 1486 111,
586 1426 658 1491 epist.
669 1425 708 1477 bi.
723 1428 781 1478 uss.
790 1427 827 1476 La
839 1426 915 1476 Parte
925 1425 959 1476 du
970 1423 1042 1476 Theii
1050 1423 1068 1488 .]

307 1539 349 1596 Ne
366 1534 563 1605 alienationes,
581 1533 829 1602 commutationes,
842 1539 890 1589 ant
902 1518 1103 1589 concessiones

422 1625 486 1682 sine
504 1623 630 1696 episcopi
646 1636 789 1680 corrsensu
803 1627 987 1678 attententur.

345 1733 523 1805 Honorius
544 1735 620 1803 etc,
644 1729 830 1793 venerabili
857 1729 989 1792 fratri...
1009 1729 1101 1806 epis-

306 1848 404 1908 copo,
435 1829 565 1892 dilectis
596 1828 676 1889 tiliis
702 1827 847 1905 capitulo
870 1826 1100 1898 Matisconen.,

306 1929 472 2000 salutem,
489 1927 552 1988 etc.

344 2029 462 2098 Quum,
475 2022 689 2084 sicutnostris
699 2023 749 2082 est
755 2021 891 2083 auribus
902 2021 1100 2093 intimatum,

306 2120 456 2185 ecclesiae
478 2120 597 2182 vestrae
624 2118 875 2196 procurationes
897 2119 931 2180 et
954 2117 1102 2178 redditus

305 2232 542 2294 nonnunquam
569 2216 717 2277 alienare
742 2215 914 2291 contingat
940 2214 975 2275 in
996 2214 1103 2290 ipsius

305 2315 456 2379 ecclesiae
476 2315 509 2375 et
533 2313 732 2374 servitorum
758 2315 829 2388 ejus
849 2327 915 2372 non
939 2311 1103 2374 modicam

305 2413 489 2483 laesionem,
517 2427 579 2472 nos
608 2425 708 2487 super
730 2408 794 2470 boc
820 2409 932 2470 debita
954 2410 1103 2472 volentes

305 2509 529 2574 sollicitudine
545 2507 731 2586 providere,
746 2507 943 2568 auctoritate
956 2523 1105 2584 praesen-

304 2609 387 2670 tium
404 2605 602 2676 inhibemus,
617 2621 659 2664 ne
672 2602 906 2682 praedictorum
927 2605 1104 2667 alienatio-

306 2721 376 2777 nes
395 2704 465 2765 sive
489 2691 773 2775 commutationes,
800 2701 856 2764 aut
872 2703 1103 2764 concessiones

309 2803 350 2864 ad
367 2801 494 2862 sirmam
516 2799 557 2861 de
580 2801 701 2860 caetero
725 2799 927 2860 attententur
946 2799 1018 2861 sine
1032 2801 1101 2872 tuo,

308 2897 412 2961 irater
422 2897 586 2975 episcope,
599 2895 739 2958 consilio
751 2897 963 2968 etconsensu,
972 2896 1103 2959 irritum

219 3036 223 3047 .
305 2995 536 3066 decernentes,
568 2993 597 3053 si
625 2991 703 3069 quid
730 2992 845 3053 contra
870 2992 1103 3055 inhibitionem

305 3093 453 3154 nostram
468 3090 568 3151 luerit
585 3089 791 3160 attentatum,
806 3089 883 3151 dum
896 3091 1007 3152 tamen
1023 3105 1104 3152 con-

305 3188 445 3250 suetudo
461 3187 611 3249 ecolesiee
628 3201 694 3248 non
709 3188 882 3264 repugnet.
898 3188 991 3250 Nulli
1010 3191 1100 3265 ergo,

307 3289 382 3358 etc,
417 3286 539 3347 nostrae
574 3283 801 3372 concessionis
829 3284 863 3348 et
894 3284 1103 3347 inhibitionis

304 3383 499 3460 intringere,
522 3383 584 3444 etc.
609 3382 644 3444 Si
659 3383 733 3459 quis
748 3384 870 3456 autem,
896 3383 958 3444 etc.
984 3385 1102 3446 Datum

304 3481 471 3553 Laterani,
491 3479 695 3541 Vkalendas
716 3479 872 3554 octobris,
892 3481 1103 3557 pontificatus

307 3578 411 3640 nostri
427 3592 515 3638 anno
525 3571 652 3641 tertio.

651 3719 762 3806 XXII

299 3897 303 3904 .
382 3856 434 3914 Ad
454 3855 738 3928 archiepiscopos,
765 3857 942 3930 epscopos
959 3869 1024 3929 per

482 3952 692 4025 Hispaniam
704 3951 917 4014 constitutos.

613 4063 701 4122 boet.
720 4063 798 4122 1218.
826 4127 828 4131 ,

424 4168 576 4234 [bunarium
589 4168 752 4230 Vaticanum,
762 4170 807 4232 111,
817 4171 931 4235 append.
941 4171 994 4237 aa]

304 4267 406 4326 Scribit
415 4265 451 4323 de
466 4267 593 4324 exercitu
614 4266 770 4325 christiano
785 4269 952 4341 inpartibus
966 4277 1104 4329 transma-

338 4355 408 4413 rinis
426 4355 576 4412 existente.
604 4357 737 4428 precipit
759 4363 789 4413 ut
804 4357 1016 4431 lluguiclcnern
1034 4360 1102 4417 sub·

338 4441 491 4500 diaconum
519 4449 547 4498 et
565 4442 745 4513 capellanum
769 4459 852 4502 suum
881 4453 911 4503 et
932 4447 1103 4520 magistmm

339 4529 482 4591 cinthium
497 4529 693 4604 presbyterum
708 4531 835 4590 basilice
857 4533 996 4607 Principis
1015 4551 1100 4608 epos·

294 4611 297 4618 '
339 4620 472 4690 totorum,
490 4619 654 4689 canonicos,
675 4618 712 4678 ad
737 4621 815 4693 ipsos
837 4637 888 4695 pro
915 4622 1103 4680 subventione

339 4709 481 4766 exercitus
492 4707 648 4781 supradicti
658 4707 815 4768 destinatos
825 4709 951 4768 habeant
959 4726 1103 4770 commen·

339 4795 663 4868 datos,vicesimamque
676 4798 769 4870 ipsam
781 4804 810 4854 et
821 4797 957 4856 Ecclesia
966 4801 1102 4858 Romanae

339 4900 444 4942 ceneris
458 4885 520 4942 sine
529 4882 695 4943 diillcultate
708 4886 868 4960 assignent.

1157 928 1269 985 sonas,
1286 928 1345 991 pro
1359 928 1469 975 rerum
1494 903 1655 975 deiectus
1679 929 1740 975 suo
1759 917 1959 990 cogerentur

1157 1011 1326 1088 proposito
1351 1005 1492 1074 resilire.
1523 1015 1610 1072 Sane
1628 1011 1830 1073 venerahilis
1854 1011 1960 1075 irater

1158 1108 1307 1169 noster...
1325 1108 1515 1186 patriarcba
1528 1111 1561 1170 et
1572 1108 1764 1170 carissimus
1777 1109 1811 1169 in
1827 1110 1959 1172 Christo

1158 1204 1246 1267 tilius
1262 1208 1375 1268 noster
1388 1209 1535 1268 ioannes
1547 1206 1687 1268 illustris
1698 1223 1759 1268 rex
1770 1207 1960 1284 Hierosoly·

1158 1303 1313 1376 mitanuS,
1324 1304 1475 1380 magistri
1487 1319 1616 1383 qnoque
1627 1303 1808 1381 Hospitalis
1821 1305 1960 1366 etTem-

1158 1401 1245 1478 pliet
1252 1401 1400 1462 universi
1411 1402 1578 1480 principes
1594 1405 1626 1463 et
1633 1401 1776 1464 barones
1791 1403 1959 1464 exercitus

1159 1498 1334 1561 christiani
1343 1499 1558 1561 existentisin
1566 1497 1959 1576 partibustransmarinis

1159 1595 1227 1655 suis
1242 1594 1338 1656 nobis
1353 1595 1472 1656 litteris
1495 1577 1692 1657 intimarunt
1711 1595 1797 1674 quod
1810 1596 1878 1657 tam
1892 1595 1958 1656 im-

1158 1692 1338 1770 portabiles
1368 1707 1533 1769 expensas
1561 1691 1672 1754 iacere
1701 1693 1954 1770 compelluntur,

1157 1790 1225 1850 tum
1241 1789 1277 1850 in
1290 1789 1454 1851 machinis
1465 1791 1497 1852 et
1506 1789 1623 1866 galeis,
1632 1792 1700 1853 tum
1711 1791 1747 1852 in
1760 1790 1826 1852 alio
1835 1788 1957 1852 bellico

1158 1888 1331 1964 apparatu,
1346 1887 1432 1964 quod
1448 1887 1513 1947 nisi
1528 1887 1569 1948 ad
1585 1902 1642 1948 eas
1658 1887 1826 1949 iaciendas
1842 1888 1958 1949 subve-

1158 1983 1289 2044 niamus
1304 1983 1440 2056 eisdem,
1451 1999 1508 2045 eas
1519 1982 1872 2061 nullatenuspoterunt
1887 2003 1958 2046 sus·

1157 2079 1275 2152 tinere,
1307 2079 1363 2142 sed
1387 2095 1453 2142 non
1475 2079 1599 2159 absque
1623 2079 1835 2151 contusione,
1869 2083 1957 2161 quod

1158 2177 1316 2239 Dominus
1332 2178 1470 2250 avertat,
1483 2177 1524 2240 ab
1536 2178 1681 2256 inooepto
1692 2176 1853 2240 desistere
1865 2195 1957 2240 com-

1157 2274 1336 2352 pelluntur.
1360 2275 1440 2337 Cum
1469 2276 1579 2337 autem
1594 2291 1653 2354 pro
1669 2275 1803 2353 navigio
1828 2279 1954 2339 Roma-

1158 2387 1287 2445 norum,
1304 2371 1339 2434 in
1359 2389 1423 2450 quo
1445 2372 1533 2434 ultra
1551 2373 1671 2449 viginti
1696 2373 1802 2435 miliia
1824 2390 1957 2436 marca-

1158 2486 1232 2531 rum
1263 2471 1392 2546 argenti
1422 2468 1640 2548 expendimus
1672 2487 1804 2534 camera
1841 2474 1956 2534 nostra

1158 2581 1242 2643 pene
1268 2567 1400 2643 penitus
1416 2566 1459 2627 sit
1478 2567 1652 2639 exhausta,
1670 2583 1731 2628 nec
1744 2567 1785 2628 de
1798 2567 1857 2630 iila
1871 2585 1953 2646 pos-

1158 2663 1262 2724 simus
1274 2663 1401 2724 eisdem
1413 2665 1633 2742 opportunum
1651 2664 1835 2726 subsidium
1849 2667 1952 2728 mini-

1159 2761 1275 2833 strare,
1293 2761 1529 2840 Hispaniarum
1546 2762 1750 2836 vicesimam,
1768 2764 1951 2825 secundum

1159 2857 1400 2920 ordinationem
1411 2859 1549 2920 Corrcilii
1564 2860 1732 2936 generalis
1745 2861 1951 2938 providimus

1158 2955 1434 3032 congregandam,
1464 2958 1500 3018 ut
1526 2957 1761 3019 subveniamus
1790 2960 1952 3021 exercitui

1159 3053 1359 3130 supradicto.
1385 3054 1528 3116 Dilectos
1559 3055 1671 3133 itaque
1702 3055 1789 3118 tilios
1825 3056 1957 3132 Hugui-

1158 3151 1298 3224 cionem,
1315 3149 1552 3214 subdiaconum
1567 3154 1600 3215 et
1623 3153 1854 3231 cappellanum
1870 3170 1953 3215 nos-

1156 3250 1245 3310 trum
1260 3249 1293 3310 et
1314 3250 1508 3326 magistrum
1532 3250 1700 3313 cinthium
1723 3236 1953 3329 'presbyterum

1157 3344 1306 3408 basilicae
1336 3346 1495 3425 principis
1524 3348 1758 3426 apostolorum,
1775 3349 1956 3410 canonicos
1983 3385 1986 3392 ‚

1158 3443 1281 3506 latores
1301 3446 1527 3523 praesentium,
1549 3446 1638 3507 viros
1660 3447 1774 3524 utique
1797 3446 1954 3524 providos

1158 3543 1191 3603 et
1201 3541 1327 3614 fideles,
1340 3559 1379 3604 ac
1394 3542 1489 3605 nohis
1502 3546 1534 3606 et
1547 3542 1704 3604 iratribus
1719 3543 1842 3605 nestris
1857 3560 1953 3605 caros

1158 3639 1228 3702 suis
1241 3641 1450 3718 exigentibus
1464 3641 1591 3702 meritis
1599 3642 1632 3703 et
1642 3645 1806 3720 acceptos,
1821 3642 1862 3702 ad
1875 3657 1957 3718 par-

1157 3737 1207 3799 tes
1233 3738 1360 3800 vestras
1379 3754 1439 3815 pro
1465 3737 1655 3815 hujusmodi
1683 3738 1816 3813 negotio
1848 3737 1957 3800 desti-

1158 3835 1286 3908 nantes,
1303 3833 1553 3897 universltatem
1575 3835 1719 3896 vestram
1731 3851 1902 3897 monemus
1915 3852 1955 3897 ac

1158 3948 1314 4008 rogamus
1342 3933 1477 4004 attente,
1503 3948 1542 3992 ac
1565 3947 1626 4008 per
1645 3932 1836 4009 apostolica
1859 3931 1955 3996 vobis

1159 4031 1281 4106 scripta
1303 4029 1524 4107 praecipimus,
1546 4030 1710 4107 quatenus
1730 4031 1819 4108 ipsos
1834 4029 1875 4092 ob
1901 4046 1957 4092 re-

1158 4126 1340 4188 verentiam
1378 4128 1525 4188 nostram
1561 4126 1720 4189 habentes
1758 4129 1956 4205 propensius

1158 4223 1414 4296 commendatos,
1431 4225 1546 4301 eisque
1565 4225 1601 4284 in
1617 4239 1734 4288 securo
1745 4224 1909 4287 conductu
1922 4226 1955 4287 et

1158 4320 1234 4383 aliis
1247 4321 1446 4383 necessariis
1461 4321 1615 4384 hilariter
1629 4322 1852 4400 providentes,
1867 4323 1953 4384 vioe-

1159 4419 1275 4480 simam
1290 4420 1397 4497 ipsam
1410 4421 1444 4482 et
1470 4420 1628 4484 Ecclesiae
1654 4423 1812 4482 Romanae
1834 4436 1956 4482 census

1158 4518 1230 4578 sine
1256 4516 1450 4579 difficultate
1465 4517 1643 4593 assignetis
1658 4517 1793 4579 eisdem.
1817 4515 1908 4588 Quod
1926 4517 1957 4577 si

1158 4614 1214 4692 qui
1233 4612 1317 4674 forte
1342 4630 1377 4675 se
1397 4613 1432 4674 in
1452 4614 1586 4674 illorum
1610 4613 1775 4675 solutione
1801 4613 1956 4677 diitlciles

1157 4709 1372 4773 exhibuerint
1384 4710 1437 4772 vel
1448 4709 1599 4782 rebelles,
1611 4727 1671 4774 vos
1685 4709 1805 4788 iratres
1820 4711 1955 4774 archie-

1157 4807 1284 4886 piscopi
1301 4809 1334 4870 et
1352 4807 1510 4886 episcopi,
1528 4807 1653 4886 singuli
1666 4823 1735 4869 suae
1742 4807 1955 4885 juridictioni

1157 4906 1301 4984 objectos
1318 4906 1417 4978 adid,
1434 4922 1509 4968 curn
1524 4905 1565 4966 ab
1580 4905 1629 4966 eis
1642 4905 1772 4967 fueritis
1787 4907 1953 4984 requisiti,

343 5001 1099 5084 Honorius,etc,archiepiscopisetepiscopis,
1156 5020 1216 5082 per
1249 5020 1410 5066 censuras
1446 5002 1701 5076 ecclesiasticas,
1731 5005 1956 5082 appellatione

248 5169 250 5172 ,
303 5099 487 5173 abbatibus,
512 5100 681 5178 prioribus
701 5117 740 5162 ac
755 5101 903 5176 praelatis
921 5105 956 5162 et
970 5102 1101 5163 clericis
1156 5101 1348 5180 postposita,
1362 5099 1744 5179 compellatis.Alioquin
1756 5103 1956 5166 sententiam

302 5198 481 5271 universis,
496 5199 564 5260 tam
577 5198 739 5276 exemptis
751 5213 850 5274 quam
862 5197 939 5258 aliis
953 5215 1013 5276 per
1028 5201 1102 5261 His·
1157 5216 1255 5278 quam
1269 5199 1342 5277 ipsi,
1368 5199 1422 5260 vel
1442 5213 1557 5261 eorum
1574 5199 1660 5264 alter
1678 5199 1815 5262 tulerint
1829 5200 1863 5260 in
1877 5215 1956 5261 eos·

303 5297 647 5374 paniamconstitutis.
1157 5298 1242 5369 dem,
1268 5297 1480 5376 praecipimus
1505 5297 1666 5376 usquead
1694 5295 1955 5359 satisfactionem

343 5395 402 5456 Ille
418 5394 508 5456 solus
524 5395 580 5472 qui
593 5399 644 5456 est
660 5394 806 5456 omnium
824 5395 976 5472 cognitor
990 5413 1102 5458 secre-
1156 5395 1354 5473 condignam
1369 5395 1508 5457 tirmiter
1522 5395 1704 5458 observari.
1721 5395 1840 5456 Datum
1856 5397 1956 5472 Late-

302 5493 516 5555 torumnovit
530 5491 717 5553 anxietates
732 5493 1003 5572 continuasquas
1017 5497 1102 5557 tem-
1156 5495 1242 5568 rani,
1270 5494 1370 5556 tertio
1408 5509 1515 5556 nonas
1543 5491 1705 5564 octobris,
1740 5493 1954 5568 pontificatus

302 5606 382 5666 pore
413 5594 483 5668 jam
512 5590 610 5664 longo
642 5589 838 5665 pertulimus
871 5607 932 5668 pro
968 5593 1101 5670 negotio
1158 5593 1487 5656 nostriannotertio.
