4280 6404
147 309 207 374 alt

148 455 311 557 ecclesiae]
328 449 418 549 post⁴
439 465 538 531 linem
567 469 666 550 hujus
699 470 776 531 vitae
793 466 942 530 'italicam

148 571 245 630 novis
287 582 465 630 coruscare
507 569 690 656 miraculis,
719 567 820 656 capiti
857 563 940 644 ejus,

149 663 281 727 Christo
293 665 458 737 videlicet,
475 678 540 726 non
553 667 665 742 cupiat
675 662 943 740 inseparabiliter
1054 729 1059 738 ,

149 764 334 837 adhaerere,
349 763 483 836 ultanus
499 763 636 838 spiritus
659 763 702 823 sit
727 777 865 831 camec,
886 763 944 822 aut

148 847 312 937 quornodo
343 859 375 920 ei
403 859 554 938 obsequi,
574 846 760 935 denegabit,
792 859 847 936 qui
880 859 943 918 sibi

149 955 407 1035 obsequentibus
422 947 505 1018 dans
520 958 671 1044 virtutes,
692 958 785 1017 tanta
807 956 943 1036 praemia

149 1055 322 1136 elargitur,
338 1056 374 1116 ut
389 1055 540 1115 haeredes
556 1053 687 1131 quidem
703 1055 772 1122 Dei,
795 1053 945 1116 cohaere-

148 1149 208 1212 des
218 1155 329 1214 autem
341 1151 462 1213 Christi
474 1151 582 1212 effecti
594 1151 710 1227 gloriae
718 1151 813 1226 regni
822 1151 943 1211 111111-

148 1249 356 1325 tisinsignia,
366 1263 464 1326 qnam
478 1248 619 1310 feciliter
636 1245 796 1320 obtinent,
805 1250 944 1308 miracu-

149 1347 221 1408 lose
236 1348 385 1408 revelent
398 1347 432 1407 in
447 1345 557 1418 terris,
572 1347 602 1409 si
617 1346 775 1423 quidquid
788 1345 946 1422 petierint

148 1445 287 1505 flateisl
315 1447 402 1504 Sane
439 1443 564 1520 gratias
593 1444 722 1519 agimus
759 1443 943 1520 gratiarum

149 1535 491 1618 omnium'largitori,
516 1541 602 1618 quod
625 1539 711 1602 sicut
733 1556 777 1600 ex
811 1541 942 1610 vestris,

149 1638 269 1700 fratres
283 1638 530 1714 archiepiscope
545 1640 578 1698 et
596 1639 761 1714 episcope,
779 1653 818 1697 ac
842 1625 946 1698 vene·

149 1736 268 1796 rabilis
293 1735 406 1797 fratris
429 1735 534 1796 nostri
557 1717 739 1795 Eboracen.
760 1734 946 1811 archiepis-

150 1834 237 1909 copi,
254 1847 383 1894 necnon
398 1831 541 1893 aliorum
555 1833 701 1892 omnium
715 1833 944 1908 episcoporum

150 1931 293 2005 ltngliae,
328 1925 449 1992 litteris
489 1929 551 1991 luit
597 1929 784 2006 expositum
833 1944 945 1990 coram

152 2027 261 2100 nobis,
277 2028 418 2104 gratiam
441 2029 474 2089 et
501 2027 642 2103 gloriam
667 2027 748 2087 dans
773 2026 943 2098 Dominus

151 2127 247 2186 tanta
267 2127 390 2188 sanctae
417 2125 586 2185 memoriae
612 2126 785 2200 Hugonem
813 2125 947 2184 Lincol-

146 2224 302 2284 :niensem
322 2223 513 2299 episcopum
532 2223 703 2298 praevenit,
718 2223 752 2283 et
770 2221 945 2282 subsecuta

147 2324 203 2382 esi
218 2320 337 2396 gratia,
350 2322 387 2382 ut
400 2320 521 2380 multas
539 2335 598 2397 per
612 2335 688 2379 enm
710 2319 745 2378 in
759 2319 828 2380 vita
843 2317 946 2394 ipsius

151 2419 293 2480 virtutes
313 2417 509 2493 dignaretur
527 2415 726 2478 mirabiliter
749 2415 892 2492 operari,
915 2415 943 2475 ei

148 2532 243 2579 nunc
258 2515 383 2577 'diebus
403 2515 483 2576 ‘istis
508 2515 602 2578 tanta
637 2527 712 2574 eum
749 2513 947 2574 clarificavit

151 2613 316 2689 gloria‚ut
328 2612 520 2674 addendam
532 2609 944 2686 scientiamprimaestolae,

151 2713 258 2774 beatae
271 2710 534 2772 immortalitatis
548 2709 654 2786 ipsim
674 2708 873 2785 sepulcrum,
891 2705 945 2766 ubi

153 2817 273 2884 corpus
302 2807 493 2884 requiescit,
519 2806 666 2883 ejusdem
696 2805 780 2867 stola
814 2804 946 2865 tandem

153 2903 410 2967 beatificandum
420 2904 575 2974 secunda,
588 2903 709 2964 divinis
721 2903 821 2964 iaciat
831 2917 949 2963 corus-

148 3019 231 3064 care
257 3003 439 3073 miraculis,
461 3003 507 3062 ita
528 3001 622 3078 quod
650 3003 722 3078 ejus
749 3001 836 3062 inter
863 2999 947 3059 alios

149 3102 286 3160 sanctos
298 3110 363 3160 non
372 3099 521 3160 invocari
535 3098 696 3173 sumagia
709 3099 752 3158 sit
761 3097 945 3172 indignum,

154 3193 946 3280 cumlucernasupercandelabrumsitponenda,

153 3297 190 3355 ul
204 3309 318 3354 omnes
335 3293 391 3369 qui
406 3293 531 3355 suntin
546 3291 644 3353 domo
654 3278 765 3369 ipsius
782 3289 949 3367 gaudeant

154 3389 315 3451 beneficio
331 3389 503 3451 claritatis.
520 3391 629 3461 Quare
644 3388 739 3450 nobis
754 3389 817 3449 luit
839 3387 950 3447 hnmi-

153 3489 234 3550 liter
247 3487 479 3564 supplicatum,
497 3489 534 3548 ut
543 3501 618 3547 eum
630 3488 820 3546 sanctorum
834 3485 950 3546 catha-

154 3585 232 3660 logo
248 3584 433 3647 laceremus
457 3583 614 3655 adscribi,
629 3583 682 3644 vel
707 3582 825 3643 saltem
851 3595 950 3659 super

155 3683 338 3760 praemissis
352 3682 522 3758 inquirere
541 3680 734 3756 diligentius
762 3680 947 3742 veritatem.

155 3779 248 3841 Licet
260 3781 363 3856 igitur
373 3781 422 3841 tot
436 3779 469 3841 et
482 3767 652 3841 tantorum
665 3765 865 3840 testimoniis
884 3777 950 3854 ple-

155 3891 233 3936 nam
262 3876 359 3937 iidem
385 3889 447 3944 nos
473 3875 588 3936 deceat
615 3874 784 3946 adhihere,
801 3873 949 3935 volentes

156 3977 268 4034 tamen
284 3973 317 4033 in
328 3958 396 4034 tam
415 3959 518 4033 ardiso
533 3972 619 4033 iacto
635 3989 709 4033 curn
729 3963 819 4032 omui
842 3970 951 4031 matu-

158 4071 256 4132 ritate
288 4069 478 4147 procedere,
506 4069 701 4130 discretioni
737 4070 856 4129 vestrae
892 4081 951 4144 per

156 4167 348 4244 apostolica
358 4169 471 4228 nostra
483 4168 605 4244 scripta
621 4167 827 4236 mandamus,
840 4166 951 4241 quate

158 4280 219 4324 nus
233 4266 301 4325 tam
317 4279 416 4341 super
429 4265 498 4325 vita
511 4247 513 4256 ¹
527 4264 676 4341 praedicti
705 4262 825 4330 sancti,
852 4277 950 4337 quam

157 4359 329 4422 miraculis
345 4362 423 4422 ante
438 4363 576 4422 mortem
592 4361 625 4423 et
639 4358 875 4437 postmortem,
890 4373 952 4418 nec

157 4473 223 4518 non
239 4457 316 4518 aliis
331 4457 521 4536 hujusmodi
534 4458 660 4532 negotii
689 4453 951 4517 circumstantiis

157 4555 334 4630 inquiratis
366 4553 560 4630 diligentius
586 4555 772 4624 veritatem,
807 4553 840 4613 et
879 4567 952 4629 quae

157 4651 366 4723 inveneritis,
395 4651 490 4712 nobis
516 4652 660 4712 fideliter
685 4649 888 4717 rescribatis,
917 4649 953 4710 ut

158 4765 217 4826 per
229 4752 374 4810 vestram
389 4749 587 4810 relationem
611 4747 765 4810 instructi
791 4745 953 4824 proceda·

158 4860 232 4907 mus
244 4846 375 4914 exinde,
393 4849 491 4924 prout
506 4847 686 4907 secundum
695 4849 810 4915 Deum,
825 4844 954 4916 videri-

157 4959 231 5004 mus
245 4930 499 5020 procedendum.
510 4933 607 5020 ,Quod
623 4945 651 5004 si
668 4959 733 5004 non
759 4959 875 5003 omnes
901 4942 953 5002 liis

158 5041 379 5118 exsequendis
403 5040 578 5118 potueritis
604 5027 778 5111 interesse,
793 5039 857 5100 duo
878 5027 955 5100 ves‘-

158 5131 245 5200 trum
260 5153 299 5199 ea
313 5132 538 5208 nihilominus
547 5139 781 5215 exsequantur.

199 5234 317 5295 Datum
350 5237 475 5306 Romae,
504 5235 590 5311 apud
621 5237 777 5296 Sanctum
807 5237 952 5301 Petrum,

159 5332 275 5408 quinto
298 5331 459 5393 kalendas
488 5333 579 5403 maii,
609 5331 819 5410 pontificatus
849 5329 954 5393 nostri

161 5427 371 5490 aniiotertio.

765 309 993 400 nrisronn.
1017 309 1093 371 nra.
1120 283 1182 370 m(

1733 293 1799 373 ala

1272 441 1274 448 ’
1326 466 1462 590 11111
1550 561 1553 568 ,

1014 605 1069 668 Ad
1083 605 1290 678 episcopam,
1305 605 1533 680 praepositum
1552 603 1586 664 et
1603 567 1771 666 decultum
1852 571 1860 578 ’

1263 699 1519 788 atrebatenses.

1149 867 1151 872 ,
1252 813 1524 884 camillano.
1571 847 1593 888 3..
1644 857 1645 862 .

1005 951 1013 959 .
1026 906 1204 971 ¹[liegest.,lib.
1215 908 1254 970 lli,
1265 908 1339 972 epist.
1350 909 1474 960 1111111.
1486 911 1522 965 La
1531 909 1609 973 Porta
1619 911 1655 967 du
1667 909 1763 980 111111]

998 1004 1114 1062 Mandat
1133 1013 1164 1062 ut
1187 1007 1331 1077 requirant
1354 1007 1685 1078 diligentem-veritatem
1709 1023 1797 1082 super

1034 1092 1226 1152 insinuatione
1241 1095 1428 1166 quorumdam
1451 1094 1657 1176 inonachorum
1676 1112 1795 1178 mones·

1034 1183 1068 1238 rii
1083 1183 1179 1250 sancti
1191 1181 1314 1240 Andreae
1327 1182 1361 1240 de
1378 1183 1509 1242 testeus.

1039 1291 1217 1361 Honorius,
1242 1292 1318 1367 etc,
1347 1291 1531 1352 venerabili
1552 1291 1798 1370 tratri..‚·epis5

999 1403 1119 1464 copo...
1135 1387 1314 1464 praeposito
1336 1390 1406 1449 et...
1423 1387 1554 1450 decano·
1562 1389 1752 1466 atrebaten.
1775 1415 1794 1468 '3

1005 1519 1011 1558 ,ι
1041 1487 1107 1546 Sua
1122 1485 1217 1546 nobis
1238 1488 1273 1544 Ρ.
1295 1488 1332 1546 G.
1354 1489 1392 1547 R.
1410 1486 1442 1547 et
1457 1489 1493 1548 G.
1511 1485 1665 1547 monachi
1680 1488 1796 1550 Sancti

999 1582 1139 1642 Andreae
1162 1581 1202 1645 da
1228 1581 1370 1643 castello
1385 1599 1446 1658 pro
1472 1598 1518 1655 se,
1539 1582 1797 1663 acquiliusdam

999 1680 1075 1740 aliis
1090 1679 1238 1755 eJnsdem
1254 1680 1448 1742 monasterii
1465 1681 1637 1742 monachis
1649 1681 1798 1743 insinua-

999 1777 1090 1842 tione
1104 1777 1340 1849 monsirarunt,
1363 1776 1449 1852 quod
1464 1793 1538 1840 cum
1556 1777 1644 1840 inter
1655 1777 1799 1854 praedic-

999 1877 1068 1934 tnm
1082 1872 1319 1934 monasterium
1334 1874 1367 1934 et
1379 1875 1409 1933 J.
1425 1874 1696 1934 archidiaconum
1708 1875 1798 1936 Lau-e

1000 1970 1120 2030 11111111.
1133 1984 1232 2045 super
1249 1970 1344 2030 curte
1358 1969 1399 2028 de
1414 1970 1512 2030 Besni
1530 1985 1604 2046 cum
1620 1969 1794 2046 portinen-

1000 2067 1056 2128 tiis
1070 2067 1140 2128 suis
1150 2081 1300 2127 coram...
1313 2065 1438 2126 decano
1447 2068 1658 2128 cameracen.
1669 2067 1704 2128 et
1715 2083 1797 2128 con-

996 2162 1164 2242 judicibus
1174 2163 1242 2224 suis
1256 2162 1798 2240 anctoritateApostolicaquaestio

1001 2263 1198 2332 verteretur,
1223 2259 1326 2320 abbas
1350 2275 1390 2320 ac
1414 2259 1547 2336 quidam
1569 2259 1628 2320 alii
1643 2260 1798 2320 monachi

1002 2357 1149 2436 ejusdem
1177 2355 1371 2418 monasterii
1402 2371 1502 2432 super
1532 2359 1626 2418 curte
1655 2357 1795 2433 praelata

1001 2454 1270 2532 compositionem
1285 2453 1460 2531 quamdam
1475 2452 1611 2514 minime
1630 2453 1798 2516 monaste-

1001 2553 1052 2614 rio
1074 2551 1211 2628 praelato
1236 2551 1429 2612 damnosam
1452 2537 1527 2610 cuin
1542 2551 1658 2612 eodem
1682 2550 1798 2612 archi-

1001 2648 1141 2709 diacono
1156 2649 1205 2710 eis
1229 2661 1296 2708 non
1315 2646 1598 2709 consentientibus
1611 2647 1723 2722 utpote
1740 2647 1796 2723 qui

1002 2745 1147 2808 nondum
1169 2744 1363 2820 religionem
1389 2744 1611 2816 intraverant,
1632 2743 1793 2815 inserunt,

1002 2842 1171 2904 firmantes
1192 2843 1301 2919 'ipsam
1324 2839 1458 2918 proprio
1473 2843 1674 2917 juramento.
1701 2839 1795 2901 Unde

1002 2957 1076 3002 cum
1104 2940 1190 3000 sicut
1208 2939 1362 3012 asserunt
1386 2938 1566 2999 enormiter
1592 2937 1733 2998 laedatur
1755 2953 1798 2997 ex

1001 3039 1065 3100 hoc
1093 3037 1332 3098 monasterinm
1361 3035 1584 3105 antedictum,
1616 3034 1650 3095 et
1683 3034 1798 3095 venire

1002 3135 1117 3200 contra
1135 3149 1202 3196 nou
1216 3132 1355 3197 audiant
1370 3131 1450 3203 alii,
1466 3131 1526 3208 qui
1544 3133 1715 3208 jurarunt,
1733 3130 1798 3207 ipsi

1002 3227 1503 3307 humiliterpostularuutnobis,
1512 3228 1549 3289 ut
1560 3229 1690 3305 aperire
1700 3243 1800 3305 super

1003 3329 1055 3389 his
1077 3327 1276 3406 apostolicae
1293 3325 1494 3404 provisionis
1510 3325 1623 3386 oculos
1643 3323 1801 3409 dignare-¹

1003 3443 1087 3488 mur.
1101 3413 1225 3486 Verum
1237 3423 1315 3490 licet
1329 3421 1701 3500 propterjusjurandum
1712 3437 1801 3498 prae-

1004 3523 1100 3585 dictis
1122 3521 1385 3599 supplicantibus
1413 3519 1564 3580 difficiles
1586 3535 1606 3580 a
1635 3519 1798 3596 principio

1004 3619 1193 3687 fuissemus,
1208 3618 1286 3696 quia
1301 3619 1412 3679 tamen
1427 3618 1460 3678 id
1472 3632 1507 3676 se
1522 3615 1712 3677 obtulerunt
1726 3616 1799 3676 cla-

1003 3719 1051 3779 ris
1065 3715 1315 3795 probationibus
1342 3716 1551 3785 ostensuros,
1568 3729 1609 3774 ne
1635 3713 1674 3774 de
1695 3712 1799 3774 nimio

1004 3831 1174 3892 possemus
1198 3815 1309 3888 rigore
1333 3812 1501 3888 redargui,
1523 3826 1579 3872 eos
1608 3809 1740 3870 tandmn
1765 3809 1800 3888 in

1004 3915 1067 3996 lioc
1098 3911 1171 3990 post
1201 3927 1261 3972 nos
1294 3910 1529 3971 exaudiremus
1559 3901 1799 3982 acclamantes,

1005 4010 1041 4072 ut
1054 4011 1226 4072 videamus
1241 4024 1350 4084 quam,
1364 4007 1506 4084 qualem,
1520 4006 1744 4082 quantumque
1760 4003 1801 4082 de
1872 4075 1880 4088 ,

1005 4107 1198 4187 praemissis.
1214 4106 1374 4176 Quocirca
1390 4101 1582 4163 discretioni
1602 4102 1721 4162 vestrae
1741 4115 1802 4175 per

1005 4202 1194 4282 apostolica
1204 4202 1329 4278 scripta
1344 4199 1552 4268 mandamus,
1565 4199 1727 4274 quatenus
1742 4195 1800 4256 in·
1886 4186 1888 4194 ’

1006 4301 1128 4378 quisita
1153 4314 1254 4379 super
1287 4299 1340 4358 his
1368 4297 1511 4358 sollicite
1535 4295 1686 4365 veritate,
1714 4292 1801 4370 quod

1006 4397 1201 4460 inveneritis
1217 4411 1277 4473 per
1295 4395 1424 4456 vestras
1439 4393 1535 4455 nobis
1549 4392 1678 4452 litteras
1699 4405 1804 4467 expo-

1005 4495 1105 4566 natis,
1122 4495 1159 4556 ut
1182 4493 1363 4554 secundum
1387 4495 1490 4552 Deum
1513 4489 1687 4567 providere
1703 4503 1804 4564 snper

1007 4593 1070 4658 hoe
1083 4593 1149 4670 ipsi
1167 4590 1369 4652 monasterio
1390 4589 1572 4652 valeamus.
1595 4587 1711 4646 Partes
1738 4602 1803 4645 au-

1006 4692 1170 4760 temeto.
1197 4679 1287 4760 Qu‘od
1316 4689 1345 4748 si
1363 4703 1430 4748 non
1454 4701 1578 4756 omnes
1600 4684 1661 4772 eto.
1685 4683 1803 4766 Datum

1007 4791 1124 4855 Romae
1144 4786 1231 4866 apud
1255 4785 1412 4846 Sanctum
1428 4785 1575 4850 Petrum,
1599 4780 1713 4857 quinto
1733 4779 1801 4842 1111.

1008 4886 1099 4956 maii,
1115 4899 1204 4946 anno
1219 4883 1330 4946 tertio.

1187 5027 1190 5034 ’
1223 5035 1241 5050 ·’
1328 5004 1486 5093 ccviii

1055 5133 1107 5194 Aa
1128 5123 1423 5206 archiepiscopum
1438 5131 1755 5204 Rotamnupcosem.

1289 5234 1423 5306 19111111.
1446 5232 1524 5290 ¹219.

1036 5333 1157 5400 [Regest.,
1168 5327 1213 5382 lili.
1225 5331 1270 5389 ill,
1282 5331 1355 5396 epist.
1369 5329 1424 5379 lla.
1438 5329 1494 5378 lllss.
1506 5329 1628 5378 La'Porte
1637 5325 1669 5375 du
1687 5323 1781 5388 Tacit]

1011 5433 1046 5490 Ut
1068 5413 1179 5488 studeat
1195 5429 1328 5487 ordinare
1350 5429 1522 5485 monasteria
1543 5433 1571 5481 et
1595 5424 1730 5480 ecclesias
1745 5437 1805 5479 sum

1125 5511 1259 5568 diaecesis
1271 5507 1428 5566 monadum
1446 5513 1548 5564 statuta
1565 5503 1687 5561 concilii.

947 5612 949 5620 '
1053 5619 1319 5688 Honoriusetc„
1334 5613 1515 5678 venerabili
1535 5611 1666 5672 tratri...
1682 5609 1810 5670 11111111-
1855 5619 1866 5628 ·
