4248 6410
1928 235 1976 289 to
1989 237 2004 290 1

338 236 398 296 tos
950 233 1134 328 'noxotttl
1157 233 1202 294 111
1221 233 1369 296 OPERA.

338 395 480 460 Domino
494 393 567 468 dlii,
592 393 712 458 restris
729 394 830 474 iustis
851 393 1130 472 postulationibus
1183 393 1309 454 siarum
1331 390 1490 470 praelatis,
1511 389 1553 453 ad
1571 406 1654 468 qnos
1674 391 1794 453 litterae
1818 388 1893 453 istae
1914 408 2004 470 per*

338 497 434 570 mato
449 495 685 556 concurrentes
699 507 850 564 assensn,
862 493 1060 554 anctoritate
1075 509 1131 552 ro-
1183 491 1345 560 senerint,
1370 487 1511 550 salutem
1537 491 1570 550 et
1586 489 1805 566 apostolicam
1823 488 2001 551 benedic-

338 589 390 652 bis
405 591 618 669 praesentium
641 589 798 651 duximus
824 589 1073 666 indulgendum,
1088 605 1130 650 ne
1183 588 1318 649 tionem.

339 689 413 765 quis
427 687 521 750 vobis
544 687 767 750 autecclesiis
781 687 902 750 vestris
917 703 977 764 pro
991 701 1131 766 repara-
1222 687 1327 756 Quam
1363 683 1577 746 landabiliter
1613 678 1728 746 dilecti
1764 683 1826 745 tilii
1860 685 1999 746 fratres

339 785 622 856 bononorum,
640 784 789 862 pontium
811 785 1053 856 vetustiorum,
1070 800 1130 845 sen
1183 781 1363 859 Hospitalis
1399 785 1529 844 Sanctae
1555 781 1672 844 Mariae
1698 783 1996 844 Tbeutonicorum

339 880 604 960 proquibuslibet
613 880 754 958 publicis
765 881 989 944 functionibus
1000 881 1129 958 aliquas
1183 878 1477 956 Hierosolymitani
1493 895 1553 956 per
1567 894 1668 956 opera
1684 879 1818 957 pietatis
1842 881 1995 941 servitio

338 979 528 1042 exactiones
543 979 702 1056 imponat.
722 979 815 1042 Nulli
829 979 932 1054 igitur
946 977 1047 1041 liceat
1063 981 1129 1040 vim
1183 973 1364 1038 conditoris
1379 971 1575 1038 immineant
1584 977 1703 1053 etquot
1714 976 1755 1038 de
1765 975 1996 1038 subventione

337 1079 371 1138 et
385 1075 571 1138 libertatem
599 1091 725 1148 eorum,
754 1091 827 1152 quae
853 1075 947 1136 vobis
971 1076 1129 1138 etdomui
1183 1073 1332 1150 ipsorum
1357 1072 1482 1133 infirmi
1501 1073 1535 1135 et
1557 1089 1721 1151 pauperes
1741 1075 1992 1144 sustententur,

337 1173 457 1236 vestrae
477 1172 678 1234 indulsimus
693 1189 753 1250 per
774 1173 902 1235 litteras
916 1173 1047 1252 aliquas
1064 1189 1128 1234 an·
1183 1170 1364 1241 neminem,
1381 1171 1438 1247 qui
1452 1169 1635 1232 christiana
1646 1171 1719 1246 lege
1733 1173 1900 1241 censetur,
1916 1173 1996 1232 1111-

338 1269 426 1333 ferre
451 1270 504 1332 1101
518 1269 704 1334 temeritate
729 1270 842 1348 aliqua
866 1287 1021 1332 vestiare.
1038 1270 1130 1332 Nulli
1183 1266 1271 1338 litas,
1289 1283 1362 1344 qum
1371 1267 1411 1328 de
1423 1267 1579 1344 operibus
1591 1269 1674 1345 ipsis
1681 1269 1843 1344 provenit,
1857 1270 1995 1344 patitur

338 1383 419 1444 ergo
430 1368 576 1440 omnino,
590 1369 653 1429 ete.
663 1369 699 1430 Si
711 1368 785 1445 quis
799 1371 920 1441 autem,
933 1371 995 1430 etc.
1011 1369 1129 1431 Datum
1185 1363 1353 1440 ignorare.
1379 1366 1466 1426 Sane
1486 1365 1765 1442 conquerentibus
1779 1366 1863 1442 ipsis
1877 1382 1991 1427 acce-

339 1465 505 1538 laterani,
522 1479 599 1526 non.
616 1465 788 1539 februarii,
797 1465 1009 1543 pontificatus
1022 1466 1129 1528 nostri
1183 1463 1302 1540 pimus,
1315 1461 1546 1539 quodquidam
1559 1463 1679 1524 fratres
1693 1463 1841 1540 ipsorum
1856 1465 1990 1540 saepius

337 1577 425 1625 anno
440 1563 565 1640 quinto.
1183 1559 1223 1620 de
1233 1558 1383 1620 domibus
1398 1559 1542 1635 propriis
1554 1562 1714 1621 exeuntes
1727 1559 1842 1622 contra
1857 1563 1994 1636 magis·

1182 1657 1251 1717 tros
1266 1671 1344 1716 snos
1363 1655 1545 1716 damnabili
1559 1656 1743 1718 rebellione
1758 1657 1936 1724 ducuntur,
1952 1663 1991 1718 et

654 1713 809 1802 CCLHI
1183 1753 1218 1814 in
1241 1752 1304 1814 boc
1322 1753 1515 1830 frequenter
1542 1754 1666 1816 aviris
1690 1753 1927 1816 ecclesiasticis
1950 1759 1990 1816 et

613 1859 666 1918 ,411
679 1859 848 1918 eumdem.
1184 1849 1403 1912 saecularibus
1428 1849 1642 1926 roborantur3
1671 1852 1805 1928 quidam
1822 1853 1922 1914 etiam
1937 1854 1988 1913 ab

1182 1947 1265 2025 ipsis
1294 1947 1452 2010 fratribus
1476 1949 1652 2025 pecuniam
1668 1949 1835 2026 recipiunt
1857 1953 1988 2026 praeter

1183 2044 1420 2105 conscientiam
1434 2043 1588 2115 aliorum,
1604 2061 1742 2122 eamque
1763 2046 1799 2106 tn
1815 2047 1984 2124 praejudi-

1183 2139 1269 2201 cium
1285 2140 1465 2217 Hospitalis
1478 2141 1627 2202 detinent
1641 2144 1674 2203 et
1690 2141 1829 2203 reddere
1849 2145 1986 2206 contra-

1182 2235 1307 2308 dicunt,
1327 2237 1532 2314 depositores
1566 2239 1672 2316 ipsius
1699 2239 1736 2300 in
1761 2255 1822 2300 sua
1849 2241 1982 2302 malitia

1182 2334 1406 2397 defendentes.
1424 2337 1506 2410 Quia
1521 2352 1603 2398 vero
1622 2337 1690 2398 tam
1702 2353 1822 2412 graves
1834 2337 1981 2414 injurias

1182 2432 1415 2508 praedictorum
1444 2433 1583 2495 fratrum
1610 2435 1776 2496 sustinere
1799 2435 1978 2496 110010111-

1181 2546 1265 2602 mus,
1282 2546 1343 2592 neo
1358 2530 1525 2603 debemus,
1540 2531 1751 2595 universitati
1775 2534 1892 2594 vestrae
1916 2549 1979 2610 per

1180 2628 1369 2704 apostolica
1392 2627 1514 2706 scripta
1530 2629 1725 2690 mandamus
1742 2633 1840 2708 atque
1850 2633 1976 2706 praeci-

1180 2724 1305 2801 pimus,
1343 2727 1507 2802 qiratenus
1539 2727 1705 2788 neminem
1743 2728 1976 2804 praedictorum

632 1979 650 2036 d
664 1975 734 2036 febr.
753 1973 831 2036 llll.

518 2081 656 2146 1811011110,
666 2083 683 2132 l.
695 2097 726 2144 0.,
738 2098 762 2148 p.
773 2082 829 2142 dll,
841 2098 865 2134 n.
876 2083 944 2150 352]

335 2187 470 2248 coneedit
483 2185 574 2245 ordini
593 2187 770 2246 'theutonico
782 2189 829 2262 ius
848 2189 1010 2263 appellandi
1025 2189 1060 2248 ad
1075 2191 1126 2250 Se·

371 2275 436 2334 dem
456 2277 660 2349 aposmticani,
679 2275 834 2336 dummodo
855 2285 884 2335 et
904 2292 991 2336 causa
1011 2281 1128 2354 recipiat

371 2364 601 2438 appellationem,
617 2379 672 2424 nec
697 2364 859 2440 huiusmodi
886 2367 1043 2426 remedium
1067 2369 1127 2440 jans

370 2453 572 2510 commissione
587 2451 671 2512 fuerit
681 2453 867 2528 denegatum.

375 2561 733 2640 Honorineepiscopus‚
746 2577 1040 2626 servusservorurn
1053 2565 1125 2638 Dei,

334 2657 464 2721 dilectis
474 2659 553 2721 tiliis
565 2661 724 2736 magistro
735 2663 768 2724 et
780 2659 938 2724 fratribus
947 2663 1127 2740 Hospitalis

335 2757 464 2819 Sanctae
477 2757 593 2818 Mariae
605 2758 884 2821 Theutonicorum
893 2761 1128 2838 Hierosolymi-

334 2853 415 2926 tani,
426 2855 565 2916 salutem
580 2855 613 2917 et
622 2856 838 2932 apostolicam
851 2856 1124 2920 benedictionem.

375 2952 533 3014 Pervenit
544 2952 585 3012 ad
598 2967 669 3024 nos,
687 2953 773 3030 quod
786 2953 822 3016 in
837 2955 958 3027 causis,
976 2971 1058 3033 quas
1068 2957 1126 3017 alii

335 3048 449 3111 contra
469 3065 528 3112 vos
550 3050 604 3112 101
626 3065 685 3112 sos
709 3050 823 3112 contra
845 3051 929 3114 alios
951 3054 1123 3126 exercetis,

333 3145 427 3208 vohis
440 3145 629 3224 frequenter
643 3147 877 3212 intercluditur
893 3151 1126 3228 appellationis

333 3241 508 3318 auxilium,
532 3245 682 3322 quamvis
706 3244 789 3308 illud
813 3245 849 3308 in
879 3248 1125 3310 commissionis

334 3339 452 3403 litteris
467 3339 560 3403 vobis
572 3342 708 3404 minime
717 3342 907 3420 denegetur.
918 3346 999 3414 Cum
1012 3346 1124 3424 itaque

333 3436 1125 3518 vobisnondebeatsubtrahi,quodcommuniter

332 3534 524 3597 conceditur
537 3535 712 3607 universis,
728 3539 949 3614 praesentibns
961 3540 1124 3604 vobislit-

332 3631 414 3694 teris
433 3631 588 3694 duximus
607 3633 855 3710 indulgendum,
870 3639 907 3698 ut
923 3638 958 3699 in
976 3654 1126 3715 quacun·

333 3743 397 3806 que
420 3743 521 3792 causa
539 3729 591 3792 sel
611 3745 631 3791 a
653 3747 859 3810 quocumque
874 3733 997 3810 judice,
1020 3734 1124 3798 111010

332 3824 426 3887 vobis
448 3825 547 3889 liceat
568 3843 586 3888 a
606 3827 790 3892 manifestis
812 3831 1061 3906 gravaminibus
1081 3833 1121 3894 ad

333 3923 450 3986 Sedem
473 3925 699 4002 apostolicam
723 3926 904 4005 appellare,
921 3928 987 3991 nisi
1010 3927 1123 3992 forsan

331 4019 407 4082 talis
423 4021 465 4084 eit
480 4037 592 4094 causa,
605 4039 678 4100 quae
688 4024 946 4102 appellationem
961 4043 1027 4089 non
1042 4027 1124 4090 reoi-

332 4117 411 4194 piat,
428 4119 481 4180 101
503 4119 538 4180 in
562 4119 805 4182 commissionis
829 4122 948 4186 litteris
973 4125 1125 4202 appella-

330 4215 430 4277 tionis
449 4217 631 4278 remedium
657 4216 757 4280 fuerit
776 4218 983 4295 denegatum.
1006 4223 1123 4284 Datum

330 4312 496 4385 Laterani,
510 4329 586 4376 non.
603 4313 775 4388 februarii,
788 4317 998 4392 pontificatus
1016 4319 1122 4383 nostri

331 4421 418 4470 anno
433 4409 559 4486 quinte.

653 4562 802 4652 GGLIV

407 4695 458 4754 aid
470 4695 753 4772 arcdleptscopos,
770 4701 953 4772 episcopos,
964 4699 1040 4771 etc,

567 4794 601 4854 et
614 4797 700 4856 altos
711 4795 887 4870 prolatos.

628 4913 818 4974 1110111211.
1045 4979 1047 4985 .

505 5027 640 5093 [Strobilos.
654 5029 672 5081 1.
686 5043 718 5088 c..
732 5045 758 5096 p.
769 5030 824 5088 dli,
838 5045 863 5080 n.
877 5031 945 5098 3111]

392 5133 475 5190 Vetat
489 5131 598 5192 ordinis
611 5133 778 5193 theutonici
792 5143 937 5208 apostatas
951 5133 1052 5194 foveri.

365 5249 531 5312 Honorius
571 5251 756 5330 episcopus,
796 5267 912 5314 servus
946 5269 1118 5316 servorum

326 5346 395 5418 Dei.
412 5347 658 5410 venerabilibus
679 5347 836 5412 fratribus
860 5349 1120 5430 archiepiscopis

325 5445 358 5506 et
372 5445 536 5523 episcopis
547 5447 579 5508 et
592 5445 721 5507 dilectis
734 5446 812 5509 tiliis
825 5447 1010 5520 abbatibus,
1028 5451 1120 5526 prio-

325 5539 427 5614 ribus,
443 5543 699 5616 arcllidiaconis,
718 5544 853 5608 decanis
872 5549 904 5609 et
917 5546 992 5608 aliis
1008 5547 1118 5610 eccle-

1181 2822 1319 2884 fratrum
1331 2823 1505 2901 quisquam
1520 2825 1666 2886 vestrum
1677 2828 1856 2903 praesumat
1865 2825 1976 2886 defen-

1180 2919 1325 2982 11010101
1341 2920 1390 2981 eis
1404 2921 1440 2982 in
1452 2921 1634 2984 rebellione
1646 2939 1707 2984 sua
1722 2926 1755 2985 et
1765 2923 1974 2984 contumacia
2094 2921 2095 2944 ¹

1181 3016 1327 3078 favorem
1357 3017 1501 3096 aliquem
1537 3019 1772 3082 damnabiliter
1801 3021 1970 3088 exhibere.

1180 3129 1241 3176 nec
1256 3116 1430 3191 pecuniam
1445 3133 1465 3177 a
1482 3132 1648 3194 quoquam
1665 3115 1804 3179 fratrum
1822 3118 1972 3195 recipiat.

1179 3211 1232 3272 101
1247 3214 1414 3290 receptam
1430 3215 1657 3285 retineat,nisi
1672 3215 1704 3276 ei
1720 3215 1820 3278 fuerit
1833 3217 1873 3277 de
1886 3234 1973 3277 coru·
2093 3235 2094 3238 ¹

1180 3309 1270 3369 muni
1286 3308 1424 3372 fratrum
1440 3311 1582 3372 consilio
1593 3313 1833 3374 commendata.
1844 3315 1878 3375 Si
1892 3331 1972 3374 11010

1179 3407 1312 3483 aliquis,
1329 3407 1415 3484 quod
1440 3423 1506 3470 non
1526 3410 1703 3482 credimus,
1730 3413 1845 3473 contra
1871 3412 1970 3488 hujus

1178 3505 1376 3580 apostolieae
1392 3506 1553 3582 jussionis
1570 3508 1718 3569 tenorem
1731 3510 1846 3569 venire
1863 3511 1972 3570 teuta-
2092 3519 2093 3522 ’

1178 3601 1276 3669 verit,
1301 3603 1367 3663 nisi
1397 3606 1615 3666 commonitus
1643 3605 1732 3667 infra
1756 3606 1875 3681 viginti
1900 3607 1970 3667 dies

1178 3713 1325 3760 errorem
1341 3715 1436 3760 suam
1450 3700 1560 3764 debita
1577 3700 1802 3765 satisfactione
1817 3719 1971 3765 correxe-

1178 3796 1232 3867 rit,
1250 3811 1326 3858 eum
1342 3813 1446 3874 usque
1461 3797 1503 3860 ad
1517 3798 1777 3862 satisfactionem
1792 3817 1969 3876 congruam
2091 3850 2092 3866 1

1178 3894 1514 3957 excommunicationi
1545 3896 1755 3958 decernimus
1784 3898 1967 3975 subjacere.
2091 3885 2092 3940 Ὗ

1178 3986 1295 4048 Datum
1312 3989 1479 4060 Laterani,
1496 4005 1601 4052 nonas
1613 3990 1785 4062 februarii,
1795 3993 1970 4069 pontifica-

1176 4085 1231 4146 tus
1246 4085 1351 4147 nostri
1367 4100 1455 4148 anno
1468 4088 1595 4164 quinte.

1513 4274 1640 4363 dclv

1190 4417 1241 4476 nd
1254 4416 1461 4491 111ααί011100
1475 4419 1509 4479 S.
1525 4419 1651 4479 Martae
1661 4419 1952 4481 lizeutoateorum.

1473 4538 1490 4596 e
1502 4537 1572 4596 febr.
1588 4539 1666 4597 1121.

1352 4644 1487 4710 [8110111110
1501 4644 1519 4694 l.
1531 4659 1563 4704 0.,
1577 4661 1603 4709 p.
1614 4645 1669 4706 313,
1685 4661 1710 4696 n.
1725 4645 1792 4712 311]

1176 4749 1310 4810 Concedit
1320 4750 1412 4809 ordini
1423 4750 1610 4822 Tbeutonioo,
1622 4752 1697 4825 quod
1708 4754 1734 4811 ei
1744 4755 1838 4828 legate
1849 4754 1967 4813 duorum

1264 4839 1310 4896 vel
1320 4839 1404 4898 trium
1417 4841 1532 4900 testium
1548 4841 1634 4899 10110
1649 4841 1769 4916 probare
1780 4845 1879 4916 possit.

1215 4957 1382 5018 Honorius
1415 4957 1610 5034 episcopus,
1641 4975 1760 5021 servus
1797 4977 1964 5023 servorum

1176 5053 1245 5124 llei,
1260 5053 1391 5116 dilectis
1405 5055 1484 5116 filiis
1499 5057 1658 5132 magistro
1671 5059 1704 5118 et
1718 5057 1876 5120 fratribus
1889 5061 1968 5120 Hos·

1175 5149 1287 5226 pitatis
1304 5152 1433 5214 Sancte
1448 5153 1564 5214 Mariae
1587 5152 1867 5216 rneutonicorum
1883 5157 1965 5217 1110-

1174 5248 1416 5325 rosolymitani,
1429 5248 1569 5312 salutem
1585 5251 1618 5312 et
1630 5251 1846 5328 apostolicam
1862 5251 1967 5314 bene-

1174 5343 1362 5407 dictionem.

1215 5450 1307 5512 Siout
1321 5452 1512 5528 evangelica
1530 5453 1671 5516 veritate
1686 5456 1863 5518 attestante
1875 5456 1966 5516 didi-

1174 5549 1290 5622 cimus,
1307 5551 1371 5610 stat
1386 5549 1421 5610 in
1430 5564 1487 5611 010
1503 5550 1642 5614 duorum
1656 5553 1708 5614 vel
1723 5553 1823 5614 trium
1834 5553 1967 5615 testium
2085 5609 2086 5630 2
