4300 6392
155 319 216 380 aaa
530 290 531 298 '
772 315 1001 378 nrrsronm.
1023 315 1102 379 ms.
1127 315 1179 374 ru.
1742 314 1802 374 soc

155 475 264 542 sacris
278 473 450 542 ordinibus
464 475 659 539 constitutos
672 491 731 553 per
746 475 951 552 provinciam
1005 476 1179 535 Annonam
1194 473 1227 534 et
1237 471 1279 532 de
1288 469 1460 543 Rotundis,
1476 472 1510 532 et
1523 473 1637 536 sancti
1652 474 1802 533 Lauren·

157 575 388 654 maguntinam
420 575 462 636 ad
503 574 711 651 abiiciendas
750 573 951 636 concubinas
1005 571 1044 632 tii
1067 572 1144 632 ante
1163 570 1292 646 portam
1315 557 1509 630 monasterii
1531 571 1634 631 vestri
1655 569 1801 646 capellas

157 688 411 750 percensuram
429 671 702 741 ecclesiasticam,
729 671 951 747 appellatione
1006 683 1080 728 cum
1095 667 1314 744 pertinentiis,
1327 667 1361 726 et-
1374 665 1582 728 libertatibus
1593 669 1626 728 et
1638 667 1799 728 immuni·
1874 685 1876 690 ⁷

148 771 285 832 ,remota
310 768 523 846 compelleret
541 769 641 844 juxta
665 767 788 829 statuta
813 766 952 828 concilii
1005 764 1128 826 tatibtm
1144 763 1345 834 earumdem,
1366 763 1452 824 sicut
1470 779 1528 824 eas
1539 765 1630 840 juste
1644 780 1684 826 ac
1706 764 1801 840 paci-

156 868 337 944 generalis,
373 867 447 942 ipso
481 869 630 926 nostrum
656 865 795 941 exsequi
819 864 952 926 volente
1006 860 1269 937 ilcepossidetis.
1283 857 1435 932 vobis,et
1450 873 1582 936 perros
1596 861 1800 922 monasterio

157 964 360 1036 mandatum,
373 963 507 1041 quidam
528 963 663 1024 illorum
684 961 838 1023 nolentes
853 961 953 1023 intel-
1006 957 1116 1016 vestro
1130 955 1330 1016 auctoritate
1344 955 1537 1030 Apostolica
1550 955 1798 1023 confirmamus,

156 1063 274 1140 ligere,
289 1062 582 1136 ntbeneagerent,
604 1075 671 1121 non
686 1059 792 1120 solum
805 1056 952 1120 salubria
1006 1054 1039 1115 et
1059 1052 1232 1128 praesentis
1256 1050 1371 1126 scripti
1402 1051 1588 1127 patrocinio
1611 1053 1800 1114 communi-

157 1160 284 1222 monita
299 1157 502 1220 etmendata
521 1157 628 1233 ipsius
644 1155 859 1232 pertinaciter
873 1170 955 1217 con·
1007 1165 1092 1210 mus.
1109 1147 1200 1209 Nulli
1229 1163 1309 1222 ergo
1340 1149 1474 1209 omnino
1505 1149 1677 1210 bominum
1702 1149 1802 1209 liceat

157 1256 373 1333 tempserunt,
385 1270 502 1317 verum
529 1255 630 1316 etiam
653 1254 694 1315 ad
712 1255 873 1329 majorem
884 1267 954 1314 suaa
1007 1247 1094 1307 banc
1108 1246 1264 1322 paginam
1279 1246 1403 1306 nostras
1414 1246 1630 1320 protectionis
1645 1245 1678 1306 et
1685 1246 1802 1307 contir-

157 1352 345 1429 iniquitatis
372 1352 550 1422 cumulum,
566 1351 676 1427 ipsum
704 1350 770 1412 nisi
796 1351 874 1410 sunt
888 1366 952 1410 ne·
1008 1343 1163 1404 madonis
1176 1341 1370 1417 intringere.
1384 1341 1419 1402 si
1434 1342 1508 1418 quis
1523 1343 1645 1413 eutem,
1660 1345 1723 1403 etc.
1736 1345 1802 1404 lla-

155 1451 268 1528 puiter
286 1449 460 1520 infamare,
481 1447 567 1525 quod
596 1447 765 1524 praedicte
793 1446 954 1508 litteraea
1007 1441 1076 1502 tum
1092 1439 1233 1502 viterbii
1249 1439 1366 1516 quarto
1389 1439 1464 1500 idus
1484 1438 1646 1501 februarii
1668 1439 1802 1516 pontiti-

158 1547 255 1609 nobis
276 1563 343 1609 non
370 1546 614 1624 processerant,
632 1543 833 1615 mentiendo,
860 1558 955 1619 prop-
1008 1541 1101 1600 catus
1114 1537 1219 1598 nostri
1242 1551 1330 1598 anno
1352 1537 1482 1613 quarto.

158 1647 211 1712 ter
220 1643 306 1722 quod
317 1642 546 1719 suspensionis
557 1642 591 1704 et
600 1640 954 1702 excommunicationis

161 1741 346 1813 sententiae,
369 1755 452 1816 quas
479 1739 568 1800 idem
596 1739 720 1800 tulerat
740 1737 775 1798 in
799 1737 952 1809 rebelles,
1319 1697 1493 1782 LXXXV

160 1853 181 1898 a
194 1835 443 1915 quampluribus
457 1835 492 1895 in
508 1838 580 1912 ejus
593 1834 754 1902 absentia,
770 1834 856 1896 sicut
870 1833 956 1894 dici·
1072 1823 1124 1882 Ad
1137 1822 1396 1883 archidiaooltot
1411 1820 1531 1882 Sabell
1542 1823 1692 1880 Andreas
1703 1821 1737 1881 et

160 1936 222 2006 ter,
240 1934 505 1997 contemnuntur.
521 1933 566 1994 Ut
586 1932 687 2007 igitur
702 1947 738 1992 os
764 1931 879 2008 iniqua
904 1932 955 1992 lo·
1261 1919 1545 1978 Dunlteldensem.

163 2032 334 2108 quentium
362 2029 553 2092 obstruatur
573 2029 605 2090 et
632 2028 784 2106 praedicti
803 2028 955 2104 magistri
1200 2019 1203 2026 '
1300 2035 1417 2096 srtebr,
1431 2037 1511 2094 1220,

160 2127 285 2189 veritas
310 2127 436 2188 clarius
460 2127 637 2198 enitescat,
658 2141 755 2203 quem
774 2127 875 2187 etiam
895 2120 954 2202 pro
1112 2143 1238 2208 plener,
1258 2143 1371 2193 nonum.
1388 2141 1500 2200 iliberri,
1513 2156 1538 2205 p,
1553 2141 1592 2200 lt,
1609 2156 1635 2191 n.
1650 2141 1702 2206 32]

162 2241 296 2285 ⁸¹1⁰1'11ffl
308 2225 503 2285 meiitffl'llffl
517 2223 687 2298 θΧῘέθῐῑῑῘᾶ
705 2222 953 2295 h0¹¹0r³llimuss
1008 2239 1163 2308 iudicibus,
1180 2247 1212 2296 ut
1230 2253 1347 2297 oausam
1367 2239 1441 2295 inter
1463 2237 1617 2309 quemdam
1640 2239 1759 2295 militem
1777 2245 1806 2295 et

162 2321 272 2399 ipsum
294 2321 441 2382 nostrum
466 2319 674 2396 capellanum
690 2319 722 2381 et
738 2319 955 2396 poenitantia-
1044 2336 1216 2386 conventum
1237 2328 1265 2386 S.
1290 2327 1387 2384 lteris
1418 2325 1454 2383 (16
1479 2325 1673 2383 llumdraman
1706 2325 1806 2383 ordine

163 2418 250 2480 rium
279 2417 498 2488 assumendo,
526 2415 719 2477 discretioni
749 2417 869 2478 vestra
898 2432 957 2492 per
1044 2415 1241 2475 cistersiensis
1258 2413 1630 2474 dioecesiscandidstlase
1648 2421 1805 2472 verenam

163 2514 354 2592 apostolica
383 2513 507 2589 scripta
539 2513 750 2585 mandamus,
783 2515 956 2590 quatemus
1044 2505 1182 2562 ctssffliee
1197 2503 1341 2560 dirimam.
1463 2593 1466 2602 Ι

164 2612 297 2674 easdem
320 2611 523 2684 sententias,
558 2611 781 2688 appellatione
816 2613 954 2681 remota,
1050 2612 1217 2674 Honorius
1234 2611 1420 2687 episcopus,
1435 2609 1564 2671 dilectis
1586 2609 1665 2670 tiliis
1686 2611 1718 2670 S.
1730 2613 1804 2672 An-

163 2709 360 2770 solemniter
387 2708 584 2769 innovantes
611 2705 742 2768 faciatis
769 2723 827 2768 eas
853 2722 957 2783 usque
1010 2711 1098 2772 dreae
1119 2707 1391 2772 etbunlseldensi
1411 2707 1658 2769 archidiaconis
1676 2711 1709 2769 et
1724 2719 1800 2768 ma-

162 2804 425 2868 satisiactionem
438 2804 637 2880 condignam
652 2803 890 2866 inviolabiliter
904 2803 957 2865 ob
1009 2808 1113 2884 gistro
1124 2806 1268 2868 Jobanni
1284 2805 1445 2866 canonico
1461 2805 1700 2878 Dunkeldensi,
1716 2805 1804 2866 salu·
1921 2871 1927 2877 ,

163 2902 304 2964 servari.
321 2901 413 2974 Quod
436 2902 465 2962 si
489 2917 556 2962 non
573 2917 698 2972 omnes,
710 2901 786 2974 etc,
802 2901 867 2963 duo
881 2916 958 2962 vas·
1009 2907 1087 2967 tem.

162 3001 262 3070 trum,
288 3000 350 3060 etc.
383 3000 467 3061 Data
501 2995 655 3059 Viterbiii
689 3001 720 3058 X
744 2997 812 3059 lsai.
844 2997 957 3059 martii
1050 3003 1190 3065 Nicolao
1211 3001 1308 3063 militi
1324 3017 1364 3062 ac
1386 3001 1482 3063 tratri
1501 3003 1537 3061 Ε.
1552 3000 1806 3061 monachomo-

163 3095 373 3172 pontiflcatus
388 3095 493 3156 nostri
506 3109 594 3155 anno
609 3097 736 3171 quarto.
1011 3099 1150 3161 nasterii
1169 3101 1217 3172 S:
1231 3098 1347 3159 Mariae
1373 3096 1414 3158 de
1439 3096 1655 3158 Dundraman
1681 3097 1807 3158 Cister-

1011 3193 1804 3269 ciensisordinis,dioecesiscandidaecasae,apud

462 3281 656 3369 LXXXIV
1013 3294 1131 3356 Sedem
1163 3291 1387 3369 apostolicam
1422 3291 1625 3361 constitutis,
1649 3289 1804 3351 dilectum

161 3423 215 3486 Ad
224 3425 381 3498 priorem
396 3425 430 3484 εἰ
447 3425 651 3486 conventum
670 3423 788 3485 Sancti
800 3425 958 3484 Memmi
1011 3391 1116 3452 fllium
1129 3390 1277 3450 nostrum
1296 3391 1329 3450 S.
1345 3387 1457 3449 Sancti
1472 3386 1612 3448 Adriani
1627 3387 1805 3448 diaconum

425 3523 682 3581 wessionensis
1012 3485 1448 3550 cardinalemconoessimus
1459 3483 1655 3556 auditorem,
1666 3484 1806 3560 incnjns

449 3641 484 3700 ¹0
496 3639 509 3696 f
524 3640 541 3698 b
585 3641 654 3699 mo
685 3564 694 3580 ⁹
1012 3585 1188 3662 praesentia
1200 3583 1295 3643 miles
1310 3582 1484 3658 proposuit
1497 3581 1699 3651 nominatus,
1721 3579 1806 3656 quod

338 3755 343 3766 ⁸
477 3657 565 3764 ,Μ’
657 3685 664 3698 ”
892 3755 897 3766 ,
1012 3698 1086 3744 cum
1101 3681 1252 3742 abbatem
1267 3681 1301 3740 et
1310 3680 1507 3740 conventum
1520 3679 1600 3740 dicti
1612 3677 1806 3739 monasterii

193 3754 931 3875 [ἣθῑθ“ῑ·ἰὼ·1Ῠ’ΕΜ·ωθωῆιῃοηθὼῗῂθὼ]
1013 3795 1072 3856 pro
1094 3777 1245 3854 eoquod
1267 3790 1367 3852 super
1379 3775 1520 3852 quadam
1540 3775 1751 3882 possessione
1766 3790 1806 3835 ac

270 3864 448 3963 3101111908
465 3861 708 3934 subprotecnone
727 3864 758 3921 ll.
782 3863 858 3920 Petri
890 3950 896 3964 ι
1012 3875 1111 3937 rebus
1141 3874 1218 3934 aliis
1246 3872 1494 3948 injuriabantur
1524 3870 1650 3941 erdem,
1694 3885 1807 3930 coram

164 3963 229 4008 ⁰⁰⁰¹
249 3957 464 4008 “numerauffl'e
481 3949 621 4008 b⁰¹¹⁰ffl¹¹¹
637 3949 674 4007 θα
688 3965 739 4008 ⁶⁰⁸
757 3957 958 4023 ⁸Pe⁰¹³¹¹⁸¹¹¹¹¹¹·
1013 3971 1132 4034 abbate
1154 3970 1194 4030 da
1215 3966 1419 4030 eedeworde
1434 3968 1467 4028 et
1479 3965 1710 4042 conjudicibus
1737 3967 1806 4026 suis

204 4076 383 4147 Honorius,
410 4076 486 4148 eto,
508 4076 637 4137 dilectis
659 4075 775 4136 tiliis...
802 4075 906 4152 priori
928 4077 960 4137 et
1013 4065 1407 4142 auctoritatertpostolica
1426 4063 1588 4124 traxisset
1604 4064 1639 4124 in
1656 4065 1804 4132 causam,
1900 4121 1908 4130 ,

165 4173 345 4234 eonventui
360 4173 554 4234 monasterii
569 4174 682 4236 Sancti
695 4173 846 4234 Medardi
863 4173 960 4234 Sues·
1013 4166 1091 4243 quia
1107 4164 1208 4225 iidem
1227 4161 1330 4223 abbas
1343 4163 1377 4224 et
1397 4161 1578 4222 convontus
1591 4159 1807 4235 1111108901]-

166 4269 295 4330 sionen.
313 4268 464 4341 salutem,
481 4268 515 4331 et
536 4314 543 4331 .
1013 4264 1091 4325 dere
1112 4260 1272 4330 nolentes,
1290 4257 1350 4319 sub
1363 4258 1526 4334 praetextu
1550 4257 1724 4334 cujusda-m
1745 4255 1809 4317 iri·
1889 4313 1895 4334 ,

204 4365 308 4427 Justis
338 4366 520 4442 petentium
550 4365 727 4428 desideriis
751 4367 887 4442 dignum
909 4367 960 4428 est
1013 4359 1098 4420 volae
1125 4356 1359 4438 appellationis
1385 4355 1420 4415 in
1441 4353 1725 4416 crastinnmbeati
1740 4357 1810 4415 An-

164 4477 227 4522 nos
236 4461 368 4522 facilem
381 4463 530 4538 praebere
539 4479 736 4525 consensum
749 4467 782 4525 et
793 4465 871 4525 vota
887 4479 959 4540 quae
1014 4458 1102 4519 dreae
1136 4453 1311 4533 apostolici
1350 4453 1531 4529 interjectae
1547 4475 1573 4524 ,·
1598 4454 1808 4514 recesserunt

165 4573 186 4620 a
207 4559 347 4620 rationis
369 4559 501 4621 tramite
520 4575 587 4621 non
611 4560 813 4632 discordant,
840 4560 959 4621 effectu
1014 4553 1253 4616 contumaciter
1273 4551 1484 4628 apresentia
1497 4550 1646 4626 judicum
1662 4550 1807 4625 predic-

165 4656 385 4730 prosequente
398 4655 573 4732 complere.
585 4659 631 4717 Ea
640 4657 784 4733 propter,
799 4656 911 4718 dilecti
924 4657 959 4718 in
1012 4655 1133 4722 torum,
1151 4650 1214 4726 ipsi
1227 4649 1377 4710 eumdem
1393 4647 1531 4708 militem
1553 4662 1652 4707 causa
1666 4647 1716 4706 rei
1731 4662 1807 4708 ser-

165 4751 307 4812 Domino
332 4751 404 4823 lilii,
429 4755 550 4814 restris
568 4754 667 4830 justis
682 4753 960 4830 postulationibus
1013 4749 1131 4810 rendae
1151 4749 1187 4808 in
1211 4746 1455 4823 possessionem
1467 4744 1518 4805 rei
1546 4743 1657 4820 petitae
1679 4744 1810 4805 mitten-

165 4849 261 4922 grato
284 4852 520 4910 concurrentes
539 4865 690 4923 assensu,
705 4851 864 4927 personas
879 4866 959 4913 res·
1014 4847 1091 4908 dum
1111 4843 1352 4906 sententialiter
1373 4841 1807 4903 decreveruntvenerabili

165 4947 236 5006 tras
251 4947 284 5006 et
304 4947 542 5008 monasterium
557 4948 592 5008 in
612 4963 676 5024 quo
698 4947 812 5010 divino
827 4948 961 5010 manci·
1014 4943 1109 5004 fratri
1133 4941 1258 5011 nostro,
1274 4939 1430 5015 episcopo
1454 4937 1609 4998 candide
1633 4939 1738 5006 Casae,
1754 4954 1809 5000 ac·

166 5042 234 5118 pati
252 5043 332 5104 estis
354 5042 602 5120 obsequiosum
625 5044 790 5116 omnibus,
809 5060 883 5122 quae
906 5046 961 5105 in·
1014 5041 1125 5118 priore
1145 5039 1184 5100 de
1199 5037 1310 5098 insula
1319 5049 1419 5111 super
1427 5035 1490 5094 boc
1499 5034 1732 5096 executoribus
1743 5037 1807 5096 sibi

167 5140 418 5215 praesentiarum
431 5141 676 5202 rationabiliter
687 5141 845 5218 possidet,
856 5143 914 5202 aut
925 5142 960 5201 in
1014 5137 1113 5208 datis,
1129 5151 1189 5212 per
1211 5148 1294 5211 quos
1322 5147 1396 5192 cum
1423 5132 1459 5191 in
1483 5131 1572 5193 dicta
1598 5133 1809 5208 possessione
1890 5129 1891 5134 ’

167 5233 312 5296 futurum
324 5238 424 5312 justis
437 5237 544 5298 modis
554 5240 733 5312 prestante
746 5239 885 5300 Domino
897 5253 960 5314 po·
1015 5232 1233 5310 corporaliter
1254 5229 1374 5292 inisset
1402 5228 1572 5299 inductus,
1589 5231 1684 5304 parte
1703 5229 1808 5291 altera

88 5373 93 5380 -
166 5333 245 5394 terit
255 5333 407 5409 adipisci,
425 5333 485 5394 sub
500 5333 588 5395 beati
601 5333 693 5396 Petri
708 5338 741 5397 et
755 5336 868 5396 nostra
884 5350 963 5411 pro-
1015 5331 1224 5408 procurante,
1239 5327 1302 5388 tuit
1315 5328 1440 5404 ejectus
1466 5341 1525 5402 per
1550 5325 1743 5387 violentiam
1767 5327 1809 5388 ab

166 5429 311 5491 tectione
331 5430 549 5507 suscipimus;
573 5431 764 5508 specialiter
785 5433 895 5494 autem
921 5431 962 5492 de
1016 5426 1240 5496 eadem,alias
1263 5423 1327 5486 sibi
1352 5438 1452 5500 super
1468 5421 1669 5495 bominibus,
1686 5423 1810 5484 anima·

169 5541 268 5586 cruce
281 5527 388 5588 sancti
402 5528 552 5589 Audoeni
567 5530 599 5590 et
616 5528 657 5589 de
672 5527 834 5590 Rotundis
855 5527 963 5588 eccle-
1015 5525 1102 5586 libus
1126 5527 1159 5586 et
1181 5523 1258 5584 aliis
1285 5520 1384 5582 rebus
1411 5521 1492 5591 suis,
1506 5519 1637 5580 damnis
1657 5519 1809 5595 plurimis

168 5624 237 5684 sias
267 5624 301 5685 et
334 5625 464 5686 Sanctae
495 5626 666 5688 Leocadiae
693 5625 733 5686 (16
753 5623 834 5686 Vico
863 5635 963 5701 super
1015 5621 1185 5697 irrogatis:
1202 5617 1810 5697 undecumdictnsmonacbussuper
