4230 6388
319 255 382 320 850
1911 267 1987 327 860

225 451 233 477 .
319 416 431 479 locum
452 415 492 478 in
510 431 576 494 quo
590 413 705 480 divino
718 416 798 480 esus
813 414 972 493 obsequio
986 415 1117 478 manci-
1148 435 1149 438 ¹
1170 419 1354 496 patrocinio
1365 423 1618 485 communimus.
1630 423 1722 486 Nulli
1738 437 1819 500 ergo
1830 425 1983 486 omnino

320 513 402 592 pati,
415 529 490 576 cum
518 513 672 576 omnihus
697 513 797 575 honis
813 529 887 591 qum
915 513 1115 590 impraesen-
1170 518 1340 579 hominum
1361 520 1461 582 liceat
1474 520 1561 582 hanc
1576 522 1732 598 paginam
1745 523 1869 584 nostrae
1884 539 1981 599 pro-

319 609 443 672 tiarum
467 609 710 672 rationabiliter
731 610 907 688 possidetis
930 611 1038 672 autin
1058 609 1115 670 lu·
1171 615 1323 677 lectionis
1350 617 1383 680 et
1410 618 1672 680 confirmationis
1704 619 1903 696 intringere.
1940 620 1980 680 Si

319 706 449 779 turmn,
468 708 658 792 praestante
691 709 846 780 Domino,
876 708 976 782 justis
1009 706 1119 768 modis
1171 713 1380 790 qnisautem,
1396 717 1457 776 etc.
1482 717 1601 778 Datum
1615 717 1782 789 Laterani,
1798 720 1878 780 Xlll
1897 717 1976 778 kal.

940 257 1185 396 nortonnlltr
1205 261 1352 326 oPsnn

321 804 471 881 poteritis
487 803 638 880 adipisci,
653 804 713 864 snb
738 805 827 866 beati
847 805 937 865 Petri
953 804 985 866 et
1003 805 1116 865 nostra

321 901 526 978 protectione
552 901 761 978 suscipimur,
790 901 980 978 specialiter
1006 903 1117 962 autem

322 996 362 1058 de
374 997 619 1059 sowelenheim
631 1001 664 1058 et
678 997 719 1058 de
732 998 929 1060 Hilherseim
945 997 1115 1069 ecclesias,

321 1109 404 1170 quas
418 1093 460 1154 ad
481 1095 756 1170 supplicationem
774 1095 885 1156 dilecti
902 1095 962 1154 lilii
975 1098 1013 1155 Α.
1029 1110 1120 1171 prae-

321 1190 424 1268 positi
437 1191 540 1252 vestri
555 1191 757 1253 venerabilis
770 1191 874 1254 frater
885 1193 997 1253 noster
1012 1190 1120 1252 archi-

323 1286 498 1366 episcopus
535 1288 763 1364 Moguntinus,
794 1305 868 1350 cum
902 1288 1039 1364 capituli
1066 1287 1119 1348 sui

322 1399 462 1446 assensu
476 1383 571 1446 robis
583 1388 830 1458 concesseruut,
848 1372 970 1446 intuitu
985 1384 1119 1462 pietatis

322 1495 363 1542 ac
377 1481 444 1542 alia
464 1480 550 1542 bona
565 1483 675 1543 vestra
694 1482 781 1542 sicut
794 1498 833 1544 ea
849 1483 960 1544 omnia
973 1482 1063 1560 juste
1080 1497 1120 1544 ac

1167 810 1244 886 julii
1266 826 1354 874 anno
1369 813 1495 890 quinto.

1418 1035 1723 1126 ccccxxxvii

1251 1187 1304 1248 Ad
1331 1189 1528 1261 episcopam
1555 1189 1881 1252 claromontensem.

1455 1317 1491 1376 20
1506 1319 1579 1393 junii
1599 1321 1678 1378 leti.

1190 1441 1309 1507 [Regest.,
1322 1441 1368 1493 lib.
1388 1443 1420 1504 V,
1442 1442 1516 1510 epist.
1534 1443 1589 1495 ala.
1602 1446 1661 1496 ides.
1675 1447 1711 1497 La
1723 1445 1797 1498 Porta
1810 1445 1844 1496 du
1858 1445 1957 1510 lircil]

323 1577 464 1654 pacifice
476 1577 653 1654 possidetis
662 1578 756 1640 vobis
772 1580 805 1641 et
819 1595 878 1655 per
893 1595 952 1642 vos
968 1578 1120 1640 ecclesiae
1174 1567 1290 1628 Mandat
1303 1569 1330 1626 θί
1353 1575 1385 1641 ut
1398 1570 1549 1628 esssslffliflm
1560 1571 1698 1630 Ᾱῐῑῠῠθῡ·
1716 1571 1843 1641 *mediis
1857 1580 1886 1632 et
1901 1588 1976 1645 lilae·

322 1675 444 1736 nestrae
457 1677 654 1738 auctoritate
665 1676 854 1752 Apostolica
873 1676 1118 1748 confirmamus,
1209 1656 1319 1758 bifidis
1333 1655 1442 1716 ¹³¹¹¹d1¹¹
1460 1659 1520 1732 lim
1535 1660 1564 1760 ¹3¹
1586 1675 1620 1718 ‘³⁸
1644 1669 1780 1718 “0³¹²oess
1794 1661 1870 1734 (ΝΜ
1884 1660 1977 1762 donn-

322 1771 356 1834 et
377 1772 550 1850 praesenfis
573 1772 689 1848 scripu
716 1773 903 1850 patrocimo
932 1773 1120 1834 communi,
1209 1753 1249 1804 tro
1264 1746 1408 1804 earnmad
1423 1750 1618 1820 Apostolrcam
1634 1747 1970 1814 Sedemdelatalursset,

323 1883 409 1928 mue.
433 1868 525 1928 Nulli
551 1884 630 1944 ergo
660 1870 795 1931 omnino
821 1870 992 1932 nominum
1021 1869 1122 1930 liceat
1153 1882 1156 1940 ζ
1210 1834 1464 1958 ΡῗΓῧοῃίθΜοῃθίῧ
1479 1839 1540 1894 vioe
1555 1836 1778 1912 ⁸¹¹⁸9‘0Vid⁰⁸¹·

323 1963 410 2026 hanc
421 1966 575 2042 paginam
588 1969 709 2028 nostrae
721 1967 937 2042 protectionis
947 1969 980 2028 et
993 1966 1120 2026 contir-
1215 1963 1394 2036 Honorius,
1411 1965 1487 2037 ete,
1503 1965 1689 2028 venerabili
1701 1965 1798 2028 lralri
1815 1966 1973 2042 episcopo

323 2061 480 2123 metionis
495 2061 745 2138 infringerevel
773 2064 805 2124 ei
830 2079 915 2124 ausu
941 2061 1120 2124 temerario
1176 2059 1466 2133 Claromontonsi.¹

324 2157 502 2220 contraire.
521 2159 555 2220 Si
569 2159 643 2235 quis
659 2159 841 2220 autemhoc
854 2161 1121 2236 attentareprae-
1215 2158 1264 2218 Ad
1293 2161 1440 2219 nostram
1466 2159 1599 2220 noveris
1622 2160 1826 2223 audientiam
1847 2176 1972 2237 perre-
2083 2173 2084 2176 ’

325 2254 515 2330 sumpserit,
531 2255 793 2332 indignationem
810 2256 1046 2334 omnipotentis
1061 2255 1121 2317 Dei
1176 2256 1266 2316 nisse
1281 2255 1367 2331 quod
1382 2256 1417 2316 in
1432 2259 1589 2318 Artonen.
1604 2257 1747 2318 ecclesia
1768 2259 1832 2318 tuae
1846 2257 1975 2318 dioece-

324 2349 359 2412 et
371 2350 542 2412 beatorum
554 2351 643 2412 Petri
654 2354 687 2412 et
704 2352 1036 2428 Pauliapostolorum
1047 2355 1120 2429 ejns
1176 2353 1222 2411 sis
1251 2350 1377 2414 tamdiu
1402 2354 1552 2429 quaedam
1582 2354 1768 2430 praebendae
1796 2355 1970 2427 vacarunt,

324 2462 362 2508 se
372 2447 501 2508 noverit
511 2448 736 2510 incursurum.
749 2449 868 2510 Datum
881 2451 1049 2524 Laterani,
1061 2451 1121 2510 XV
1177 2445 1262 2525 quod
1275 2449 1409 2512 donatio
1423 2449 1613 2512 earumdem
1629 2452 1669 2512 ad
1690 2467 1750 2512 nos
1768 2454 1829 2522 est,
1846 2467 1973 2512 secun-

325 2543 487 2606 kalendas
522 2544 612 2623 julii,
646 2545 859 2624 pontificatus
895 2546 1003 2608 nostri
1031 2561 1121 2608 anno
1176 2546 1253 2606 dum
1269 2548 1493 2608 lateranense
1511 2548 1701 2620 concilium,
1718 2548 1884 2616 devoluta
1901 2550 1972 2620 Quo
2083 2547 2084 2634 l

325 2640 453 2720 quinto·

1176 2643 1266 2704 circa
1277 2643 1477 2706 maternitati
1489 2647 1556 2706 tuae
1569 2661 1629 2722 per
1640 2645 1831 2722 apostoliea
1847 2646 1973 2722 scripta
2083 2643 2084 2720 ζ

1176 2741 1382 2812 mandamus,
1413 2743 1575 2817 quatenus
1595 2742 1636 2802 ad
1655 2741 1830 2803 ecclesiam
1846 2757 1975 2804 meme
2083 2733 2084 2772 ³

582 2887 868 2979 ccccxxxvi

345 3041 398 3104 aa
428 3041 609 3103 omenes
634 3043 675 3102 ce
711 3019 854 3113 vacuant
879 3043 1102 3104 cessaream

638 3140 805 3198 dl'oeced't's.

616 3267 649 3325 le
665 3266 738 3340 junii
754 3268 833 3326 lati.

389 3385 483 3456 [Fejen
495 3389 580 3443 Codex
590 3387 697 3455 diplom.
713 3389 857 3455 ilungariae,
871 3393 890 3440 t.
908 3391 951 3449 ΠΙ,
963 3403 990 3454 p.
1006 3389 1075 3456 tio]

1154 3105 1155 3108 Ἴ
1176 3032 1360 3104 nectutem,
1377 3034 1410 3095 et
1424 3035 1453 3094 si
1469 3049 1538 3094 rem
1551 3034 1721 3096 inveneris
1735 3035 1847 3097 taliter
1859 3049 1895 3095 se
1910 3033 1975 3094 ha-

1154 3129 1266 3204 ltere,
1288 3129 1483 3207 praebendas
1506 3113 1610 3208 i'psas,
1636 3129 1766 3194 sublato
1796 3129 1975 3208 cujuslibet

1177 3227 1448 3290 contradictionis
1474 3229 1507 3290 et
1530 3228 1764 3305 appellationis
1789 3227 1971 3299 obstaculo,

1176 3325 1249 3386 vice
1263 3327 1375 3386 nostra
1390 3325 1541 3402 personis
1556 3325 1687 3388 idoneis
1699 3325 1851 3388 conteres
1866 3325 1900 3387 et
1911 3340 1971 3388 as-

1177 3421 1302 3496 signes,
1326 3423 1360 3482 et
1384 3421 1488 3484 facias
1511 3423 1602 3499 ipsas
1620 3422 1811 3484 earumdem
1833 3422 1974 3500 pacifica

1177 3519 1386 3595 possessione
1401 3519 1557 3595 gaudere,
1580 3521 1853 3591 contradictores,
1867 3521 1896 3580 si
1917 3519 1973 3596 qui

1177 3616 1301 3678 scierint
1312 3617 1364 3678 vel
1380 3616 1521 3678 rebelles
1536 3633 1595 3694 per
1608 3633 1783 3680 censuram
1795 3616 1974 3680 ecclesias-

1177 3713 1289 3785 ticam,
1321 3713 1543 3791 appellatione
1578 3715 1781 3792 postposita,
1815 3729 1971 3792 compes-

367 3809 536 3871 Honorius
547 3807 732 3885 episcopus,
743 3823 858 3869 servus
869 3809 1119 3880 sorvorumDei,
1178 3811 1294 3872 condo.
1322 3812 1439 3874 Datum
1466 3811 1634 3886 Laterani,
1651 3815 1682 3874 X
1704 3811 1868 3876 kalendas
1881 3812 1972 3890 Julii,

327 3906 498 3970 canonicis
516 3906 556 3966 de
569 3904 706 3977 Vituhu,
724 3905 938 3967 cenadiensis
954 3903 1122 3980 dioecesis,
1179 3907 1389 3985 pontificatus
1401 3909 1506 3972 nostri
1522 3925 1610 3972 anno
1625 3910 1752 3988 quinto.

326 4003 514 4066 salutemet
529 4001 745 4079 apostolicam
764 4001 1043 4064 benedictionem.
1157 4027 1159 4032 ·

368 4102 488 4163 Cuma
512 4098 607 4162 nobis
635 4099 770 4176 petitur,
796 4098 871 4171 ete,
898 4115 1007 4173 usque
1025 4099 1125 4162 incli-

228 4177 246 4198 '
327 4199 408 4270 nati,
425 4211 586 4276 personas
598 4197 727 4258 vestras
743 4196 777 4256 et
791 4195 911 4266 locum,
928 4196 963 4255 in
983 4211 1048 4272 quo
1070 4195 1125 4256 di·

327 4295 495 4359 vincestis
505 4293 664 4370 obsequio
677 4293 869 4370 mancipati,
883 4307 957 4354 cum
973 4291 1125 4354 omnibus
1156 4359 1161 4378 ι

327 4391 437 4464 bonis,
458 4407 533 4468 quae
550 4391 586 4451 in
601 4391 856 4467 praesentiarnm
881 4389 1126 4452 rationabiliter

328 4489 516 4569 possidetis,
533 4488 592 4548 aut
613 4487 648 4548 in
671 4487 829 4557 futurum,
856 4488 1035 4562 praestante
1056 4489 1124 4548 Do·
1156 4487 1157 4490 ’

328 4587 431 4660 mino,
454 4583 556 4664 justis
577 4583 683 4645 modis
703 4583 854 4660 poteritis
879 4584 1033 4660 adipisci3
1064 4582 1124 4646 sub

328 4685 417 4747 beati
441 4683 532 4746 Petri
560 4681 593 4742 et
612 4683 727 4742 nostra
755 4681 959 4757 protectione
987 4681 1126 4758 suscipi·

328 4795 419 4855 mu„
443 4778 632 4856 specialiter
654 4777 764 4839 autem
787 4776 827 4838 ,10
852 4779 941 4850 pani,
966 4777 1007 4839 (10
1029 4777 1122 4854 popa,
1179 4759 1295 4820 liandat
1318 4767 1349 4817 ut
1371 4759 1525 4860 compellet
1541 4757 1573 4817 0.
1591 4760 1775 4832 prepositum
1790 4757 1826 4816 ad
1844 4757 1973 4818 ordinem
2083 4821 2084 4846 Ξ

329 4879 363 4940 et
376 4877 418 4938 de
441 4876 544 4937 Ponte
560 4877 688 4938 ivancae
703 4874 862 4936 ecclesias
882 4891 957 4936 oum
978 4875 1049 4936 suis
1063 4891 1124 4936 ca·
1158 4873 1160 4914 f
1408 4847 1576 4905 d¹³⁰⁰⁰⁸¹u⁸
1594 4846 1743 4905 ³⁰⁰⁹d0‘9·

329 4974 426 5054 pellis
442 4974 475 5035 et
496 4973 705 5050 pertinentiis
725 4971 927 5045 earumdem,
945 4987 1126 5034 avenera·
1218 4972 1385 5045 Honorius
1397 4971 1583 5052 episcopus,
1594 4987 1891 5036 servusserrorum
1900 4975 1970 5046 Dei,

328 5073 389 5135 hili
413 5071 515 5133 lratre
534 5069 648 5132 nostro
670 5072 708 5130 D.
731 5069 929 5132 cenadiensi
956 5070 1123 5148 episcopo,
1178 5070 1468 5136 venerabililratri
1482 5070 1977 5152 archiepiscopoMagdehurg,

329 5173 383 5234 sui
397 5167 534 5248 capituli
554 5166 731 5228 accedente
751 5182 927 5240 consensu,
949 5167 1005 5244 pia
1030 5166 1125 5230 vobis
1180 5169 1320 5233 salutem
1336 5170 1369 5230 et
1384 5168 1600 5246 apostolicam
1614 5168 1889 5232 benedictionem.

328 5267 529 5332 liberalitate
543 5279 732 5337 concessas,
751 5279 791 5326 ac
808 5263 876 5326 alia
897 5262 984 5324 bona
1000 5264 1122 5336 vestra,
1218 5269 1268 5328 Ex
1290 5267 1382 5344 parte
1397 5267 1455 5328 tna
1478 5265 1542 5328 luit
1561 5267 1766 5343 propositum
1781 5281 1895 5328 coram
1909 5281 1972 5328 no-

330 5367 416 5430 eiout
434 5379 474 5426 ea
488 5362 601 5426 omnia
623 5360 713 5439 juste
728 5360 761 5423 et
776 5359 915 5438 pacifice
934 5360 1123 5438 possidetis,
1178 5363 1242 5437 his,
1264 5363 1362 5440 quod,
1390 5379 1491 5440 quum
1506 5365 1543 5426 0.
1560 5367 1666 5440 major
1686 5364 1896 5441 praepositus,
1920 5378 1974 5426 an-

328 5457 1126 5540 vobisetpervosecclesiaevestraeauctoritate
2083 5537 2084 5540 Ἴ

328 5561 518 5639 apostolica
532 5556 776 5630 confirmamus,
786 5554 1000 5630 etpresentis
1009 5554 1125 5632 scripti
1180 5559 1298 5620 silure
1310 5573 1479 5622 annexum
1501 5559 1536 5620 et
1559 5573 1679 5621 causas
1698 5557 1813 5620 audiat
1824 5559 1909 5620 cond
1913 5602 1972 5620 .....
2083 5555 2084 5612 ζ

327 3505 471 3565 lionoriue
488 3505 563 3562 hona
583 3520 599 3564 a
621 3500 789 3564 denediensi
815 3505 961 3579 episcopo,
987 3507 1122 3578 praeposi·

362 3601 434 3652 ture
449 3593 485 3652 de
505 3593 613 3654 llitulm
638 3593 755 3663 donata,
780 3601 809 3651 et
830 3595 883 3652 alia
899 3594 1063 3662 conllrmat;
1077 3595 1121 3668 ip·

363 3696 484 3755 samque
497 3681 551 3740 sub
564 3696 646 3739 enam
656 3683 775 3755 suscipit
789 3683 1005 3755 protectionem.

1413 4151 1739 4247 dcodxxxviii

1298 4309 1351 4370 Ad
1363 4309 1541 4371 Alemone
1559 4313 1855 4385 archepiscopum

1404 4408 1747 4482 Mopdeourpensem.

1461 4527 1494 4585 n
1517 4527 1590 4600 jann
1611 4524 1690 4586 rin.

1175 2837 1282 2898 ratam
1294 2837 1466 2910 accedens,
1479 2839 1648 2900 athahans
1661 2855 1729 2916 prae
1744 2839 1850 2901 oculis
1863 2838 1972 2900 solum
2083 2845 2084 2884 ἓ

1177 2937 1291 3006 Deum,
1302 2935 1453 3012 inquiras
1467 2951 1567 3014 super
1582 2937 1763 3014 praemissis
1779 2936 1973 3012 diligentius
2083 2941 2084 2998 3

1179 4641 1215 4708 [S.
1224 4643 1367 4702 Lentrans,
1378 4638 1444 4707 liipl.
1463 4641 1543 4702 stills,
1559 4641 1622 4692 llist.
1633 4651 1683 4692 ron
1696 4639 1857 4707 llagdclmrg,
1868 4652 1895 4707 p.
1905 4641 1973 4708 elo]
2083 4641 2084 4672 l

1179 5460 1447 5524 chidiaconatum
1462 5460 1608 5524 civitatis
1622 5461 1745 5524 haheat
1759 5459 1830 5524 sire
1845 5475 1974 5540 praepo-
2083 5471 2084 5506 ³
