4280 6404
326 287 382 348 291
448 307 455 316 ·
951 292 1125 356 HONORII
1148 293 1192 354 111
1215 293 1363 358 opalis.
1915 301 1976 364 292

324 447 359 510 in
374 447 599 512 mercenarios
613 449 752 521 vestros,
772 464 830 526 pro
847 465 900 521 co,
919 450 1005 528 qnod
1022 449 1121 512 deci·
1175 451 1219 512 tis
1233 454 1344 514 autem
1358 451 1467 514 eidem
1488 452 1562 516 loco
1583 456 1733 532 suajura
1747 457 1972 534 servantibus,

324 561 408 617 mas,
421 545 511 608 sicut
523 545 647 610 dictum
662 549 723 618 est,
736 561 804 610 non
827 547 1028 623 persolvitis,
1049 548 1125 610 sive
1174 547 1219 608 sit
1229 563 1296 624 pax
1309 549 1440 612 Domini
1453 551 1558 612 nostri
1570 553 1651 614 iesu
1664 553 1798 626 Christi,
1809 557 1975 632 quatenus

322 642 435 718 aliqua
446 643 625 704 occasione
639 659 765 714 eorum,
782 659 855 720 quse
870 643 912 705 ab
931 646 1119 721 apostolica
1174 644 1277 706 ethic
1292 645 1434 708 fructum
1449 646 1545 708 bona
1569 648 1710 710 actionis
1725 651 1924 728 percipiant,
1939 657 1975 716 et

322 738 528 815 benignitate
550 739 644 802 vobis
668 740 797 802 indulta
816 742 904 812 sunt,
927 742 998 804 sive
1016 741 1121 804 bene-
1173 741 1261 817 apud
1290 742 1476 804 districtum
1500 744 1647 820 judicem
1676 748 1814 822 praemia
1837 751 1974 812 aeternas

323 835 466 898 factores
491 838 620 898 vestros
638 853 698 912 pro
719 852 759 898 ec
783 839 870 914 quod
889 838 1002 915 aliqua
1024 838 1119 900 vobis
1173 838 1267 912 pacis
1281 839 1466 902 inveniant.
1483 843 1598 904 Amen.
1612 845 1856 908 Amenhmen.
1871 843 1975 924 (Sub-

321 933 555 996 beneficiaret
580 933 738 1010 obsequia
762 951 805 996 ex
825 937 963 1000 caritate
987 937 1120 1013 praesti·
1171 937 1626 1012 scquuctursosm'tpitoccs
1639 940 1899 1020 cardinalium.)

321 1032 433 1103 tarint,
460 1030 514 1092 vel
539 1029 581 1091 ad
611 1030 829 1093 laborandum
860 1033 1060 1109 adjuverint,
1081 1034 1117 1095 in
1212 1033 1330 1094 Datum
1355 1035 1468 1106 Reate,
1486 1049 1546 1110 per
1564 1051 1699 1098 manum
1720 1039 1858 1099 Ranerii
1873 1041 1908 1102 S.
1930 1043 1971 1102 R.

321 1129 388 1190 illis
401 1128 528 1200 diebus
545 1129 580 1190 in
598 1128 717 1206 quibus
740 1145 798 1190 vos
814 1129 985 1204 laboratis,
1007 1131 1041 1192 et
1057 1130 1116 1194 alii
1172 1129 1207 1188 ll.
1222 1129 1565 1203 vicecancellarii,Vll
1576 1131 1652 1192 idus
1663 1148 1753 1209 aug,
1767 1133 1881 1198 indict.
1897 1138 1969 1210 Vll,

320 1225 495 1297 feriantur,
520 1227 669 1288 camdem
691 1227 888 1290 sententiam
905 1229 1114 1304 protulerint,
1172 1226 1415 1294 incarnationis
1445 1228 1627 1292 Dominioae
1664 1245 1753 1294 anno
1788 1233 1969 1306 htGGXlX,

319 1323 427 1400 ipsam
438 1325 596 1400 tanquam
609 1326 723 1386 contra
741 1325 1048 1402 sedisapostolicae
1063 1326 1117 1386 in-
1170 1323 1383 1403 pontidcatus
1406 1341 1484 1386 vero
1514 1326 1652 1388 Honorii
1681 1342 1776 1405 papae
1803 1330 1849 1392 ΙΙΙ
1880 1345 1972 1392 anno

318 1421 411 1482 dulta
424 1420 586 1498 prolatam
595 1421 751 1482 duximus
764 1421 972 1484 irritandam.
981 1423 1116 1486 Neolit·
1170 1422 1300 1496 quarto.

318 1520 400 1580 teras
424 1517 493 1580 iltae
518 1518 706 1582 firmitatem
728 1517 883 1592 habeant,
907 1535 991 1596 quas
1013 1519 1114 1584 tacito
1542 1546 1598 1634 XI

316 1615 452 1678 nontine
467 1615 698 1678 cisterciensis
714 1615 852 1687 ordinis,
872 1617 906 1678 et
928 1617 1043 1680 contra
1063 1617 1115 1678 te-

316 1727 433 1774 uorenr
449 1712 706 1790 apostolicorum
722 1710 973 1788 privilegiorum
988 1713 1115 1778 consti-

315 1809 591 1887 teritimpetrari.

358 1907 1114 1973 Praetereacumcommuneinterdictumterrae
1445 1889 1591 1964 9³¹¹ss¹¹⁸²·
1610 1891 1687 1948 ¹²¹9·

314 2004 391 2077 fuit,
403 2005 504 2066 liceat
515 2003 610 2066 vobis
625 2003 842 2064 nihilominus
865 2003 899 2064 in
914 2007 1025 2066 vestro
1038 2020 1113 2066 mc·
1201 1991 1424 2057 [chcst.‚lib.lv,
1436 1995 1510 2058 epist.
1522 1995 1578 2046 ωδ·
1592 1997 1648 2048 ⁸¹⁸⁸·
1660 1997 1697 2048 ¹⁴²
1708 1997 1783 2048 P⁰fi⁰
1795 1997 1830 2048 (¹¹¹
1841 1999 1936 2064 Thou]

310 2102 477 2173 anastasie,
489 2100 635 2162 exclusis
649 2100 945 2162 excommunicatis
965 2103 998 2163 et
1010 2101 1115 2166 inter·
1197 2098 1313 2158 handau
1327 2107 1358 2156 ut
1372 2100 1516 2172 inquirant
1532 2103 1682 2160 veritatem
1696 2103 1732 2162 de
1746 2105 1898 2162 luminario
1910 2106 1940 2162 in

314 2198 427 2270 dictis,
443 2198 556 2258 divina
569 2197 679 2258 officia
693 2196 873 2258 celebrare.
889 2198 969 2260 Paci
983 2213 1114 2275 quoque
1252 2186 1373 2244 θθῦῑθῦῑθ
1389 2188 1484 2247 sancti
1497 2190 1644 2248 Gfluoelissi
1659 2192 1882 2250 cameracensis.

313 2296 351 2358 et
359 2294 595 2372 tranquillitati
609 2295 730 2356 vestrae
745 2295 883 2370 paterna
896 2293 932 2356 in
946 2295 1113 2371 posterum
1208 2296 1385 2368 Honorius,
1400 2297 1462 2358 eto.
1477 2296 1606 2358 dilectis
1622 2297 1736 2360 tiliis...
1749 2301 1967 2364 archidiaco-

317 2393 543 2456 sollicitudine
559 2391 734 2469 providere
746 2391 906 2462 volentes,
916 2392 1113 2456 auctoritate
1168 2407 1247 2452 no...
1264 2391 1390 2457 decano
1404 2392 1474 2455 et...
1495 2395 1624 2458 cantori
1639 2397 1788 2468 Reman„
1807 2397 1963 2470 salutem,

316 2491 507 2568 apostolica
527 2488 751 2568 prohibemus,
764 2489 801 2552 ut
826 2487 914 2550 inira
939 2489 1113 2552 clausuras
1167 2488 1231 2550 eto.

318 2589 468 2650 locorum
483 2603 543 2650 sen
557 2587 773 2662 grangiarum
788 2587 976 2651 vestrarum
999 2587 1112 2650 nullus
1209 2587 1274 2648 Sua
1290 2585 1422 2648 nobis...
1443 2586 1589 2650 decanus
1604 2590 1638 2650 et
1651 2589 1832 2665 capitulum
1848 2591 1964 2654 Sancti

318 2687 472 2762 rapinam
495 2699 554 2748 seu
580 2683 703 2746 lurtum
727 2682 849 2755 facere,
875 2683 986 2759 ignem
1009 2697 1113 2760 appo·
1168 2683 1967 2752 Gaucericitlameracen.insinuationemonstra

318 2797 410 2854 nere,
432 2781 628 2858 sanguinem
647 2779 796 2852 fundere,
813 2779 981 2842 hominem
994 2795 1113 2858 capere
1167 2777 1256 2847 runt,
1277 2778 1492 2854 quodcum...
1517 2778 1665 2856 ipsorum
1680 2781 1831 2844 ecclesiae
1850 2786 1963 2846 custos

318 2881 373 2944 vel
388 2879 588 2948 interlicere,
605 2876 866 2942 seuviolentiam
879 2891 1113 2940 exercereau·
1167 2875 1320 2938 teneatur
1354 2876 1460 2938 cidem
1494 2877 1645 2940 ecclesiae
1680 2878 1715 2940 in
1742 2879 1963 2942 luminaribus

318 2979 405 3040 (leat.
422 2977 590 3040 Praeterea
605 2989 719 3036 omnes
740 2973 910 3036 libertates
934 2975 967 3036 et
987 2974 1112 3036 immu-
1167 2970 1353 3048 providere,
1371 2973 1605 3050 propterquod
1627 2975 1660 3035 et
1672 2975 1822 3051 quaedam
1837 2975 1905 3038 alia
1927 2976 1964 3038 in

317 3077 440 3141 nitates
454 3089 474 3135 a
488 3070 788 3150 praedecessoribus
803 3071 938 3142 nostris,
954 3072 1112 3134 Romanis
1168 3067 1288 3145 quibus
1301 3071 1432 3130 tenetur
1450 3070 1558 3132 eidem
1570 3071 1651 3132 certi
1667 3073 1701 3133 et
1721 3073 1822 3148 ampli
1837 3073 1916 3136 stunt
1932 3074 1964 3136 ci

319 3171 529 3253 pontificibus
539 3169 648 3232 ordini
659 3169 768 3231 vestro
779 3182 965 3237 concessas,
973 3183 1034 3228 nec
1045 3183 1113 3230 non
1168 3165 1316 3228 redditus
1329 3165 1488 3242 deputati,
1512 3166 1589 3230 licet
1602 3167 1864 3243 ipsesecundum
1876 3171 1966 3232 anti-

319 3267 539 3331 liberalitates
574 3268 608 3328 et
639 3264 866 3342 exemptiones
901 3263 1111 3326 saecularium
1168 3278 1267 3338 quarn
1307 3262 1456 3339 eJ‘usdem
1498 3263 1649 3324 ecclesiae
1690 3266 1963 3330 consuetudinem

319 3367 531 3429 exactionum
543 3379 564 3426 a
577 3362 712 3439 regibus
725 3362 758 3424 et
764 3359 1029 3438 principibusvel
1035 3359 1112 3422 aliis
1168 3358 1347 3421 luminaria
1356 3359 1428 3435 ipsa
1437 3360 1612 3431 ministret,
1622 3360 1962 3428 adeotamenmodica

319 3463 473 3526 fidelibus
489 3459 735 3524 rationabiliter
748 3458 842 3522 vobis
857 3457 1015 3530 indultas,
1027 3474 1112 3521 auc·
1168 3458 1246 3518 sunt
1258 3458 1409 3532 respectu
1422 3455 1606 3519 nobilitatis
1619 3457 1779 3530 ecclesiae,
1797 3474 1836 3520 ac
1846 3459 1963 3522 reddi·-

318 3561 453 3625 tcritate
465 3555 954 3636 Apostollcacontirmamus,et
965 3571 1115 3633 praesen·
1168 3554 1272 3626 tuum,
1291 3553 1348 3631 qui
1364 3553 1404 3614 ad
1427 3553 1490 3614 hoc
1509 3553 1656 3630 deputati
1677 3558 1859 3620 noscuntur
1877 3558 1964 3634 quod

317 3659 363 3724 tis
388 3656 503 3734 scripti
526 3653 702 3733 privilegio
721 3652 975 3716 communimus.
991 3653 1115 3716 Decer-
1168 3650 1201 3713 et
1214 3651 1483 3713 inconvenientia
1498 3651 1601 3714 multa
1616 3653 1767 3716 ecclesias
1790 3654 1856 3730 ipsi
1879 3669 1962 3731 pro·

320 3757 430 3818 nimus
441 3769 533 3830 erge,
546 3752 583 3814 ut
592 3750 676 3814 nulli
686 3749 821 3814 omnino
836 3749 1114 3815 bominum'liceat
1167 3748 1315 3820 veniunt,
1332 3749 1366 3810 et
1379 3747 1413 3808 in
1429 3748 1550 3826 populo
1563 3749 1756 3810 scandalum
1771 3753 1962 3828 generatur.

320 3853 495 3932 praefatum
512 3847 750 3912 monasterium
768 3847 892 3914 temere
906 3845 1111 3923 perturbare,
1168 3846 1289 3908 Cereus
1304 3861 1457 3923 namque,
1474 3861 1571 3923 quem
1600 3845 1706 3908 defert
1726 3846 1962 3920 ceroferarius,

320 3953 378 4014 aut
400 3952 473 4026 ejus
487 3945 715 4026 possessiones
741 3943 890 4016 auferre,
911 3943 965 4006 vel
985 3943 1113 4008 ablatas
1167 3957 1278 4004 cuma
1293 3943 1457 4019 principio
1478 3942 1589 4004 missae
1612 3944 1773 4020 usquead
1788 3944 1887 4006 tinem
1902 3961 1963 4006 ar-

319 4047 476 4118 retinero,
497 4045 659 4114 minnere,
676 4057 735 4104 seu
748 4040 948 4120 quibuslibet
961 4041 1114 4104 vexatio-
1168 4039 1247 4102 dare
1261 4039 1395 4103 deberet
1417 4040 1453 4100 in
1474 4037 1647 4100 ferialibus
1660 4039 1775 4100 diebus
1789 4041 1964 4117 evangelio

1169 1678 1221 1738 Ad
1238 1679 1529 1750 archidiaconum,
1551 1684 1721 1742 decanum
1735 1681 1769 1745 et
1788 1683 1968 1745 cantorem

1467 1779 1664 1838 Beruenses

319 4145 417 4207 nibus
443 4143 596 4218 fatigare,
612 4139 669 4204 aed
686 4139 798 4204 omnia
819 4139 950 4215 integra
974 4153 1112 4200 conser-
1168 4135 1254 4200 lecto
1273 4137 1489 4212 extinguitur,
1506 4137 1540 4200 et
1553 4138 1588 4198 in
1607 4136 1724 4198 diebus
1739 4137 1914 4200 dominicis
1930 4140 1965 4201 et
2081 4209 2090 4221 ,

319 4243 575 4310 ventureorum,
592 4253 651 4315 pro
667 4252 806 4314 quorum
821 4235 1060 4312 gubernatione
1074 4251 1113 4298 ac
1167 4233 1296 4301 festivis
1314 4247 1433 4296 novem
1454 4233 1631 4298 lectionum
1652 4233 1858 4312 simplicibus
1877 4252 1964 4298 unus

320 4336 564 4400 sustentatione
587 4347 745 4396 concessa
762 4335 850 4405 sunt,
867 4333 982 4394 usibus
1005 4333 1114 4396 omni-
1167 4332 1296 4394 tantum
1311 4329 1534 4392 ceroferarius
1561 4331 1696 4408 propter
1714 4332 1891 4410 luminaris
1903 4349 1964 4396 ca·

319 4437 381 4498 hus
396 4431 567 4511 profutura
583 4451 591 4490 ι
607 4429 699 4490 salva
717 4427 812 4490 Sedis
822 4430 1021 4504 apostolica
1032 4444 1114 4490 auc-
1168 4428 1310 4490 rentiam
1324 4429 1360 4488 in
1384 4427 1525 4490 ecclesia
1551 4428 1622 4504 ipsa
1642 4429 1819 4501 ministrat,
1843 4443 1905 4492 nec
1927 4430 1964 4492 in

318 4532 464 4596 toritate.
491 4527 526 4592 Si
553 4541 620 4604 qua
645 4526 748 4601 igitur
776 4525 811 4586 in
831 4524 978 4586 futurum
1005 4525 1115 4598 ecole-
1169 4525 1221 4586 his
1250 4524 1369 4589 diebus
1405 4525 1568 4602 procedit,
1598 4526 1651 4587 vel
1684 4526 1862 4593 comitatur
1889 4543 1964 4604 quae

319 4627 455 4692 siastica
479 4623 693 4688 smcvilarisve
717 4635 860 4698 masona
883 4620 970 4684 hanc
991 4624 1113 4685 nostra
1169 4621 1252 4682 cunt
1283 4620 1329 4680 ihi
1357 4622 1587 4698 processiones
1615 4621 1750 4700 aliquod
1784 4623 1961 4695 luminare,

319 4717 564 4790 constitutionis
593 4719 748 4798 paginam
772 4719 881 4782 sciens
900 4722 1016 4781 contra
1039 4733 1113 4780 eam
1168 4719 1302 4794 propter
1328 4721 1423 4794 cujus
1451 4717 1613 4780 defectum
1639 4717 1837 4782 festivitates
1857 4719 1963 4782 beatae

318 4828 444 4887 temere
469 4819 584 4882 venire
609 4816 797 4886 tentaverit,
815 4815 959 4886 secundo
974 4817 1113 4880 tertiove
1168 4815 1315 4888 Virginis
1326 4814 1384 4874 illa
1399 4813 1590 4879 celebritate
1598 4832 1671 4892 quae
1687 4815 1723 4878 ct
1733 4817 1766 4878 in
1780 4817 1895 4878 eadem
1908 4831 1964 4878 oc-

320 4919 532 4989 ccmmcnita,
551 4916 616 4978 nisi
633 4917 764 4978 reatum
780 4929 876 4976 suum
892 4929 1038 4990 congrua
1053 4930 1112 4976 sa·
1168 4912 1270 4976 clasis
1280 4913 1316 4972 in
1328 4910 1404 4974 aliis
1417 4912 1594 4988 praecipuis
1607 4912 1843 4978 festivitatibus
1856 4914 1964 4978 baete

318 5017 508 5082 tisiactioue
532 5011 727 5084 eorrexerit,
760 5010 932 5088 potestatis
958 5011 1114 5075 honoris-
1168 5009 1433 5078 nuscaruerunt.
1452 5009 1544 5070 Unde
1558 5009 1769 5086 postularunt
1784 5025 1803 5070 a
1818 5010 1914 5075 nobis
1929 5011 1965 5074 ut

310 5129 383 5196 que
406 5114 458 5175 sui
477 5111 591 5175 careat
615 5109 787 5184 dignitate,
814 5123 971 5184 reamque
996 5123 1032 5173 se
1061 5107 1114 5168 di·
1168 5106 1401 5171 mandaremus
1413 5121 1475 5183 per
1486 5106 1655 5169 custodem
1669 5106 1864 5184 pradictum
1879 5123 1963 5184 pro·
2041 5185 2044 5194 ,

317 5209 527 5290 vinojudicic
538 5205 732 5270 existerede
742 5204 930 5282 perpetrata
938 5204 1113 5280 iniquitate
1168 5203 1288 5275 videri,
1305 5203 1392 5280 quod
1407 5203 1575 5282 ineadem
1589 5204 1732 5266 ecclesia
1748 5203 1789 5266 ab
1805 5205 1964 5268 horarum

318 5309 507 5386 cognoscat,
520 5307 584 5368 cta
600 5303 824 5365 sacratissimo
836 5315 974 5377 corpore
989 5302 1022 5364 et
1031 5317 1109 5365 san·
1167 5301 1403 5365 canonicarum
1427 5303 1459 5362 et
1474 5301 1584 5364 missas
1605 5301 1769 5378 principio
1791 5318 1898 5379 nsque
1921 5302 1964 5364 ad

318 5408 419 5484 guine
447 5404 506 5468 hei
535 5403 569 5464 et
591 5399 722 5465 Domini
749 5398 979 5475 Redemptoris
1007 5399 1113 5465 nostri
1168 5399 1267 5460 tinem
1290 5398 1439 5475 ipsarum
1463 5399 1575 5462 nullus
1590 5398 1712 5462 ardens
1731 5399 1766 5459 in
1788 5414 1828 5461 ea
1845 5413 1964 5463 cereus

318 5507 398 5566 lesu
418 5499 540 5564 Christi
562 5497 673 5562 alicua
694 5496 761 5568 ilat,
782 5497 883 5572 atque
905 5495 939 5559 iu
964 5497 1112 5558 extremo
1167 5495 1383 5571 extinguatur
1394 5495 1428 5558 et
1441 5495 1505 5560 duo
1514 5496 1605 5558 cerei
1615 5495 1789 5572 portentur
1798 5496 1834 5557 in
1849 5495 1963 5558 missis

319 5600 473 5661 examine
487 5595 645 5660 districtae
669 5591 840 5669 subjaceat
855 5591 983 5654 ultioni.
1001 5593 1130 5653 (lunc-s
1168 5592 1371 5654 solemnibus
1396 5594 1430 5652 in
1454 5591 1572 5668 quibus
1596 5592 1717 5658 chorus
1737 5595 1851 5656 tenere
1866 5593 1961 5665 solet,
