4230 6388
161 311 218 373 ali
790 310 1020 374 anrsroam.
1043 313 1122 372 nin.
1146 313 1185 372 v.
1745 277 1820 387 aaa

160 469 425 544 Del,renerabili
440 467 536 532 tratri
551 470 584 530 G.
597 467 751 546 episcopo
765 467 952 540 Portuensi,
1009 467 1128 531 debeat
1141 470 1176 530 et
1189 468 1357 546 prodesse.
1383 468 1429 530 Ad
1449 469 1676 547 provisionem
1695 473 1806 536 autem

159 567 360 644 Apostolicae
373 565 467 628 sedis
482 565 602 641 legato,
620 565 760 626 salutem
776 565 808 626 et
820 559 956 640 aposto-
1010 565 1248 637 archidiaconi,
1272 566 1305 628 et
1321 566 1483 628 dictorum
1504 568 1646 644 quatuor
1660 569 1805 630 canoni-

161 664 259 726 licam
282 663 556 724 benedictionem.
583 663 662 721 Cum
687 661 721 721 in
745 663 835 722 terra
857 661 953 736 lega·
1011 677 1125 724 corum
1156 662 1366 738 assignamus
1390 663 1544 740 quicquid
1565 664 1654 740 juris
1682 663 1806 726 dictum

161 762 262 823 tionis
275 761 341 822 tuae
355 759 449 821 multi
460 759 527 819 sint
539 758 610 819 solo
622 758 757 819 nomine
769 758 953 833 regulares,
1010 759 1247 820 monasterium
1268 759 1423 831 habebat,
1451 760 1504 821 vel
1524 760 1646 822 habere
1668 759 1807 824 debebat

160 875 221 936 per
253 873 391 934 quorum
427 855 688 934 perversitatem,
723 854 884 923 ecclesiae,
919 855 955 914 in
1010 855 1044 915 in
1057 856 1127 916 tota
1140 855 1274 916 dioecesi
1289 857 1487 929 Arelatensi,
1505 859 1644 935 excepta
1659 858 1802 920 ecclesia

161 956 281 1033 quibus
303 953 498 1024 consistunt,
523 951 592 1012 iere
612 951 647 1012 in
674 952 903 1029 spiritualibus
923 954 956 1014 et
1011 954 1140 1014 Sanctae
1160 953 1292 1014 ceciliae
1308 954 1371 1014 sita
1389 955 1486 1030 juxta
1503 955 1648 1016 castrum
1671 970 1804 1030 novum,

160 1051 398 1129 temporalibus
418 1050 484 1111 sint
505 1049 673 1125 collapsae,
694 1047 880 1110 collocandi
898 1065 955 1110 eos
1010 1065 1108 1127 quam
1128 1047 1224 1128 [sorte
1242 1073 1249 1110 :
1269 1049 1410 1129 metasoe]
1427 1051 1664 1112 canonicorum
1684 1052 1806 1113 Arela-

161 1151 197 1211 in
212 1149 288 1210 aliis
303 1147 385 1209 locis
406 1147 447 1206 ad
467 1146 696 1221 poenitentiam
718 1145 953 1222 peragendam,
1009 1146 1154 1206 tensium
1177 1149 1338 1223 perpetuo
1362 1147 1568 1224 deputamus.
1591 1151 1638 1208 De
1663 1147 1806 1208 residuis

161 1263 202 1308 ac
216 1244 391 1307 ordinandi
407 1241 540 1304 easdem
560 1242 720 1303 ecclesias
740 1242 781 1303 de
803 1243 955 1318 personis
1010 1259 1089 1306 vero
1108 1243 1204 1304 bonis
1218 1244 1324 1320 ipsius
1343 1245 1548 1314 monasterii,
1565 1245 1805 1309 monasterium

162 1342 381 1419 regularibus,
410 1355 470 1401 seu
492 1340 593 1400 etiam
615 1338 833 1412 secularibus,
859 1340 956 1416 prout
1010 1340 1204 1402 monialium
1239 1340 1467 1402 Cisterciensis
1492 1341 1619 1402 ordinis
1650 1339 1805 1402 duximus

161 1437 309 1516 pensatis
325 1438 474 1497 locorum
489 1436 522 1497 et
535 1437 720 1512 temporum
736 1435 957 1497 circumstan-
1010 1437 1278 1500 construendum.
1301 1439 1387 1498 Sane
1407 1453 1482 1497 cum
1500 1452 1560 1512 per
1579 1435 1755 1514 privilegia
1774 1438 1807 1500 et

161 1536 217 1598 tiis
241 1534 365 1596 rideris
390 1532 557 1610 expedire,
588 1531 726 1593 liberam
751 1532 813 1593 tibi
836 1548 957 1594 conce-
1010 1534 1233 1610 indulgentias
1253 1537 1477 1596 Romanorum
1493 1533 1689 1596 Pontificum
1710 1532 1805 1594 nobis

162 1633 270 1693 dimus
290 1630 488 1693 auctoritate
513 1630 726 1707 praesentium
749 1631 953 1706 potestatem.
1011 1631 1196 1693 constiterit
1215 1632 1396 1704 evidenter,
1414 1630 1500 1708 quod
1519 1631 1641 1692 dicium
1665 1646 1803 1692 monas-

154 1731 280 1791 ·Datum
299 1727 451 1800 viterbii,
476 1726 585 1787 idibus
606 1727 801 1800 decembris,
822 1727 957 1804 pontill-
1010 1728 1130 1789 terium
1145 1728 1185 1790 de
1200 1727 1295 1790 bonis
1310 1729 1509 1804 episcopalis
1524 1743 1648 1789 meusae
1667 1728 1711 1789 sit
1724 1727 1804 1788 iun-

163 1825 654 1902 catusnostriannoquinto.»
1011 1825 1135 1895 datum,
1167 1825 1199 1884 et
1225 1824 1264 1884 ad
1295 1823 1404 1900 ipsum
1432 1823 1719 1900 archiepiscopum
1746 1825 1806 1900 J'us

202 1921 250 1984 Ad
276 1923 430 1982 decorem
453 1921 557 1996 igitur
589 1921 705 1982 domus
731 1919 862 1981 Domini
892 1935 955 1981 vo·
1012 1921 1175 1998 pertineat
1194 1921 1401 1996 patronatus,
1424 1920 1516 1982 urbis
1535 1921 1667 1995 Hugoni
1685 1920 1806 1982 Arela-

162 2017 268 2080 lentes
290 2017 502 2095 promodulo
526 2018 640 2078 nostro
661 2017 840 2093 plantanda
861 2016 957 2093 plan·
1011 2017 1096 2078 tensi
1121 2017 1385 2093 archiepiscopo,
1402 2021 1435 2078 et
1458 2033 1518 2092 per
1545 2031 1605 2076 ros
1628 2017 1749 2078 vestris
1770 2017 1807 2076 in

161 2117 247 2188 tare,
265 2117 298 2178 et
317 2114 499 2175 secundum
514 2110 709 2189 potestatem
729 2113 955 2189 praescriptam
1012 2113 1204 2190 perpetuum
1221 2111 1472 2174 successoribus
1487 2112 1709 2182 concedimus,
1731 2113 1767 2173 ut
1786 2128 1807 2174 a

163 2212 361 2290 extirpanda
380 2211 565 2286 extirpare;
589 2210 794 2271 attendentes
818 2225 955 2269 monas·
1012 2209 1105 2270 vobis
1120 2209 1236 2282 libere,
1257 2210 1290 2270 et
1303 2208 1428 2294 absque
1444 2209 1706 2270 contradictione
1720 2225 1807 2285 qua-

162 2309 283 2371 terium
295 2308 406 2370 Sancti
418 2307 567 2368 Gervasii
577 2306 618 2366 de
630 2305 956 2376 Fossa,Arelatensis
1011 2306 1102 2378 libet,
1124 2306 1393 2377 archidiaconus,
1407 2307 1439 2368 at
1457 2306 1533 2372 dicti
1550 2307 1692 2382 quatuor
1706 2321 1808 2367 cano-

163 2401 955 2479 dioecesis,obculparnabbatis,etmonachorum
1011 2403 1081 2464 nici
1098 2403 1270 2478 regulares
1293 2403 1510 2464 instituantur
1528 2402 1661 2463 ibidem.
1681 2401 1805 2464 Archi-

163 2502 328 2580 quondam
349 2500 429 2561 dicti
453 2498 646 2560 monasterii
667 2499 714 2558 ita
737 2513 811 2559 esse
831 2498 958 2574 collap-
1012 2500 1171 2561 diaconus
1186 2515 1265 2560 vero
1280 2498 1374 2561 vobis
1396 2499 1566 2575 promittat
1585 2498 1807 2561 obedientiam

164 2616 247 2671 sum,
270 2597 355 2674 quod
374 2597 433 2656 vix
450 2595 585 2672 adjiciet
602 2596 639 2656 ut
658 2595 825 2670 resurgat;
843 2594 957 2655 consi·
1012 2595 1211 2668 manualem,
1234 2598 1267 2658 et
1291 2596 1459 2672 tamquam
1486 2595 1585 2672 patri,
1612 2597 1645 2657 et
1667 2596 1808 2657 Domino

163 2695 318 2758 derantes
331 2695 430 2755 etiam
442 2691 620 2767 diligenter
631 2691 716 2769 quod
728 2691 787 2752 rix
798 2692 853 2752 vel
870 2706 958 2751 nun·
1012 2694 1165 2755 teneatur
1181 2694 1216 2754 in
1231 2692 1395 2760 omnibus,
1412 2695 1445 2754 et
1460 2707 1518 2768 per
1533 2693 1645 2752 omnia
1661 2691 1806 2752 obedire.

164 2809 262 2870 quam
290 2807 350 2868 per
375 2790 465 2851 viros
494 2788 584 2850 illius
613 2786 830 2864 professionis
854 2788 959 2864 possit
1012 2789 1059 2850 Ad
1076 2790 1138 2851 hoc
1153 2790 1305 2851 volumus
1318 2791 1351 2850 et
1365 2788 1571 2858 mandamus,
1587 2789 1623 2850 ut
1637 2804 1697 2865 per
1709 2787 1809 2850 insti-

164 2891 286 2952 dictum
300 2887 538 2950 monasterium
551 2885 713 2962 reparari,
729 2885 870 2962 denique
884 2900 958 2946 cum
1012 2887 1173 2948 tutionem
1185 2885 1476 2948 archidiaconatus
1494 2901 1591 2962 quam
1609 2883 1644 2944 in
1666 2883 1808 2946 ecclesia

164 3003 224 3066 per
239 2988 366 3063 lapsum
377 2985 524 3061 ipsorum
541 2983 574 3044 et
584 2983 685 3044 vitam
702 2981 957 3042 abominabilem
1013 2982 1199 3046 Arelatensi
1212 2981 1351 3044 fecimus
1366 2981 1493 3044 nullum
1506 2981 1563 3044 ilat
1577 2981 1808 3058 praejudicium

165 3081 233 3142 sint
255 3079 375 3157 populo
395 3077 430 3137 in
452 3076 608 3148 derisum,
625 3077 658 3136 et
678 3075 719 3134 ab
735 3075 859 3136 eisdem
876 3091 958 3136 con-
1013 3081 1089 3141 aliis
1103 3079 1319 3156 dignitatibus
1330 3093 1387 3140 sea
1401 3078 1633 3156 personatibus
1645 3079 1679 3140 in
1692 3078 1809 3140 eadem

163 3177 364 3253 temptibiles
392 3174 566 3245 habentur,
597 3171 742 3234 exclusis
767 3173 898 3250 penitus
927 3173 959 3234 et
1013 3177 1155 3238 ecclesia
1181 3177 1361 3238 consuetis.
1393 3167 1512 3238 Datu'm
1544 3175 1694 3247 Biterris,
1719 3190 1808 3238 anno

164 3278 324 3353 perpetuo
337 3272 456 3334 abbate
471 3272 504 3332 et
514 3269 866 3346 monachisquondam
880 3269 958 3331 dicti
1013 3275 1194 3335 Dominicaa
1219 3273 1463 3336 lncarnationis
1484 3272 1662 3334 millesimo
1684 3273 1810 3334 ducen-

164 3370 369 3442 monasterii,
386 3369 466 3431 etin
480 3367 555 3429 aliis
570 3367 653 3429 locis
668 3367 710 3427 ad
730 3367 958 3444 poenitentiam
1015 3371 1133 3434 tesimo
1147 3371 1318 3446 vigesima,
1331 3373 1405 3432 xlv.
1416 3369 1577 3431 kalendas
1591 3369 1716 3431 martii.

164 3468 386 3547 peragendam
411 3465 625 3534 collocandis,
659 3465 716 3542 qui
749 3463 900 3532 abbatiae,
927 3467 960 3525 et
1055 3468 1147 3528 Nulli
1158 3484 1249 3544 ergo,
1261 3471 1337 3538 etc„
1351 3469 1473 3530 nostrae
1486 3465 1747 3528 confirmationis
1760 3466 1810 3527 in·

164 3563 389 3634 monachatui,
407 3561 532 3639 (illuri,
549 3561 634 3638 quod
655 3559 820 3642 habebant
834 3561 869 3620 in
885 3575 959 3621 mo·
1015 3564 1172 3642 fringere.
1188 3565 1308 3628 Datum
1323 3564 1491 3638 Laterani,
1508 3565 1624 3626 octavo
1637 3563 1711 3626 idus
1719 3563 1809 3642 junii

164 3662 312 3724 nestorio
341 3660 459 3722 timore
495 3659 725 3736 probationum
757 3657 896 3725 inducti,
926 3660 960 3719 et
1016 3662 1243 3742 annoquinto.

164 3759 373 3836 propriorum
395 3755 571 3817 criminum
596 3755 721 3818 conscii
742 3755 960 3817 renuntiave-

163 3852 958 3928 runtinmanibusvenerabilisiratrisHugonis,
1059 3889 1061 3895 -
1308 3887 1522 3974 GCGGXXI

166 3953 369 4016 Arelatensis
391 3931 661 4028 archiepiscopi,
674 3950 799 4010 dictum
821 3965 959 4010 monas-

165 4050 285 4112 terium
301 4049 341 4110 ad
357 4048 552 4124 religionem
571 4045 807 4108 canonicorum
820 4045 959 4120 regula·
1035 4041 1088 4101 Ad
1100 4037 1256 4100 abbatem
1270 4037 1303 4098 et
1315 4037 1521 4098 collocatum
1535 4036 1653 4098 Salacia·
1671 4037 1791 4098 Pontii

165 4149 253 4208 rium
269 4145 427 4207 duximus
444 4141 677 4212 reducendum,
694 4157 768 4201 curn
791 4155 849 4216 per
871 4141 961 4216 ipsos
1215 4135 1348 4194 ordiale
1362 4132 1610 4194 cisterciensis·

169 4244 288 4305 melius
303 4244 340 4304 et
356 4239 488 4302 facilius
508 4237 549 4298 ad
569 4238 690 4298 statum
706 4237 880 4314 pristinum
896 4252 960 4297 va·
1038 4265 1042 4270 ·
1312 4253 1328 4310 7
1340 4252 1414 4327 iunii
1430 4253 1508 4312 liii.

169 4341 237 4402 leat
250 4336 411 4416 reparari.
427 4334 615 4397 statuentes
628 4333 714 4409 quod
727 4333 850 4394 ibidem
865 4333 963 4394 insti·
1162 4365 1257 4434 [cauis
1266 4367 1418 4425 cmm,
1433 4369 1453 4427 1,
1466 4367 1585 4418 insnum.
1599 4367 1665 4434 mu]

164 4430 962 4512 tuanturquatuorcanonici,licetnunc,propter

166 4533 379 4597 insolentiam
405 4527 545 4600 abbatis,
570 4529 604 4589 et
624 4526 862 4588 monachorum
882 4525 961 4589 dicti

166 4629 372 4702 monasterii,
385 4626 550 4706 quondam
563 4627 621 4687 vix
633 4625 697 4685 duo
714 4623 867 4686 monachi
878 4640 959 4700 pos·
1056 4618 1223 4681 Honorius
1233 4618 1420 4695 episcopus,
1434 4634 1549 4679 servus
1559 4617 1812 4692 servorumnei,

168 4729 298 4790 sentin
319 4727 435 4789 eodem
449 4722 653 4785 monasterio
673 4722 883 4791 commorari,
906 4721 962 4798 qui
1017 4717 1146 4778 dilectis
1169 4716 1202 4776 in
1225 4715 1356 4776 Christo
1381 4714 1557 4776 abbatissae
1579 4716 1612 4777 et
1635 4717 1812 4779 conventui

168 4827 269 4888 etiam
283 4825 342 4885 Dei
357 4823 477 4884 timore
492 4835 630 4897 prorsus
646 4819 774 4895 abjecto
794 4833 861 4878 non
876 4819 964 4878 tam·
1019 4813 1130 4876 Sancti
1146 4812 1257 4876 Pontii
1270 4811 1499 4874 Cisterciensis
1515 4811 1654 4886 ordinis,
1668 4813 1811 4876 salutem

169 4937 267 5000 quam
281 4921 315 4980 in
331 4917 542 4988 monasterio,
558 4915 615 4977 sed
628 4915 764 4978 velutin
778 4913 962 4992 prostibulo
1017 4914 1050 4972 et
1063 4910 1279 4987 apostolicam
1293 4908 1576 4970 benedictionem.

168 5017 353 5080 residentes
374 5015 414 5076 de
433 5015 581 5091 ipsorum
602 5012 859 5073 conversatione
876 5011 962 5072 reli·
1055 5011 1101 5069 Ea
1114 5023 1188 5086 quaa
1203 5022 1262 5084 per
1278 5006 1405 5082 legatos
1419 5005 1514 5068 Sedis
1528 5007 1727 5084 Apostolicae
1740 5024 1815 5086 pro·

169 5114 261 5192 gioni
273 5129 339 5174 non
357 5110 485 5172 modica
501 5109 674 5172 eveniebat
686 5105 858 5180 detractio,
879 5114 913 5170 et
929 5107 963 5168 in
1017 5105 1093 5168 vide
1112 5105 1320 5176 ordinantur,
1344 5105 1419 5176 etc,
1436 5105 1472 5166 ut
1485 5105 1521 5165 in
1535 5104 1676 5181 epistola
1692 5121 1816 5181 praeca·

170 5212 291 5291 populo
332 5223 438 5286 graie
475 5206 645 5268 oriebatur
686 5205 892 5277 scandalum,
932 5206 965 5266 et
1019 5202 1108 5265 denti
1132 5216 1239 5276 usqae
1263 5201 1304 5262 ad
1326 5201 1557 5277 poenitentiam
1580 5201 1815 5277 peragendam,

169 5323 317 5375 enorme.
352 5305 510 5367 creantes
543 5301 761 5364 nihilominus
790 5301 963 5363 archidia-
1019 5297 1232 5369 collocandis,
1254 5297 1290 5358 in
1306 5297 1449 5359 ecclesia
1463 5297 1577 5359 Sancti
1590 5298 1680 5359 Petri
1701 5298 1740 5359 de
1756 5299 1817 5360 Al-

170 5423 290 5472 conum
304 5404 339 5466 in
355 5401 497 5465 ecclesia
508 5399 707 5470 Arelatensi,
719 5400 776 5475 qui
791 5401 962 5477 perpetuo,
1019 5411 1174 5458 manarra
1190 5395 1385 5457 Tolonansis
1401 5395 1554 5456 diaecesis
1576 5395 1815 5458 monasterium

171 5506 268 5568 dictis
292 5499 471 5565 canonicis
487 5497 596 5559 eidem
625 5495 861 5559 archidiacono
885 5495 967 5556 sub-
1019 5493 1215 5555 monialium
1244 5491 1475 5552 cisterciensis
1499 5490 1626 5552 ordinis
1657 5490 1820 5554 duximus

1017 4485 1156 4545 Fundam
1172 4484 1361 4544 Parthenonis
1376 4484 1471 4542 Sancti
1488 4485 1562 4542 Petri
1580 4483 1616 4542 de
1629 4485 1810 4544 Almanam.

172 5603 249 5666 ditis
262 5601 295 5665 st
308 5595 529 5664 obedientiam
542 5591 809 5672 promittentibus
822 5607 966 5672 praeesse
1019 5587 1288 5661 construendum,
1304 5587 1390 5667 qnod
1407 5587 1644 5649 monasterium
1660 5587 1818 5662 volumus
