4280 6404
317 355 378 414 287

198 559 205 578 .
312 513 462 590 jusmodi
482 513 714 592 approbantes,
730 531 789 594 per
809 517 999 594 Apostolica
1018 518 1113 580 vobis

316 611 443 687 scripta
454 611 659 682 mandamus,
671 615 835 691 quatenus
845 615 1027 676 secundum
1040 631 1114 676 eam

319 706 563 771 invariabiliter
601 710 800 786 procedatis.
840 713 958 774 Datum
991 715 1112 786 Reate,

319 806 380 865 vll
393 804 467 866 idus
480 806 624 881 augusti,
638 821 727 869 enno
742 809 873 884 quarto.

688 973 744 1062 IX

319 1098 372 1158 Ad
393 1098 558 1158 iuberem
582 1098 778 1170 stomaco„
800 1099 835 1160 et
857 1101 1112 1177 deserturam.

621 1196 806 1268 episcopos.

596 1308 615 1364 7
628 1307 744 1379 augusti
760 1308 839 1365 late.

365 1411 506 1476 [Regneld.
513 1410 604 1462 tunel.
611 1412 751 1463 ecclesiast.
767 1413 902 1464 edendum
913 1413 981 1472 isle,
995 1413 1066 1478 m]

323 1509 359 1566 Ut
377 1506 623 1581 archiepiscopum
642 1509 841 1581 Upselensom,
856 1511 881 1568 si
911 1512 990 1584 regie
1011 1512 1112 1568 inune-

355 1596 431 1654 tione
446 1599 585 1655 loannem
595 1599 779 1667 consecrarit,
790 1597 826 1656 ad
835 1597 987 1656 dicendam
996 1613 1115 1657 causam

357 1685 488 1742 Romano
502 1684 631 1742 Pontifici
646 1685 787 1744 desistere
799 1686 927 1760 jubeant.

362 1791 561 1852 carissimus
574 1792 610 1852 in
625 1791 756 1855 Gbristo
782 1793 872 1854 lilius
886 1796 999 1857 noster
1017 1795 1115 1856 Wal-

321 1888 487 1961 demarus,
504 1891 671 1950 Danorum
682 1904 742 1950 rex
756 1891 907 1962 illustria,
925 1892 1117 1955 nobisinsi-

321 2001 427 2046 nuare
443 1986 582 2058 curavit,
597 1987 682 2063 quod
703 1987 803 2050 clarae
817 1989 986 2050 memoriae
1006 1989 1113 2064 Erice,

321 2082 548 2158 regesneciae,
559 2082 657 2143 rebus
673 2083 828 2146 humanis
843 2086 1005 2164 exempto,
1021 2085 1118 2148 nobi-

322 2180 364 2240 lis
379 2180 432 2241 vir
440 2181 491 2241 Jo.
504 2195 643 2254 regnum
665 2181 792 2242 Sueciae
804 2182 845 2242 ad
857 2181 1002 2244 defuncti
1012 2183 1116 2245 lilium

321 2276 402 2337 dicti
416 2275 504 2350 regis
526 2279 693 2338 Danorum
715 2278 867 2354 nepotem
878 2282 954 2356 jure
973 2280 1117 2342 haeredi-

320 2373 407 2434 tario
422 2371 675 2445 devolvendum,
693 2376 910 2451 quorumdam
924 2379 1116 2453 magnatum

321 2470 469 2545 ejusdem
483 2469 578 2545 regni
591 2470 705 2531 favore
716 2472 871 2533 suffultus
886 2475 1051 2536 violenter
1063 2477 1117 2536 in-

321 2567 418 2626 vasit.
447 2569 551 2626 Porro
588 2567 676 2628 idem
700 2583 780 2640 rex,
809 2570 1001 2644 intellect0,
1029 2574 1115 2648 quod

321 2663 530 2725 venerabiles
545 2663 664 2726 fratres
685 2665 826 2736 nostri...
845 2668 1115 2746 archiepiscopus

323 2760 478 2838 upsalen.
496 2761 530 2822 et
551 2761 755 2837 suffraganei
783 2763 816 2823 in
837 2781 949 2840 regem
962 2766 1117 2828 volebant

323 2857 486 2933 inungere
505 2857 730 2934 supradictum
745 2859 900 2932 nobilem,
918 2877 960 2922 ne
974 2861 1006 2922 id
1023 2862 1115 2924 face-

322 2957 400 3016 rent
422 2953 567 3016 inhibuit
581 2955 757 3032 appellato‚
775 2956 947 3033 praefatum
963 2960 1114 3036 nepotem

325 3068 433 3124 suum,
446 3049 478 3114 et
490 3052 601 3112 omnia
607 3054 685 3130 jnra
698 3055 769 3134 ejus
782 3055 980 3130 Apostolicae
990 3057 1116 3133 protec-

322 3150 407 3212 tioni
428 3164 627 3226 supponens,
655 3165 695 3212 ac
722 3150 899 3227 praedgens
924 3155 1113 3227 terminum,

937 359 1113 422 HONORII
1136 361 1182 422 111
1204 362 1352 424 OPERA.

1904 371 1965 432 288

1169 517 1245 594 quid
1261 520 1372 582 autem
1388 521 1463 583 inde
1475 522 1631 597 feceritis,
1650 527 1746 588 nobis
1762 543 1822 604 per
1835 527 1963 590 litteras

1167 617 1296 677 vestras
1310 618 1477 680 veraciter
1490 619 1662 684 intimetis.
1679 625 1748 696 Qod
1764 624 1793 684 si
1809 639 1875 685 non
1890 639 1963 685 om-

1168 728 1238 784 nes,
1269 713 1331 775 etc.
1364 715 1483 776 Datum
1498 718 1601 780 Reate
1624 722 1685 781 th
1702 720 1779 781 idus
1816 722 1961 797 augusti,

1169 811 1381 886 pontificatus
1395 813 1500 875 nostri
1513 829 1602 877 anno
1617 819 1747 894 quante.

1470 1034 1473 1043 -
1548 975 1584 1060 ll

1208 1097 1261 1157 Ad
1278 1098 1530 1160 monasterium
1549 1101 1590 1160 de
1606 1101 1774 1173 caustro,
1791 1103 1925 1163 ordiam

1441 1196 1691 1258 cisterciensis.

1468 1309 1564 1380 laug.
1583 1309 1663 1365 ills.

1201 1407 1359 1473 [Hontheirm
1367 1411 1432 1463 llisr.
1443 1411 1599 1462 Trevirensis
1608 1413 1754 1478 diplomat,
1764 1420 1783 1465 t.
1795 1416 1814 1474 l,
1824 1430 1850 1480 p.
1865 1414 1932 1476 dte]

1170 1508 1240 1566 illud
1260 1505 1465 1567 monostobium
1492 1511 1628 1568 tuendum
1656 1511 1785 1585 suscipit,
1807 1527 1965 1586 omnesque

1205 1596 1267 1668 ejus
1292 1599 1489 1670 possessiones
1515 1613 1549 1656 ac
1573 1598 1659 1670 bona,
1673 1600 1737 1673 jure
1754 1615 1790 1658 ac
1814 1601 1963 1674 privilegia

1205 1683 1365 1742 confirmet

1208 1785 1375 1844 Honorius
1384 1783 1568 1861 episcopus,
1583 1801 1699 1846 servus
1710 1802 1881 1848 servorum
1891 1787 1960 1858 Dei,

1170 1877 1282 1941 abbati
1296 1881 1491 1942 monasterii
1505 1881 1545 1942 de
1561 1882 1713 1943 Claustro
1735 1886 1872 1960 eJusque
1894 1882 1964 1944 fra-

1169 1975 1288 2048 tribus,
1299 1977 1367 2038 tam
1376 1977 1595 2054 praesentibus
1611 1977 1709 2056 quani
1718 1979 1849 2052 futuris,
1866 1995 1962 2056 regu-

1169 2072 1274 2134 larem
1287 2074 1389 2134 vitam
1404 2073 1563 2150 professis
1578 2075 1614 2135 in
1629 2077 1835 2152 perpetuum.

1211 2170 1414 2246 Religionem
1427 2171 1530 2234 vitam
1544 2171 1719 2246 agentibus
1733 2173 1959 2250 Apostolicum

1171 2266 1325 2328 convenit
1339 2265 1456 2328 adesse
1470 2269 1672 2344 praesidium,
1681 2286 1723 2329 ne
1732 2269 1816 2331 forte
1828 2269 1961 2348 cujusli-

1170 2363 1225 2425 bet
1238 2363 1433 2426 temeritatis
1442 2365 1609 2437 incursus,
1620 2368 1678 2427 aut
1690 2382 1777 2428 eosa
1791 2367 1962 2444 proposito

1170 2461 1312 2531 revocet,
1327 2464 1384 2522 aut
1395 2461 1497 2522 robur
1512 2460 1612 2540 (quod
1628 2463 1728 2542 absit)
1746 2479 1851 2526 sacrae
1874 2463 1960 2526 reli-

1169 2558 1278 2634 gionis
1293 2558 1463 2634 infringat.
1479 2561 1671 2636 Repropter,
1695 2561 1807 2622 dilecti
1832 2562 1867 2622 in
1889 2563 1959 2623 Do-

1169 2655 1259 2715 mino
1287 2654 1357 2727 tilii,
1391 2657 1512 2718 vestris
1545 2658 1646 2733 J'ustis
1684 2657 1963 2735 postulationibus

1170 2752 1358 2825 annuimus,
1388 2754 1421 2815 et
1444 2753 1618 2830 praeratum
1656 2757 1897 2818 monasterium
1921 2757 1962 2817 de

1170 2849 1331 2922 claustro,
1348 2851 1384 2912 in
1399 2867 1463 2929 quo
1478 2851 1590 2913 divino
1604 2851 1684 2916 estis
1699 2851 1856 2930 obsequio
1872 2869 1963 2914 man-

1170 2947 1281 3024 cipati,
1299 2947 1359 3010 sub
1371 2947 1459 3010 beati
1472 2949 1563 3010 Petri
1577 2949 1610 3011 et
1625 2951 1739 3012 nostra
1754 2951 1960 3028 protectione

1171 3045 1382 3123 suscipimus,
1399 3047 1432 3108 et
1447 3047 1621 3123 praesentis
1646 3047 1760 3124 scripti
1786 3048 1963 3124 privilegio

1170 3144 1421 3206 communimus.
1440 3145 1476 3203 In
1492 3143 1608 3219 primis
1626 3143 1789 3220 siquidem
1809 3144 1962 3207 statuen-

323 3261 388 3323 quo
403 3261 462 3323 por
485 3261 532 3317 se,
552 3245 606 3307 vel
637 3261 696 3324 per
708 3246 841 3308 nuntios
859 3263 937 3310 suos
950 3249 985 3310 in
1003 3251 1117 3313 nostra
1170 3242 1230 3312 10⁸,
1241 3241 1277 3302 ut
1284 3240 1583 3310 ord0m0ssasti0ub
1592 3239 1647 3318 (1¹11
1657 3241 1837 3302 secundum
1845 3243 1962 3311 Deum,

322 3343 553 3419 comparerent
579 3341 768 3418 praesentia,
798 3343 841 3404 iis
879 3345 936 3422 qni
963 3347 1118 3411 venirent
1171 3337 1203 3398 et
1217 3336 1961 3414 RBenedictiregulam,atqueinstitutionem

323 3439 499 3516 protulere
515 3438 737 3515 dietinepods
762 3440 814 3500 sul
829 3443 962 3516 justitia
976 3459 1118 3521 respon·
1171 3433 1438 3496 cisterciensium
1458 3433 1608 3508 narrum,
1628 3435 1664 3495 in
1690 3435 1805 3496 eodem
1831 3451 1963 3498 monas·

323 3533 393 3596 suri
410 3549 417 3592 :
434 3533 491 3592 sed
522 3532 586 3609 ipsi
620 3533 768 3608 legitima
794 3537 866 3612 ejus
895 3538 1116 3614 appellatione
1170 3532 1256 3593 terto
1270 3531 1442 3593 institutus
1457 3547 1532 3592 esse
1551 3533 1767 3608 dignoscitur,
1793 3533 1964 3610 perpetuis

323 3631 521 3705 contempta,
548 3629 582 3689 in
610 3644 722 3704 regem
742 3632 947 3695 inunxerunt
973 3635 1117 3697 nobilem
1172 3628 1293 3689 ibidem
1316 3628 1519 3704 temporibus
1544 3629 1783 3692 inviolabiliter
1804 3630 1964 3692 observe-

323 3725 538 3800 antedictum,
551 3725 587 3786 in
614 3725 745 3802 praefati
771 3730 900 3805 nepotis
918 3732 970 3790 sui
985 3732 1115 3809 pupilli,
1170 3725 1236 3786 tur.
1268 3727 1433 3788 Praeterea
1461 3741 1683 3803 quascumque
1718 3729 1961 3804 possessiones,

323 3822 470 3884 aretium
480 3823 664 3898 postpatris
673 3823 876 3887 obitumnati
884 3827 1117 3902 gravissimum
1172 3837 1386 3899 quaecumque
1409 3821 1497 3884 bona
1526 3823 1615 3883 idem
1654 3824 1892 3886 monasterium
1928 3825 1963 3886 ln

323 3919 564 3996 prejudicium,
594 3921 627 3982 et
649 3922 873 4000 contemptum
901 3925 1117 4002 nostrumne
1171 3913 1521 3997 praesentiarumjuste
1547 3935 1587 3982 ac
1615 3921 1776 3982 canonice
1802 3921 1960 3998 possidet,

324 4017 419 4078 Sedis
434 4017 632 4092 Apostolicae
642 4017 866 4082 manifestum.
1172 4017 1279 4079 autin
1295 4017 1441 4078 futurum
1454 4018 1669 4079 concessione
1679 4018 1883 4094 pontificum,
1895 4019 1964 4079 lar-

362 4113 522 4176 Nolenteb
534 4113 639 4189 igitur
649 4115 839 4192 hujusmodi
849 4119 1117 4197 presumptionis
1171 4114 1296 4190 [titione
1306 4127 1421 4188 redum
1431 4113 1485 4174 Vssl
1498 4114 1695 4190 Pfissssipums
1709 4114 1876 4176 0hlflfi⁰11⁰
1886 4115 1964 4175 fide·

322 4226 496 4272 excessum
517 4209 578 4272 sub
594 4211 860 4276 dissimulatione
869 4216 1028 4286 transire,
1043 4233 1117 4280 cum
1171 4211 1264 4283 lium,
1282 4225 1342 4272 seu
1354 4209 1430 4272 aliis
1441 4212 1542 4288 justis
1557 4210 1675 4283 modis,
1692 4211 1871 4288 prestante
1893 4213 1963 4274 Do-

322 4307 441 4370 debitae
468 4323 574 4384 poenae
602 4309 755 4370 remissio
783 4311 958 4373 audaciam
994 4313 1119 4377 tribuat
1172 4310 1273 4380 mino,
1283 4307 1769 4385 poteritadipisci‚flrmavobis
1779 4309 1964 4385 vestrisque

322 4404 546 4482 delinquendi,
576 4420 635 4480 per
662 4406 852 4482 Apostolica
875 4409 970 4470 vobis
994 4411 1117 4489 scripta
1172 4405 1606 4478 successoribus,etillibata
1617 4407 1836 4480 maneant;in
1845 4406 1964 4482 quibus

322 4501 536 4572 mandamuS,
572 4501 750 4577 quatenus,
789 4504 949 4580 inquisita
987 4507 1116 4584 plenius
1171 4504 1244 4565 baec
1267 4503 1411 4580 propriis
1438 4502 1592 4563 duximus
1620 4502 1835 4578 exprimenda
1861 4516 1965 4564 voca-

322 4597 473 4669 veritate,
490 4598 520 4658 si
534 4597 627 4658 vobis
647 4599 834 4662 constiterit
855 4601 960 4664 dictos
980 4605 1115 4666 archie—
1171 4599 1257 4662 bulis
1269 4601 1394 4662 :locum
1405 4600 1511 4676 ipsum
1524 4599 1559 4658 in
1571 4614 1635 4676 quo
1648 4597 1821 4674 prelatum
1832 4613 1964 4661 monas·

322 4695 493 4772 piscopum
510 4695 542 4755 et
560 4694 731 4770 episcopos
749 4695 791 4757 ad
805 4697 1034 4760 inunctionem
1048 4701 1116 4761 bu·
1170 4697 1292 4760 terium
1308 4698 1407 4760 situm
1420 4697 1480 4768 est,
1497 4711 1572 4756 cum
1583 4695 1736 4756 omnibus
1751 4695 1963 4771 pertinentiis

318 4791 468 4869 jusmodi
480 4791 554 4868 post
570 4791 827 4867 appellationem
843 4793 1026 4869 legitimam
1039 4813 1119 4874 pro-
1172 4797 1257 4872 suis3
1274 4795 1447 4872 grangiam
1467 4793 1503 4854 in
1522 4792 1743 4869 Langescbeit
1765 4807 1839 4854 cum
1861 4793 1965 4854 omni-

323 4889 477 4960 cessisse,
493 4888 691 4950 auctoritate
708 4891 823 4952 nostra
847 4891 987 4954 firmiter
1004 4893 1118 4971 injun-
1171 4890 1454 4971 buspertinentiis
1470 4889 1559 4964 suis3
1573 4890 1682 4950 terras
1695 4890 1729 4951 et
1741 4890 1864 4967 sylvas,
1881 4906 1964 4967 quas

322 4985 410 5062 gatis
423 4985 487 5062 ipsi
498 4985 749 5064 archiepiscopo
764 4988 797 5049 et
807 4988 1115 5067 uniepiscoporum,
1172 4989 1339 5052 oerardus
1347 4988 1380 5048 et
1388 4986 1507 5048 Rozeio
1516 4986 1549 5047 et
1556 4985 1769 5058 Hesso,fllius
1776 4989 1859 5064 ejus,
1867 4987 1963 5049 vobis

293 5120 299 5129 -
322 5085 380 5163 qui
394 5083 570 5146 astiterunt
592 5082 711 5156 eidam,
729 5086 765 5146 ut
776 5084 865 5147 infra
878 5090 1118 5163 competentem
1172 5089 1227 5165 pia
1239 5084 1439 5156 liberalitate
1452 5083 1603 5158 donavit;
1619 5085 1795 5161 grangiam
1808 5083 1848 5146 de
1863 5085 1962 5144 Win-

321 5181 499 5246 terminum
521 5179 585 5242 sibi
610 5181 846 5258 praetigendum
872 5199 891 5244 a
918 5183 1025 5258 vobis,
1043 5202 1117 5248 cum
1171 5183 1307 5248 terhacb
1322 5197 1396 5242 cum
1409 5181 1592 5258 piscatione
1605 5197 1665 5242 sua
1681 5197 1786 5259 usque
1800 5183 1834 5242 in
1848 5181 1965 5242 Mosel-

321 5277 592 5358 procuratoribus
621 5278 764 5340 aliorum
797 5282 987 5357 Apostolico
1020 5299 1119 5344 cons·
1172 5279 1539 5357 lamaxutraqneparte
1549 5278 1966 5356 Kylaecumomnibusper·

322 5377 432 5456 peotui
448 5376 668 5453 personaliter
676 5393 712 5437 se
720 5378 933 5453 praesentsnt,
950 5379 990 5441 de
1006 5381 1119 5459 hujus·
1172 5378 1321 5443 tinentiis
1336 5377 1422 5452 suis;
1436 5377 1610 5454 grangiam
1635 5376 1675 5438 de
1696 5377 1789 5447 Hart,
1807 5377 1840 5436 et
1858 5391 1963 5450 gran-

322 5477 411 5538 modi
426 5473 628 5536 satisfacturi
639 5474 839 5550 contemptu,
864 5475 954 5552 ipsos
969 5477 1010 5538 ad
1025 5479 1070 5550 id,
1089 5481 1118 5540 si
1172 5478 1261 5553 giam
1275 5475 1316 5537 de
1324 5475 1535 5550 Bellocampo
1547 5489 1622 5535 cum
1632 5471 1786 5534 omnibus
1794 5472 1966 5548 pertinen-

321 5589 458 5634 nacesse
473 5572 582 5644 fuerit,
601 5588 659 5648 per
673 5572 1117 5637 censuramecclesiastioam
1171 5574 1228 5635 tiis
1243 5573 1450 5646 earumdem
1467 5573 1658 5632 terrescum
1667 5568 1865 5630 molendinis
1877 5569 1964 5644 apud

321 5670 543 5748 appellatione
558 5670 739 5746 postposita
754 5670 999 5756 compellentes.
1014 5673 1119 5745 Quid·
1172 5671 1282 5744 Burcb
1307 5670 1341 5731 et
1369 5669 1647 5740 Maranclr,'etc.,
1675 5681 1789 5727 omnes
1817 5666 1964 5726 omnium
