4300 6392
283 318 343 378 407
427 337 428 342 ¹
907 314 1082 374 HONORH
1105 313 1149 373 111
1171 314 1319 375 OPERA.

1869 315 1937 375 foa.

285 475 403 538 laetitia
417 489 521 551 aquas
536 475 576 534 de
595 471 738 535 futilibus
754 471 948 544 salvatoris,
966 474 1001 535 ut
1020 484 1077 533 aas
1131 472 1221 533 tione
1233 471 1387 543 tractato,
1401 471 1448 533 ita
1464 469 1550 548 quod
1563 470 1673 548 partas
1684 471 1767 548 ipsae
1781 485 1801 531 a
1821 471 1926 534 forma

285 572 436 634 dividant
449 572 484 634 in
499 571 618 646 plateis
633 585 699 631 non
712 569 817 640 solum
831 568 873 629 ad
891 569 1076 631 satietatem
1134 568 1197 630 sibi
1217 570 1358 631 tractata
1381 569 1416 630 in
1439 569 1554 645 paucis
1575 567 1728 630 articulis
1752 569 1927 630 discorda·

286 670 473 729 animarum
493 683 566 744 quae
591 667 680 727 sitim
695 665 828 736 babent,
845 664 904 726 sed
921 666 1019 726 etiam
1042 666 1077 725 in
1132 665 1224 727 bant.

286 765 432 827 salutare
446 763 627 825 remedium
643 765 675 824 et
686 762 884 823 medicinam
895 763 1009 822 contra
1024 778 1079 823 ve·
1174 765 1257 824 liceo
1279 762 1401 823 nobilis
1421 762 1475 823 vir
1488 762 1633 824 Dalcbor
1653 765 1762 839 major
1779 762 1929 839 justitia-

273 873 408 924 ·nenum
423 861 653 937 aegrotantium
675 859 874 920 animarum.
893 861 933 921 st
952 861 988 920 ut
1002 860 1077 936 plo·
1133 862 1214 932 rins,
1231 861 1264 922 et
1278 861 1441 921 Martinus
1462 861 1635 920 Pincemae
1649 859 1755 936 ipsius
1770 859 1872 935 regis,
1890 873 1928 920 ao

285 959 362 1021 nius
377 958 586 1033 cognoscatis
611 958 778 1018 sincerum
797 957 963 1029 affectum,
981 973 1078 1034 quem
1134 958 1394 1024 Marchuoardns
1420 955 1461 1017 de
1489 957 1614 1018 Decbin
1630 957 1663 1018 et
1684 955 1864 1032 Dionysius
1887 957 1929 1017 de

286 1072 366 1132 erga
396 1055 571 1132 praedictcs
596 1053 716 1116 manes
739 1055 895 1129 gerimus,
923 1069 1078 1130 rogamus
1135 1056 1285 1116 Prachan
1322 1053 1495 1115 castellani
1530 1053 1735 1114 advenerunt
1767 1067 1810 1114 ex
1836 1054 1929 1129 parte

285 1152 424 1230 proinde
436 1152 644 1214 devotionem
656 1152 800 1213 vestram
814 1152 847 1214 ei
864 1151 1079 1212 exhortamur
1133 1154 1212 1214 dicti
1227 1153 1327 1228 regis,
1344 1153 1377 1212 et
1391 1167 1462 1223 sua,
1486 1165 1560 1212 oum
1582 1150 1741 1212 instantia
1764 1150 1930 1227 postulan-

285 1251 409 1311 attente
430 1264 490 1326 per
516 1247 703 1326 Apostolicn
724 1249 846 1324 scripta
872 1248 1077 1319 mandantes,
1133 1253 1193 1322 tes,
1217 1253 1255 1312 ιιι
1274 1248 1447 1325 praefatum
1469 1247 1661 1325 episcopum
1683 1246 1724 1308 ad
1749 1248 1926 1318 Viennam,

287 1346 323 1406 ut
338 1345 424 1406 sicut
438 1344 650 1406 laudabiliter
673 1343 833 1420 coepistis,
853 1344 898 1405 ita
920 1359 978 1420 pro
1001 1359 1080 1404 nos·
1134 1347 1300 1409 civitatem
1322 1345 1444 1406 nobilis
1457 1345 1523 1406 viri
1538 1345 1632 1406 ducis
1646 1345 1801 1416 nustriae,
1818 1343 1933 1405 mitte-

285 1441 348 1512 tra,
366 1442 398 1502 et
411 1441 610 1517 apostolice
626 1440 720 1500 Sedis
735 1441 933 1510 reverentia,
946 1455 1004 1500 eos
1018 1438 1081 1500 ha·
1134 1459 1258 1512 remus,
1285 1442 1489 1504 affirmantes
1518 1441 1603 1519 quod
1626 1455 1698 1514 rex,
1727 1441 1760 1502 et
1785 1441 1929 1502 barones

285 1537 391 1598 beatis
427 1537 639 1599 affectuosius
674 1536 934 1608 commendatos,
970 1540 1002 1597 et
1041 1536 1077 1596 in
1134 1538 1295 1615 praedicti,
1325 1553 1407 1613 quos
1443 1537 1523 1598 illuc
1550 1537 1708 1598 venturos
1738 1535 1928 1600 firmissime

286 1633 355 1694 suis
371 1634 420 1694 eis
442 1631 705 1703 necessitatibus,
722 1628 906 1702 berlendis,
929 1633 961 1692 et
985 1631 1078 1692 elee·
1135 1634 1367 1713 promittebant
1380 1634 1542 1711 praesente
1564 1634 1685 1696 dilecto
1705 1635 1860 1711 episcopo
1875 1633 1930 1694 in-

286 1731 433 1806 mosynis
448 1730 569 1792 vestris
588 1729 755 1790 assistatis
775 1730 898 1800 taliter,
924 1729 961 1791 ut
975 1731 1079 1790 Deum
1134 1734 1335 1794 ducerentur
1348 1731 1447 1794 facile
1458 1731 1499 1792 ad
1510 1731 1720 1792 concordiam
1737 1749 1745 1788 ε
1762 1732 1794 1793 et
1809 1731 1873 1808 ipsi
1886 1731 1928 1792 ad

285 1825 379 1886 vobis
400 1826 579 1903 propitium
603 1824 761 1898 reddatis,
789 1826 822 1887 et
842 1841 904 1886 nos
926 1824 1079 1900 obligetis
1135 1831 1197 1891 boc
1221 1829 1450 1906 impenderent
1471 1827 1611 1904 diligens
1634 1827 1778 1891 studium
1799 1829 1832 1890 et
1850 1844 1931 1906 ope·

285 1923 379 1986 vobis
400 1939 473 1984 esse
495 1922 601 1998 magis
627 1921 829 1984 favorabiles
847 1924 880 1984 et
902 1922 1076 1997 benignos.
1134 1943 1206 1988 ram
1235 1927 1400 1988 efficacem
1427 1943 1435 1981 ε
1465 1925 1551 2003 quod
1589 1926 1689 1988 etiam
1714 1925 1931 1987 firmaverunt

286 2021 404 2082 Datum
416 2018 567 2090 Viterhii,
584 2020 661 2080 Xlll
676 2019 837 2080 kalendas
851 2018 980 2108 aprilis,
996 2035 1081 2095 pon·
1134 2025 1292 2101 praedicto
1309 2025 1499 2100 jnramento
1525 2021 1611 2100 quod
1635 2023 1700 2098 ipsi
1725 2022 1764 2082 ad
1788 2022 1851 2083 hoo
1873 2023 1929 2082 di-

286 2115 430 2179 tlflcatus
444 2116 549 2178 nostri
563 2130 651 2177 anno
667 2118 795 2194 quamo-
1134 2121 1227 2191 recti,
1258 2120 1320 2182 boo
1341 2120 1382 2180 de
1406 2120 1564 2198 ipsorum,
1593 2120 1693 2195 regie,
1712 2121 1745 2181 et
1767 2117 1929 2181 baronum

1134 2218 1288 2280 mandato
1309 2216 1446 2294 speciali
1463 2216 1694 2294 procurabant,
1720 2217 1753 2278 ei
1774 2216 1859 2294 quod
1884 2215 1928 2276 ad

1134 2332 1259 2392 pacem,
1276 2315 1309 2376 et
1329 2315 1541 2376 concordiam
1558 2313 1701 2374 fideliter
1720 2311 1927 2388 laborarent3

1135 2414 1286 2491 quodque
1300 2409 1504 2473 custodirent
1519 2427 1693 2487 personam
1709 2410 1866 2486 episcopi,
1883 2410 1926 2470 si·

1135 2511 1190 2572 cut
1205 2525 1282 2571 suas
1305 2510 1372 2570 tam
1392 2507 1582 2569 deducendo
1604 2523 1679 2568 eum
1699 2508 1741 2567 ad
1760 2507 1928 2569 civitatem

1135 2607 1337 2685 praedictam,
1361 2621 1458 2682 quam
1484 2606 1525 2665 ad
1549 2607 1697 2666 nostram
1717 2605 1927 2681 praesentiam

1135 2705 1333 2776 reducendo,
1360 2703 1387 2764 si
1417 2703 1501 2764 forte
1527 2719 1593 2764 non
1617 2703 1729 2780 posset
1751 2701 1930 2764 concordia

325 2253 368 2310 In
383 2253 541 2310 aonidum
555 2253 695 2310 lnodnm
708 2250 866 2325 scriptum
880 2251 948 2310 est:

326 2349 378 2406 Ad
403 2347 608 2406 nriiverszon
634 2351 800 2419 popinnne
826 2347 1077 2422 Segovicnscin.

286 2444 405 2504 Datum
419 2445 450 2502 X
464 2441 625 2502 kalendas
641 2443 768 2519 aprilis,
785 2458 873 2503 anno
889 2443 1018 2517 quarto.

330 2530 381 2601 ia
405 2543 605 2602 Wiiieininni
628 2543 669 2600 oe
690 2540 845 2600 Posfeslo
864 2540 898 2599 ei
915 2543 1079 2613 populoso

287 2641 551 2698 Bononiensem.
574 2639 692 2698 Datum
712 2639 757 2697 IX
773 2635 935 2698 kalendas
950 2636 1077 2712 aprilis,

289 2749 377 2808 anno
393 2735 521 2811 quarto.
1264 2801 1270 2814 ‚

1135 2815 1322 2880 provenire.

621 2858 749 2949 G-VIH
1173 2900 1243 2960 Nos
1256 2897 1358 2974 igitur
1374 2897 1622 2974 acquiescentes
1638 2895 1801 2974 precibus,
1817 2896 1851 2957 et
1863 2895 1930 2956 ins·

286 2993 340 3053 Ad
366 2992 605 3052 Ebnbordnm
636 2993 940 3066 Sozousa-pensent
966 2993 1081 3050 oroni·
1134 2997 1248 3056 tantiae
1278 2995 1436 3056 nobilium
1459 2994 1710 3070 praedlctorum,
1738 2994 1928 3069 episcopum
1955 3065 1965 3086 .

327 3090 533 3162 apocopum,
550 3091 594 3147 od
615 3090 810 3161 episcopum
826 3087 1081 3160 semetsemet
1136 3093 1243 3168 ipsum
1273 3091 1313 3152 ad
1345 3092 1511 3153 civitatem
1533 3093 1604 3168 J'am
1635 3089 1756 3151 dictam
1773 3089 1929 3149 duximus

326 3186 480 3246 abbatem
513 3185 648 3246 Soncloe
681 3187 812 3254 crocis,
843 3185 1082 3246 cisterciensis
1136 3187 1438 3259 transmittendum,
1453 3185 1686 3264 nthujusmodi
1704 3186 1930 3248 controversia

327 3283 470 3354 ordinis,
486 3282 709 3342 Petobionem
723 3283 888 3343 dioecesis.
1137 3286 1247 3357 linem,
1264 3285 1407 3346 donante
1429 3285 1578 3354 Domino,
1601 3283 1769 3354 sortiatur,
1791 3281 1931 3358 ideoque

563 3395 599 3451 so
614 3401 696 3450 mart.
719 3394 797 3452 fiio.
1136 3398 1195 3459 per
1217 3381 1439 3459 apostolicam
1462 3379 1558 3442 vobis
1579 3379 1696 3440 sedem
1721 3379 1927 3450 mandamus,

410 3499 559 3564 [uanoque
572 3497 639 3550 nnn.
653 3499 820 3560 disserena,
836 3499 877 3554 lv.
891 3499 957 3565 aas]
1137 3481 1298 3556 quatenus
1319 3477 1360 3537 ad
1381 3478 1490 3538 locum
1510 3476 1629 3553 ipsum,
1657 3476 1709 3536 vel
1732 3475 1879 3552 propius,
1900 3475 1929 3535 si

291 3597 407 3655 Mandat
422 3597 463 3654 eis
484 3604 515 3655 ut
529 3611 594 3654 sese
608 3598 790 3669 interponant
804 3597 839 3654 ad
858 3597 1081 3670 compescendas
1137 3591 1272 3637 11669386
1288 3573 1397 3646 suelli,
1419 3573 1460 3633 ad
1479 3574 1576 3648 fflssssl
1599 3573 1788 3643 confinium,
1816 3587 1945 3649 PONO·-

321 3684 478 3742 discordias
494 3685 568 3742 inter
585 3697 686 3756 regem
704 3691 731 3741 ei
750 3683 872 3742 barones
889 3685 1034 3741 Bobemlae
1046 3700 1082 3741 ex
1136 3673 1258 3733 naliter
1270 3671 1476 3740 accedentes,
1493 3670 1526 3731 ei
1540 3669 1785 3731 COfflfflOssOssiOS
1808 3668 1931 3730 dictum

322 3788 378 3831 una
391 3779 481 3845 perte,
503 3779 531 3829 ei
554 3771 697 3830 andream
717 3773 893 3844 pragensem
916 3774 1080 3846 episcopum
1136 3785 1259 3844 regem,
1277 3767 1331 3828 cui
1350 3779 1449 3843 super
1467 3766 1530 3828 hoo
1546 3766 1732 3838 scribimus,
1756 3767 1792 3827 ut
1806 3766 1839 3827 et
1855 3766 1926 3841 ipse

299 3877 358 3918 ex
377 3859 708 3933 altera,superdecimls
729 3861 968 3934 etjurisdlctlone
988 3862 1079 3918 eccle·
1131 3868 1230 3943 juxta
1263 3864 1518 3940 promissionem
1552 3862 1712 3924 nobilium
1748 3862 1927 3932 dictorum,

238 3979 241 3987 ¹
322 3949 448 4008 sinstica.
1137 3977 1211 4024 oum
1231 3961 1357 4036 aliquot
1378 3961 1418 4021 de
1441 3959 1632 4032 baronibus,
1651 3975 1669 4020 a
1690 3959 1837 4030 caeteris,
1861 3959 1930 4020 tam

327 4059 407 4122 Post
424 4057 586 4122 diutinam
608 4073 746 4130 moram,
764 4073 862 4136 qulam
879 4057 1080 4120 venerabilis
1135 4057 1326 4129 baronibus,
1341 4073 1439 4134 quam
1460 4056 1628 4118 nobilibus
1647 4057 1814 4118 Boherniae
1829 4069 1929 4116 man·
2047 4109 2052 4116 .

286 4154 390 4218 frater
412 4155 591 4232 Pragensis
612 4155 786 4232 episcopus
810 4155 895 4232 apud
915 4154 1082 4231 Apostoli·
1136 4156 1248 4218 daium
1263 4152 1472 4226 habentibus,
1489 4153 1529 4214 ad
1552 4155 1660 4215 locum
1676 4153 1812 4215 accedat
1831 4168 1928 4214 eum-

286 4269 358 4314 cam
373 4252 489 4314 Sedem
503 4253 617 4322 traxit,
635 4266 694 4328 pro
715 4253 899 4329 quaestione
921 4252 1009 4312 inter
1029 4251 1083 4327 ip·
1136 4253 1226 4327 dem;
1260 4252 1479 4328 interponatis
1513 4251 1702 4328 prudenter,
1730 4251 1763 4312 et
1788 4249 1929 4312 sollicite

286 4367 358 4412 sum
371 4365 429 4426 pro
452 4350 546 4425 parte
561 4365 638 4420 una,
662 4349 695 4410 et
718 4349 881 4413 illustrem
903 4364 1032 4424 regem,
1048 4350 1082 4408 et
1136 4352 1246 4426 partes
1258 4351 1387 4410 vestras
1402 4349 1443 4410 ad
1457 4347 1700 4410 reformandam
1717 4348 1928 4407 concordiam

286 4447 430 4510 barones
443 4445 609 4508 Boltemiae
626 4460 669 4506 ax
683 4445 800 4516 altera,
818 4459 917 4521 super
930 4445 1078 4517 decimis,
1137 4447 1224 4508 inter
1238 4461 1312 4518 eos3
1334 4461 1418 4522 quae,
1446 4446 1474 4505 si
1502 4445 1609 4506 studio
1632 4445 1743 4506 vestro
1765 4443 1945 4505 mediante.

213 4593 217 4600 ,
282 4542 516 4620 jurisdictione
530 4541 770 4610 ecclesiastica,
785 4541 1002 4602 ecclesiarum
1017 4542 1083 4602 im·
1136 4541 1340 4620 provenerit,
1373 4542 1488 4602 eadem
1523 4539 1713 4608 sufficienti,
1743 4541 1775 4601 ei
1811 4541 1930 4602 idonea

286 4640 458 4710 munitate,
481 4655 520 4705 ac
534 4637 703 4700 nonnullis
719 4637 795 4698 aliis
817 4638 857 4700 nd
878 4637 1083 4699 ecclesiasti·
1137 4641 1289 4701 cautione
1300 4639 1441 4710 firmata,
1453 4638 1608 4715 praefatas
1619 4638 1931 4699 excommunicatio·

202 4743 204 4750 '
287 4753 359 4800 carn
382 4735 623 4812 pertinentibus
644 4734 841 4806 libertatem,
856 4733 1002 4806 suborta,
1023 4750 1081 4811 pro
1137 4737 1200 4806 nis,
1217 4738 1249 4797 et
1263 4735 1430 4797 interdicti
1448 4735 1629 4796 sententias
1646 4735 1821 4808 relaxetis3
1845 4735 1931 4796 alio-

286 4849 351 4911 qua
370 4833 469 4894 etiam
484 4833 555 4910 ipse
570 4848 631 4896 rex
644 4833 677 4894 et
691 4831 833 4894 barones
853 4833 1083 4894 excommuni-

285 4929 424 5000 cationi,
454 4930 488 4990 et
513 4945 651 5005 regnum
676 4932 749 5006 ejus
776 4929 948 5007 subjacent
972 4930 1081 4995 inter-

285 5027 373 5090 dicto
389 5043 396 5086 :
413 5026 545 5090 tandem
561 5027 832 5104 procuratoribus
856 5027 961 5104 ipsius
980 5027 1080 5103 regis,

286 5127 319 5187 et
332 5125 495 5188 baronum
511 5124 546 5186 in
560 5124 675 5187 nostra
690 5125 868 5201 praeseutia
881 5125 1081 5198 constitutis,

287 5225 427 5301 utraque
441 5237 518 5299 pars
532 5220 672 5284 arbitrio
688 5223 802 5284 nostro
818 5221 973 5283 liberoso
993 5237 1084 5283 oom-

286 5319 387 5392 misit,
408 5319 524 5383 habito
543 5319 647 5394 igitur
667 5335 741 5380 cum
768 5319 927 5380 fratribus
947 5320 1081 5391 nostris,

139 5394 141 5405 ¹
288 5419 322 5479 et
349 5434 423 5482 clim
447 5417 530 5495 ipsis
556 5414 705 5494 partibus
731 5415 830 5492 longo
853 5417 893 5478 de
920 5417 1085 5494 composi·

1137 4833 1216 4910 quin
1231 4833 1420 4910 episcopum
1436 4831 1544 4910 ipsum
1559 4831 1599 4893 ad
1619 4849 1680 4893 nos
1694 4831 1820 4903 reduci,
1834 4832 1930 4908 juxta

1138 4931 1336 5008 promissum
1352 4929 1511 4991 nobilium
1524 4929 1767 5005 proditionum,
1782 4929 1817 4989 in
1835 4928 1932 4990 Golo-

1138 5027 1227 5093 niam
1247 5027 1419 5100 facientes,
1441 5027 1576 5090 easdem
1602 5027 1784 5088 sententias
1807 5025 1931 5103 praeci-

1138 5125 1239 5202 piatis
1259 5125 1425 5201 usquead
1450 5123 1711 5187 satisfactionem
1734 5123 1932 5200 condignam

1137 5222 1377 5284 inviolabiliter
1391 5221 1575 5284 observari.

1179 5321 1299 5382 Datum
1323 5317 1480 5390 Viturbo,
1508 5321 1583 5382 vill
1608 5317 1770 5380 kalendas
1803 5317 1931 5394 aprilis,

1139 5417 1349 5494 pontificatus
1366 5416 1469 5478 nostri
1483 5431 1570 5479 anuo
1586 5415 1714 5500 quarto.
