4300 6392
813 299 1054 376 Ι1111510111.
1080 301 1156 360 me.
1182 303 1217 361 v.

520 484 648 570 XXVI

247 627 299 688 Ao
336 627 492 699 priorem
521 626 554 687 et
588 625 719 701 (ratres
753 627 923 700 Domiutoi

494 725 682 800 Sepulchri.

455 844 488 901 19
506 845 620 918 augusti
638 844 716 902 1220.

188 948 330 1012 [Nakielski
362 947 516 1006 blischovIa,
541 948 594 999 sive
612 947 820 1013 Promptuarium
839 948 980 1012 antiquita·

246 1033 301 1078 tum
313 1029 460 1078 monasterii
474 1028 675 1087 illechoviensis,
686 1029 822 1088 Gracoviae,
838 1027 919 1094 1631]

188 1134 246 1194 Sub
271 1135 348 1192 beati
369 1135 444 1194 Petri
467 1141 496 1192 ct
518 1149 569 1192 sua
594 1117 769 1208 protectione
793 1135 931 1194 ecelesias
954 1141 983 1192 et

240 1224 438 1296 possessiones
458 1223 599 1280 DominIci
618 1221 765 1296 Sepulchri
780 1223 909 1296 suscipit.

226 1340 394 1402 Honorius
407 1340 593 1416 episeopus,
602 1355 718 1401 servus
729 1355 901 1415 servoeum
910 1339 980 1411 Dei,

185 1437 316 1500 dilectis
343 1437 421 1500 tiliis
448 1437 552 1512 priori
581 1438 613 1498 et
634 1435 793 1500 iratribus
817 1437 982 1501 Dominici

188 1534 377 1612 Sepulchri,
399 1532 585 1596 salutemet
599 1533 815 1609 apostolicam
828 1533 984 1597 benedic-

188 1647 276 1692 nem.

228 1726 389 1788 Effectum
398 1727 489 1803 justa
502 1725 744 1804 postulantibus
759 1726 932 1803 indulgere
952 1729 984 1790 et

183 1823 283 1900 uigor
292 1823 458 1900 equitatis
469 1825 502 1886 et
516 1817 597 1885 ordo
612 1824 716 1900 exigit
728 1825 879 1895 rationis,
891 1840 982 1900 prae-

187 1921 302 1982 sertim
318 1919 449 1996 quando
465 1919 645 1995 petentium
658 1921 861 1982 voluntatem
872 1923 906 1984 et
917 1923 985 1998 pie·

186 2019 239 2079 tas
257 2016 401 2094 adiuvat,
422 2019 457 2078 et
476 2018 601 2079 veritas
621 2033 687 2079 nou
701 2018 872 2095 relinquit.
893 2021 984 2090 Qua-

189 2115 334 2192 propter,
347 2114 459 2176 dileoti
469 2114 504 2176 in
517 2115 656 2176 Domino
666 2114 738 2185 filii,
750 2116 872 2176 vestris
881 2116 982 2191 justis

187 2210 469 2288 postulationibus
503 2212 633 2286 gratum
667 2212 894 2288 impertientes
927 2227 984 2272 as-

180 2319 334 2380 sensum,
350 2307 525 2368 ecclesiam
539 2307 678 2382 gloriosi
690 2307 854 2371 Dominioi
871 2308 984 2385 Sepul-

187 2403 262 2465 chri
283 2403 343 2466 sub
362 2403 452 2466 beati
475 2404 566 2466 Petri
583 2405 616 2466 et
640 2406 755 2466 nostra
780 2405 984 2482 protectione

181 2501 405 2578 ·suscipimus;
429 2501 470 2564 et
498 2517 721 2582 quascumque
743 2503 982 2578 possessiones,

182 2613 403 2675 guaeoumque
428 2596 515 2659 bona
536 2598 652 2660 eadem
678 2599 820 2660 ecclesia
847 2599 984 2661 ubilibet

188 2695 339 2756 locorum
368 2695 409 2756 in
450 2694 704 2771 presentiarum
739 2696 985 2758 rationabiliter

187 2791 347 2869 possidet,
359 2791 417 2854 aut
429 2789 466 2852 'ln
477 2791 623 2854 futurum
629 2792 730 2869 iustis
746 2792 864 2864 modis,
878 2809 986 2869 praes-

193 2888 285 2950 tante
299 2889 450 2960 Domino,
462 2890 584 2966 poterit
598 2889 755 2966 adipisci;
772 2905 812 2952 ao
827 2891 985 2967 speciali-

193 2988 245 3047 ter
270 2984 446 3046 ecclesiam
462 3002 561 3062 quam
580 2986 708 3048 habetis
722 2986 808 3064 apud
827 2990 938 3049 hoeon
954 2987 987 3050 et

189 3081 371 3144 ecclesiam
409 3097 508 3158 quam
551 3081 681 3144 habetis
724 3083 812 3159 apud
846 3086 985 3161 Tyrum,

186 3179 367 3242 ecclesiam
390 3195 489 3257 quam
512 3178 642 3240 habetis
661 3179 857 3252 Antiochiae,
879 3179 989 3242 eecle-

186 3277 275 3338 siam
294 3292 393 3354 guam
407 3276 536 3340 habeus
552 3276 638 3353 apud
655 3277 985 3354 Constantinopolim,

191 3374 367 3436 ecclesiam
387 3389 485 3452 quam
509 3374 637 3436 habetis
661 3373 749 3451 apud
773 3373 989 3436 Thessaloni-

191 3487 264 3532 cam
285 3472 319 3533 et
341 3471 517 3532 ecclesiam
539 3487 637 3548 quam
651 3470 782 3534 habetis
794 3472 918 3541 Baroli,
933 3488 990 3532 ec-

191 3569 329 3630 clesiam
357 3583 455 3645 quam
489 3567 619 3630 habetis
649 3569 775 3645 Trojre,
813 3568 988 3630 ecclesiam

192 3681 290 3742 quam
323 3664 452 3728 habetis
485 3663 685 3733 Brundusii,
712 3666 873 3728 eeclesias
907 3681 989 3743 quas

193 3761 323 3822 habetis
351 3761 386 3822 in
416 3761 543 3834 Sicilia,
566 3761 725 3826 eeclesias
751 3777 833 3839 quas
858 3762 988 3824 habetis

192 3859 229 3918 in
268 3859 450 3936 Hispania,
483 3858 643 3922 ecclesias
676 3875 759 3935 quas
795 3859 923 3922 habetis
955 3860 990 3921 in

193 3956 344 4028 Polonia,
360 3955 519 4018 ecelesias
535 3971 617 4032 quas
630 3956 759 4019 habetis
771 3957 806 4018 in
818 3957 988 4030 Bohemia,

196 4052 356 4114 ecclesias
385 4067 468 4129 quas
497 4052 626 4115 habetis
652 4054 687 4114 in
716 4055 899 4130 Hungaria,
931 4070 989 4117 eo-

194 4148 315 4212 olesias
330 4165 413 4228 quas
433 4148 563 4212 habetis
578 4150 613 4211 in
638 4151 807 4226 Slavonia‚
831 4152 990 4214 ecclesias

195 4261 276 4322 quas
304 4245 434 4308 habetis
459 4247 495 4307 in
517 4247 703 4319 Alemania,
727 4249 886 4310 ecclesias
909 4265 991 4326 quas

195 4343 326 4406 habetis
341 4342 377 4403 in
390 4343 531 4404 Francia
546 4343 580 4406 et
593 4345 752 4407 ecclesias
767 4361 849 4424 quas
861 4345 991 4410 habetis

195 4439 230 4504 in
245 4439 443 4502 lombardia
458 4441 490 4502 et
499 4441 535 4501 in
549 4442 680 4514 Tuscia,
697 4442 896 4504 eteoclesias
910 4459 992 4520 quas

195 4537 325 4598 habetis
339 4537 375 4597 in
387 4536 519 4614 Anglia,
536 4553 611 4598 cum
627 4538 779 4601 omnibus
802 4540 992 4604 tenimentis

195 4635 229 4696 et
243 4633 670 4711 pertiuentiisearumdem;
687 4637 904 4698 tenimentum
915 4655 994 4714 quo-

196 4747 260 4807 que
285 4731 371 4810 quod
403 4731 533 4794 habetis
563 4733 651 4808 apud
679 4733 852 4806 Subeloth,
882 4734 994 4798 casale

196 4827 283 4904 quod
308 4828 437 4890 habetis
457 4829 543 4906 apud
562 4832 716 4907 Cyprum,
733 4833 766 4894 et
786 4832 993 4897 teninentum

198 4924 284 5002 quod
300 4924 431 4986 habetis
449 4927 536 5002 apud
559 4928 729 5004 Tripolim,
741 4931 775 4990 et
790 4929 993 4991 tenineutum

198 5021 283 5099 quod
308 5019 437 5092 habetis
465 5024 500 5082 in
525 5026 694 5096 Moravia,
723 5041 798 5086 cum
829 5027 994 5090 universis

196 5119 331 5180 illorum
347 5119 568 5194 pertinentiis,
579 5121 665 5183 sicut
677 5138 716 5186 ea
727 5123 839 5186 omnia
851 5125 939 5200 juste
954 5139 994 5186 ao

1775 313 1833 374 510

1038 461 1097 520 siis
1110 461 1209 522 motis
1218 461 1406 539 postipsum
1420 465 1614 538 Concilium,
1632 470 1829 534 auctoritate

1037 559 1478 634 Apostolioaooniirmamus,
1491 565 1831 645 etpraesentisscripti

1037 657 1221 733 patrocinio
1245 659 1496 722 communimus.
1520 664 1624 724 Porro
1644 663 1758 726 clerici
1774 681 1832 727 ec-

1038 754 1216 816 clesiarum
1230 757 1416 818 vestrarum
1429 758 1584 832 chrisma,
1599 760 1710 824 oleum
1727 778 1829 824 sane-

1038 850 1117 923 tum,
1148 852 1375 916 ordinationes
1410 855 1617 928 clerioorum,
1648 873 1830 921 cousecra-

1037 947 1145 1010 tiones
1166 950 1344 1022 altarium,
1371 951 1412 1012 ab
1445 951 1609 1030 episeopis
1633 955 1832 1018 dioecesanis

1038 1046 1212 1122 accipiant,
1226 1048 1255 1108 si
1272 1047 1382 1110 tamen
1397 1049 1553 1112 catholici
1568 1051 1692 1114 fuerint
1706 1057 1738 1114 et
1751 1069 1833 1129 gra-

1037 1143 1117 1206 tiam
1132 1144 1231 1220 atque
1247 1146 1512 1208 communionem
1521 1149 1720 1224 Apostolioae
1737 1151 1831 1212 Sedis

1037 1240 1226 1312 habuerint,
1243 1257 1348 1318 eaque
1363 1243 1444 1319 ipsis
1462 1245 1565 1319 gratis
1580 1246 1613 1308 et
1627 1245 1701 1308 sine
1718 1249 1834 1324 gravi-

1037 1339 1104 1400 tate
1118 1339 1286 1400 voluerint
1307 1339 1467 1401 exhibere
1481 1362 1489 1400 ε
1506 1341 1656 1419 alioquin
1670 1343 1771 1407 liceat
1783 1346 1840 1406 eis.

1038 1451 1120 1512 quos
1148 1435 1327 1498 maluerint
1352 1437 1445 1500 adire
1467 1439 1650 1502 catholicos
1665 1441 1833 1503 antistites

1038 1533 1227 1610 qui,nostra
1242 1533 1315 1595 fulti
1328 1535 1535 1607 auctoritate,
1546 1537 1631 1614 quod
1646 1538 1833 1614 postulatur

1038 1629 1242 1706 indulgeant.
1256 1632 1349 1692 Nulli
1364 1635 1527 1708 praeterea
1545 1633 1684 1695 fratrum
1699 1637 1836 1700 vestro-

1039 1743 1111 1788 rum
1127 1727 1237 1800 liceat,
1262 1730 1335 1805 post
1359 1728 1480 1792 factam
1502 1731 1536 1791 in
1558 1733 1701 1793 ecclesia
1721 1736 1832 1795 vestra
1938 1738 1942 1748 '

1038 1823 1288 1900 professionem,
1315 1827 1386 1887 siue
1406 1828 1605 1904 patriarchae
1630 1831 1688 1890 aut
1710 1830 1833 1908 prioris

1039 1922 1090 1981 sui
1108 1921 1244 1984 licentia
1259 1921 1387 2000 abipsa
1402 1924 1591 2000 discedere3
1608 1925 1831 1990 discedentem
1904 1990 1906 1993 ,

1038 2034 1129 2090 vero,
1145 2021 1217 2081 sine
1232 2020 1456 2082 communium
1468 2022 1621 2085 cautione
1633 2023 1831 2096 litterarum,

1040 2117 1149 2178 nullus
1171 2117 1292 2178 audeat
1310 2117 1466 2178 retinere.
1487 2118 1536 2178 Ad
1552 2119 1635 2192 haec,
1651 2120 1693 2184 ad
1715 2136 1832 2188 exeru-

1038 2215 1112 2291 plar
1124 2212 1231 2275 felicis
1246 2214 1414 2275 memorIae
1429 2214 1566 2276 Adriani
1584 2232 1678 2293 papae
1705 2217 1834 2294 prede-

1039 2311 1181 2374 cessoris
1196 2312 1312 2382 nostri,
1326 2311 1503 2398 statuimus
1514 2313 1833 2378 utecclesiaevestrae

1038 2409 1074 2468 in
1102 2408 1220 2485 quibus
1242 2407 1344 2470 fuerit
1367 2409 1582 2484 congregatio
1602 2409 1752 2484 fratrum,
1774 2427 1835 2488 pro

1040 2506 1206 2566 communi
1229 2507 1397 2582 parochiae
1411 2506 1588 2568 interdicto
1609 2523 1677 2570 non
1692 2511 1832 2584 vaoent3

1040 2602 1096 2664 sed
1123 2602 1223 2664 liceat
1241 2617 1371 2678 semper
1399 2601 1556 2666 fratribus
1576 2603 1697 2668 vestris
1718 2604 1753 2666 in
1767 2605 1837 2666 eis-

1040 2699 1114 2762 dem
1138 2698 1289 2762 eoolesiis
1314 2699 1613 2771 commorantibus,
1647 2715 1714 2762 nou
1736 2701 1835 2764 motis

1039 2795 1284 2868 bnfinnabulis
1309 2797 1495 2858 interdictis
1514 2797 1547 2858 et
1560 2798 1835 2860 excommunica·-

1040 2894 1083 2955 tis
1104 2894 1230 2974 ejectis
1248 2893 1370 2956 clausis
1384 2894 1512 2972 januis,
1529 2895 1562 2955 et
1574 2895 1739 2958 submissa
1755 2911 1836 2958 voce

1042 2991 1155 3054 divina
1169 2989 1279 3054 officia
1292 2991 1474 3054 celebrare.
1491 2992 1583 3054 Nulli
1598 3007 1677 3069 ergo
1698 2993 1836 3054 omnino

1041 3088 1213 3152 hominum
1228 3090 1328 3152 liceat
1341 3089 1428 3152 hauc
1450 3089 1605 3174 paginam
1621 3089 1743 3152 nostrae
1758 3092 1844 3168 pro-'
1948 3158 1951 3171 ,

1042 3186 1207 3260 teotIonis,
1239 3187 1501 3250 confirmationis
1534 3188 1567 3248 et
1590 3187 1839 3250 constitutionis.

1043 3283 1237 3360 infringere,
1251 3285 1305 3346 vel
1320 3285 1351 3345 ei
1363 3301 1448 3346 ausu
1462 3285 1642 3346 temerario
1657 3283 1836 3348 contraire.

1044 3381 1079 3442 si
1094 3383 1168 3463 quie
1182 3383 1293 3444 autem
1308 3382 1371 3442 hoc
1390 3382 1555 3443 attentare
1575 3381 1836 3458 praestunpserit,

1043 3478 1308 3555 indignationem
1343 3479 1578 3556 omnipotentis
1603 3479 1663 3542 Dei
1689 3481 1722 3540 et
1750 3478 1839 3541 beati

1023 3563 1029 3570 ’
1044 3577 1134 3640 Petri
1148 3577 1181 3640 et
1196 3577 1292 3638 Pauli
1307 3577 1532 3654 apostolorum
1547 3580 1630 3656 ejus,
1655 3592 1691 3639 se
1705 3578 1838 3640 noverit
1964 3581 1969 3588 '

1043 3675 1268 3736 incursurum.
1299 3674 1417 3738 Datum
1437 3675 1524 3752 apud
1536 3673 1656 3739 Urbem
1672 3677 1837 3746 Veterem,

1044 3773 1118 3833 XlV
1140 3771 1291 3832 kalendis
1305 3771 1514 3852 septembris,
1529 3771 1739 3848 pontificatus
1761 3788 1841 3834 nos-

1044 3870 1087 3930 tri
1114 3884 1201 3930 anno
1230 3869 1355 3946 qitinto,
1383 3870 1439 3945 qui
1462 3868 1524 3930 fuit
1550 3885 1570 3930 a
1603 3870 1733 3932 Christo
1760 3870 1840 3930 nato

1045 3967 1199 4026 MGCXX.

1369 4079 1515 4166 XXVII

1048 4215 1098 4273 Ad
1111 4213 1266 4274 obbotcut
1276 4213 1310 4273 et
1319 4211 1525 4274 cooperatum
1537 4213 1656 4274 Souoti
1666 4215 1843 4274 bitohoelis

1242 4311 1466 4371 Vtrduueosts
1482 4311 1648 4371 dioecesis.

1312 4429 1348 4490 20
1362 4431 1477 4504 augusti
1493 4422 1572 4488 liii).

1099 4546 1219 4610 illapsu,
1232 4545 1277 4596 lib.
1289 4545 1320 4604 V,
1328 4545 1402 4608 epist.
1413 4545 1453 4596 te.
1465 4547 1569 4597 hiesba
1580 4546 1790 4600 Portsdui'heil.
1908 4542 1914 4552 '

1286 4629 1311 4674 et
1322 4625 1462 4690 Maurique,
1477 4626 1520 4684 lv,
1533 4625 1600 4690 iio]

1048 4731 1161 4792 inhibet
1184 4745 1221 4789 ne
1240 4731 1398 4790 monachos
1422 4732 1625 4792 cistercienses
1650 4733 1679 4790 in
1699 4741 1842 4805 posterum

1183 4821 1212 4878 in
1228 4821 1355 4892 ipsorum
1370 4820 1544 4878 monasterio
1554 4819 1715 4884 admiuant

1089 4930 1268 4998 Honorius,
1280 4929 1355 5000 eta,
1368 4928 1499 4990 dilectis
1514 4928 1592 4990 filiis
1606 4928 1716 4991 abbati
1726 4931 1758 4992 et
1769 4946 1844 4993 oon·

1048 5027 1163 5090 ventui
1189 5027 1382 5088 monasterii
1398 5025 1511 5088 Sancti
1524 5025 1710 5099 Michaelis,
1722 5028 1846 5089 Virdu-

1049 5139 1126 5184 nen.
1143 5124 1310 5186 dioecesis.

197 5215 335 5294 pacifice
349 5215 545 5290 possidetis;
571 5219 835 5296 omnesinsuper
857 5221 995 5284 liberta-
1026 5219 1029 5226 '
1090 5223 1169 5282 Cum
1194 5221 1359 5297 regularis
1383 5219 1603 5282 observantiae
1632 5222 1752 5284 statum
1776 5237 1845 5282 nou

197 5317 258 5386 tes,
274 5313 501 5382 immunitates
513 5315 546 5375 et
554 5317 632 5392 jura
647 5332 720 5392 quae
735 5332 794 5378 vos
814 5333 873 5378 seu
884 5318 994 5381 eoele—
1050 5319 1177 5390 deceat,
1194 5319 1231 5382 ut
1244 5318 1290 5390 hi,
1307 5318 1363 5395 qui
1377 5319 1533 5394 religioni
1547 5319 1650 5380 alicui
1668 5317 1845 5394 professio·

199 5411 258 5472 siae
298 5410 419 5472 vestrae
455 5409 643 5474 obtinuistis
679 5429 738 5489 per
775 5415 1018 5490 quadraginta¹
1050 5415 1507 5492 uisvinouloseastringunt,
1524 5417 1565 5480 ad
1586 5417 1736 5492 regulam
1751 5418 1848 5477 tran·

199 5523 317 5579 annos,
347 5507 424 5568 ante
441 5508 635 5580 ,Concilium
662 5511 821 5584 generale
842 5511 936 5574 vobis
963 5515 997 5576 et
1051 5513 1846 5590 soantlaxiorem,vobieauctoritatepraesentium

200 5604 351 5665 ecclesiis
367 5604 460 5680 ipsis,
479 5621 545 5666 non
560 5605 782 5682 obstantibus3
800 5609 996 5670 controver-
1027 5669 1031 5684 ,
1053 5610 1249 5681 inhibemus,
1281 5627 1321 5670 ne
1348 5611 1388 5671 de
1414 5613 1534 5674 caetero
1554 5611 1629 5690 illos
1650 5611 1705 5688 qui
1721 5612 1845 5674 Cister-
