4230 6388
308 165 368 232 755

302 329 491 406 ‚venerabili
504 329 768 410 iratriepiscopo
781 327 941 394 demasic
954 329 1098 394 etdilec

306 431 350 494 tis
363 429 440 492 liliis
455 427 566 490 abbati
582 429 615 491 et
633 429 738 506 priori
755 430 869 492 Sancti
883 429 1020 491 Martini
1036 429 1098 490 Sa·

303 525 611 604 mausiacensem,
626 527 689 588 etc.

304 673 306 678 ,
347 622 521 694 Querelam
535 623 736 688 venerabilis
747 623 860 685 fratris
875 623 981 686 nostri
994 624 1099 684 Seno-

304 719 421 792 nensis
441 720 685 799 archiepiscopi
705 722 902 800 recepimus,
925 720 1099 782 continen-

306 816 373 881 tem
388 818 485 894 quod,
502 833 602 895 quum
621 818 773 880 homines
792 819 833 880 de
858 819 1015 890 Pravino,
1038 819 1099 878 Se·

306 913 466 976 nonensis
491 913 660 986 dioecesis,
690 915 792 976 salvis
818 915 970 976 omnibus
998 913 1098 975 rebus

261 1077 264 1091 ,
306 1010 390 1082 auis,
401 1009 497 1072 soliti
509 1015 587 1072 sunt
598 1011 702 1074 libere
717 1013 758 1074 ad
774 1013 898 1074 terram
914 1011 1099 1088 archiepis-

225 1165 237 1174 ..
306 1108 382 1186 copi
400 1123 437 1168 se
450 1107 644 1182 transferre,
667 1110 700 1172 et
719 1109 767 1170 ibi
782 1124 818 1172 ee
832 1110 1015 1170 consistere
1037 1107 1097 1170 sub

303 1204 695 1286 ‚ejusdemjurisdictione
706 1207 832 1281 securi3
845 1207 968 1268 nobilis
979 1206 1098 1268 mulier

304 1301 475 1371 ¹comitissa
499 1303 689 1380 Campaniae
719 1304 871 1366 hominos
894 1305 993 1381 buJus
1019 1302 1095 1372 loci,

306 1399 482 1478 quominus
498 1400 687 1478 buJusmodi
701 1401 853 1463 libertate
866 1402 1049 1472 struantur,
1062 1401 1096 1460 in

305 1511 407 1572 grave
419 1497 580 1574 impendit
591 1497 819 1576 prejudicium
833 1499 984 1560 ecclesiae
999 1499 1098 1558 Seno·

304 1593 420 1660 nensis
438 1615 445 1654 :
463 1595 549 1656 unde
570 1594 644 1656 fieri
663 1595 728 1656 sibi
749 1611 768 1656 a
793 1595 887 1656 nobis
912 1611 1012 1672 super
1034 1594 1097 1656 hoc

300 1689 465 1766 justitiam
481 1691 671 1767 postulavit.
690 1692 784 1754 Unde
804 1693 998 1754 discretioni
1014 1707 1096 1753 res-

304 1786 364 1847 trae
380 1802 439 1863 per
450 1788 639 1864 Apostolica
654 1789 777 1865 scripta
792 1789 999 1860 mandamus,
1012 1805 1097 1865 qua-

303 1883 411 1955 tenus,
437 1885 587 1961 partibus
617 1886 818 1957 convocatis,
846 1886 1002 1954 audiatis,
1032 1887 1094 1946 etc.

303 1979 422 2041 Datum
441 1981 608 2056 [laterent
629 1982 790 2042 kalendas
809 1982 937 2059 aprilis,
961 1983 1097 2058 pontifl-

304 2075 397 2138 catus
413 2078 516 2139 nostri
532 2093 619 2140 anno
633 2079 760 2155 quinto.

628 2283 775 2370 CCCIX

439 2425 492 2486 Ad
509 2426 677 2486 decanum
694 2427 955 2486 Vtrduaeasem.

596 2547 610 2603 l
626 2547 707 2618 april.
723 2547 801 2605 liat.

334 2661 451 2725 [Regest,
467 2661 511 2711 lib.
523 2661 554 2720 V,
570 2660 643 2726 epist.
654 2660 710 2712 502.
720 2661 777 2712 llss.
791 2663 828 2712 La
837 2661 913 2712 Porta
923 2661 958 2712 du
970 2661 1064 2724 Theti]

303 2768 420 2831 ltandot
438 2771 465 2826 ei
481 2776 512 2826 ut
526 2769 733 2842 primiceriatus
752 2769 889 2828 Maiensis
903 2769 1030 2826 redditus
1048 2783 1093 2828 se·

338 2858 476 2928 questrari
496 2855 596 2927 iaciat,
617 2857 708 2914 donec
727 2857 932 2914 mercatoribus
953 2859 1057 2915 Senon.
1079 2871 1094 2914 e

337 2943 439 3018 quibus
458 2945 637 3018 primicerius
660 2945 796 3002 Maiensis
815 2945 874 3017 J'arn
895 2943 952 3002 lato
972 2943 1094 3014 iunctm,

335 3040 465 3091 mutuum
483 3031 807 3106 centumquadraginta
831 3047 991 3091 marcarum
1013 3047 1095 3114 acoe-

336 3129 425 3195 perat,
443 3121 619 3180 satisfactum
635 3121 729 3180 luerit.

338 3239 519 3312 Honorius,
534 3240 609 3312 etc,
623 3239 743 3300 dilecto
757 3237 826 3301 lilio
842 3237 967 3300 decano
977 3239 1095 3301 Virdu·

299 3337 407 3396 nansi.

340 3433 486 3495 Dilectus
502 3432 591 3494 tilius
599 3435 617 3495 J
620 3433 767 3496 ecelinus
779 3435 899 3496 Meteu.
913 3433 1094 3495 canonicus

300 3530 419 3591 humili
434 3530 529 3591 nobis
543 3530 770 3592 insinuatione
786 3531 994 3602 monstravit,
1008 3531 1093 3608 quod

299 3627 395 3689 bonae
406 3628 574 3690 memoriae
585 3628 1094 3706 E.,primiceriusMeten.,apud

301 3723 418 3786 Sedem
446 3725 669 3802 Apostolicam
697 3741 757 3801 pro
786 3726 856 3786 suis
885 3725 917 3788 et
944 3725 1094 3786 ecclesiae

300 3825 421 3884 Meten.
449 3823 591 3898 negotiis
621 3823 819 3884 constitutus
848 3839 868 3883 a
897 3823 1093 3899 quibusdam

299 3920 540 3982 mercatoribus
560 3921 679 3981 Senon.
696 3920 845 3981 mutuum
861 3921 993 3980 centum
1007 3933 1092 3996 qua-

298 4017 453 4094 draginta
468 4034 656 4079 marcarum
672 4017 810 4093 accepit,
826 4033 885 4094 pro
901 4017 1020 4094 quibus
1033 4016 1095 4076 sol·

299 4116 416 4178 vendis
428 4116 516 4176 idem
530 4115 711 4176 canonicus
722 4115 763 4175 ad
775 4129 890 4190 preces
905 4114 1009 4190 ipsius
1024 4114 1095 4189 pri-

298 4212 427 4274 micerii
448 4211 855 4290 praelatis'mercatoribas
880 4225 915 4270 se
938 4209 1095 4271 astrinxit

297 4311 433 4372 vinculo
449 4309 652 4389 juramenti3
679 4323 782 4384 quare
806 4306 902 4368 nobis
924 4306 1095 4368 lurrniliier

297 4409 508 4486 supplicavit,
518 4407 554 4467 ut
566 4420 667 4480 super
681 4405 744 4464 hoc
759 4403 824 4464 sibi
839 4404 1014 4480 providere
1030 4403 1094 4463 rni-

297 4505 511 4568 sericorditer
544 4503 768 4577 dignaremur.
799 4501 850 4560 Ne
879 4500 981 4576 igitur
1005 4499 1093 4562 idem

299 4604 481 4666 canonicus
503 4599 580 4660 inde
602 4598 750 4675 patiatur
771 4596 979 4673 dispendium
1006 4598 1093 4658 unde

297 4697 482 4778 promeruit
502 4696 655 4772 gratiam,
680 4711 764 4757 neve
788 4695 917 4756 reatum
944 4691 1115 4756 incurrat'

259 4788 263 4795 ’
297 4795 438 4876 perjurii
455 4809 554 4871 quum
575 4809 641 4854 non
664 4791 786 4854 habeat
805 4793 891 4852 unde
911 4791 1016 4868 possit
1033 4807 1094 4868 pe-

298 4895 432 4957 cuniam
447 4893 555 4969 ipsam
575 4892 706 4952 solvere
720 4889 872 4951 terminis
892 4889 1091 4961 constitutis,

926 171 1102 232 HONORII
1123 171 1168 232 ΙΙΙ
1189 171 1334 234 OPERA.

1890 178 1959 238 756

1152 330 1196 392 sit
1208 329 1447 392 mercatoribus
1458 333 1668 408 supradictis.
1679 335 1956 398 contradictores

1153 427 1181 486 si
1197 428 1253 504 qui
1268 427 1402 499 fuerint,
1415 431 1490 499 etc,
1507 445 1567 506 per
1583 446 1760 494 censuram
1775 434 1957 496 ecclesias-

1152 525 1269 597 ticam,
1300 525 1522 601 appellatione
1555 529 1756 604 postposita,
1792 547 1952 608 compes-

1153 622 1266 683 cendo.
1291 625 1409 683 Datum
1430 623 1598 695 Laterani,
1627 623 1789 688 kalendas
1814 629 1948 706 aprilis,

1152 718 1364 796 pontificatus
1381 721 1487 782 nostri
1502 737 1590 782 anno
1606 723 1733 798 quinto.

1484 899 1610 984 dccx

1257 1039 1309 1098 Ad
1327 1039 1609 1102 &lesmorrensem
1629 1045 1836 1116 episcopam.

1445 1161 1556 1234 lapril.
1575 1163 1653 1220 lttl.

1178 1273 1298 1338 [Regest.,
1311 1273 1355 1323 lib.
1368 1273 1401 1336 V,
1413 1273 1487 1338 epist.
1499 1273 1555 1324 loo.
1568 1277 1626 1326 llss.
1641 1277 1678 1326 La
1692 1275 1768 1328 Porta
1782 1278 1816 1328 da
1829 1279 1928 1344 Tbeil.]

1200 1378 1328 1436 Absolvit
1342 1394 1409 1438 eum
1424 1379 1460 1438 ab
1474 1381 1625 1440 interdicto
1639 1383 1714 1454 quod
1730 1384 1898 1444 incurrerat.

1191 1496 1368 1568 Honorius,
1390 1496 1466 1566 eto,
1487 1497 1672 1562 venerabili
1692 1497 1825 1561 fratri...
1843 1503 1952 1562 Sues-

1152 1592 1280 1654 sionen.
1295 1593 1461 1669 episcopo.

1191 1691 1348 1766 exparte
1366 1691 1423 1750 tua
1438 1689 1500 1751 suit
1518 1691 1614 1752 nobis
1629 1692 1802 1755 humiliter
1818 1695 1952 1770 suppli-

1151 1785 1280 1858 catum,
1306 1787 1343 1848 ut
1366 1802 1442 1848 curn
1468 1788 1503 1848 in
1530 1790 1689 1866 quosdam
1715 1791 1951 1853 malefactores

1150 1883 1217 1944 tuae
1232 1883 1384 1944 dioecesis
1399 1899 1460 1961 pro
1473 1886 1649 1948 manifesta
1664 1887 1791 1949 offensa
1805 1904 1948 1950 excom-

1151 1979 1387 2042 municationis
1402 1983 1601 2044 sententiam
1619 1985 1851 2060 promulgaris
1873 2002 1951 2047 mo-

1151 2079 1277 2140 nitione
1293 2077 1402 2140 debita
1413 2095 1480 2140 non
1493 2082 1676 2156 praemissa,
1692 2081 1807 2144 contra
1822 2084 1947 2145 statuta

1151 2176 1290 2236 concilii
1306 2176 1484 2252 generalis,
1499 2177 1585 2254 quod
1601 2179 1650 2238 sic
1668 2179 1704 2238 in
1724 2179 1853 2256 aliquos
1867 2195 1949 2241 sen-

1149 2273 1288 2334 tentiam
1308 2273 1551 2348 proferentibus
1569 2291 1628 2350 per
1650 2291 1797 2338 mensem
1812 2277 1948 2353 ingres-

1151 2385 1223 2430 sum
1250 2370 1399 2430 ecclesiae
1422 2369 1603 2443 interdicit,
1628 2371 1660 2433 et
1679 2371 1830 2447 neglecto
1853 2377 1947 2448 post-

1150 2465 1283 2526 modum
1308 2466 1499 2544 hujusmodi
1520 2465 1740 2530 celebraveris
1766 2470 1946 2534 interdicto

1150 2563 1258 2624 tecum
1274 2564 1488 2638 dignaremur
1502 2579 1603 2641 super
1612 2565 1675 2626 hoc
1685 2565 1947 2628 misericorditer

1151 2660 1355 2737 dispensare.
1366 2663 1435 2723 Nos
1446 2677 1524 2738 ergo
1535 2662 1753 2735 attendentes,
1769 2664 1944 2740 quodcum

1151 2757 1268 2834 sponte
1283 2756 1444 2818 confessis
1469 2758 1581 2820 mitius
1597 2759 1643 2820 sit
1663 2760 1839 2835 agendum,
1856 2761 1889 2821 et
1902 2761 1945 2821 ad

1150 2854 1368 2926 devotionem,
1383 2870 1481 2932 quam
1495 2855 1536 2916 ad
1550 2857 1733 2918 Romanam
1747 2857 1943 2931 Ecclesiam,

1150 2953 1183 3014 et
1195 2953 1342 3014 nostram
1357 2953 1446 3029 geris
1462 2968 1637 3030 personam
1652 2954 1795 3016 debitum
1810 2971 1945 3032 respec-

1149 3049 1218 3112 tum
1237 3049 1407 3122 habentes
1429 3051 1538 3111 tecum
1554 3067 1654 3128 super
1672 3051 1735 3113 boc
1756 3051 1796 3113 de
1812 3053 1947 3113 miseri-

1150 3147 1275 3219 cordia,
1292 3163 1365 3224 quae
1380 3147 1754 3225 superexaltatjudicio,
1770 3149 1947 3226 dispensa-

1150 3259 1234 3316 mus,
1256 3245 1477 3322 injungentes,
1500 3244 1536 3306 ut
1557 3261 1577 3306 a
1597 3247 1859 3323 praesumptione
1881 3245 1948 3306 hu-

1146 3343 1292 3419 jusmodi
1304 3343 1347 3403 de
1366 3344 1487 3404 caetero
1507 3357 1627 3404 careas
1648 3343 1837 3419 diligenter,
1853 3359 1946 3420 prm-

1150 3440 1264 3501 sertim
1279 3456 1379 3517 quum
1395 3456 1436 3502 ex
1447 3441 1635 3516 ignorantia
1649 3441 1737 3517 juris
1752 3455 1819 3502 non
1833 3442 1947 3516 possis

1151 3537 1394 3614 quomodolibet
1415 3539 1582 3610 excusari,
1603 3539 1714 3614 utpote
1740 3537 1793 3598 vir
1821 3538 1948 3615 praedi-

1149 3636 1201 3695 tus
1231 3633 1370 3696 scientia
1401 3634 1597 3696 litterarum.
1626 3635 1744 3696 natum
1771 3636 1943 3708 Laterani,

1149 3731 1309 3792 kalendas
1325 3731 1453 3807 aprilis
1466 3747 1553 3794 anno
1569 3732 1693 3810 quinto.

1472 3908 1620 3995 dduxi

1149 4052 1200 4110 Ad
1214 4053 1392 4120 decanum,
1414 4053 1639 4111 cellararium
1652 4051 1687 4110 et
1702 4052 1748 4110 Η.
1764 4054 1805 4112 de
1819 4053 1949 4114 Sancto

1242 4149 1398 4222 Remigio
1413 4149 1616 4208 carzoatoum
1633 4149 1851 4210 tiernensem.

1440 4268 1456 4325 Ξ
1473 4267 1553 4340 april.
1569 4267 1647 4326 itti.

1182 4381 1301 4446 saepest,
1315 4381 1361 4432 lib.
1372 4381 1403 4441 V,
1417 4380 1489 4446 epist.
1501 4381 1671 4433 molismus
1683 4383 1760 4432 Porto
1770 4383 1803 4434 du
1818 4383 1913 4448 Theti]

1176 4489 1307 4560 Praecipit
1322 4489 1364 4546 cis
1378 4495 1410 4545 ut
1423 4487 1632 4546 thesaurarium
1651 4489 1865 4562 lingonensem
1881 4489 1916 4546 ab

1193 4575 1354 4633 infestando
1365 4577 1540 4649 lingonensi
1556 4577 1691 4650 episcopo
1701 4585 1896 4650 compescant.

1188 4689 1368 4765 Honorius,
1386 4693 1462 4765 etc,
1478 4693 1608 4756 dilectis
1622 4692 1702 4754 filiis
1714 4693 1852 4766 decano,
1869 4694 1948 4756 cel·

1149 4791 1285 4862 larario,
1299 4792 1333 4852 at
1347 4793 1387 4852 ll.
1402 4790 1443 4851 de
1463 4791 1583 4854 Sancto
1606 4791 1760 4866 Remigio
1771 4793 1945 4854 canonicis

1150 4891 1316 4950 Senones.

297 4990 493 5056 discretioni
507 4990 573 5051 tuae
588 5004 649 5066 per
662 4986 852 5064 Apostolica
868 4985 991 5063 scripta
1005 5002 1095 5047 man·
1189 4989 1351 5047 Peraersa
1373 4985 1552 5047 obstinatio
1570 4985 1603 5047 et
1619 4985 1787 5047 obstinata
1801 5001 1943 5062 perver-

298 5091 417 5152 damus
428 5087 591 5166 quatenus
602 5083 1052 5164 proventusprimicerlatus,
1063 5085 1096 5146 ei
1150 5083 1231 5144 sitas
1251 5083 1455 5144 thesaurarii
1477 5083 1659 5158 Lingonen.
1690 5085 1885 5158 exposcunt,
1908 5083 1947 5146 ut

298 5190 441 5251 aliorum
457 5184 692 5248 beneficiorum
708 5181 815 5258 ipsius
831 5181 1013 5258 primicerii
1025 5182 1095 5244 sive
1150 5179 1338 5257 trequentes
1361 5179 1563 5242 destinemus
1578 5179 1708 5240 litteras
1724 5181 1840 5242 contra
1855 5196 1944 5254 eum,

297 5285 454 5351 vacantia
476 5283 544 5354 liat,
563 5281 635 5342 slve
650 5279 750 5341 etiam
762 5283 833 5357 jam
848 5280 971 5341 collata
990 5279 1094 5340 iacias
1150 5280 1183 5339 et
1198 5279 1231 5337 in
1246 5277 1361 5340 morbo
1381 5277 1596 5352 experiamur
1613 5276 1811 5348 cauterium,
1829 5277 1863 5336 in
1879 5294 1946 5354 quo

299 5381 502 5462 sequestrari
523 5379 660 5450 tamdiu,
678 5378 711 5439 et
731 5393 804 5439 cum
825 5377 999 5452 diligentia
1019 5393 1097 5437 cus-
1151 5376 1315 5437 medicina
1328 5391 1393 5437 non
1408 5375 1562 5451 provenit
1576 5369 1807 5436 fomentorum.
1829 5375 1863 5436 Si
1876 5376 1948 5451 qui·

296 5483 408 5555 todiri,
427 5481 532 5542 donec
547 5477 588 5540 de
603 5477 691 5538 sorte
708 5491 768 5536 sua
791 5474 870 5538 inde
886 5473 1094 5536 satisfactum
1151 5474 1224 5535 dem
1249 5472 1400 5534 eamdem
1421 5472 1669 5534 thesaurarium
1696 5488 1784 5548 saepe
1805 5471 1947 5534 lecimus
