4248 6410
975 291 1151 352 HONORII
1173 289 1218 348 ΙΙΙ
1240 290 1388 352 OPERA.
1946 291 2005 352 68⁰

763 477 766 483 ¹
1210 446 1329 525 quibus
1341 449 1464 511 temere
1479 447 1660 510 molestari.
1672 447 1721 520 st,
1732 461 1834 524 quum
1844 447 1951 524 ipsius
1961 449 2004 509 sit

693 505 823 592 CCXX
1209 545 1520 623 interpretariJura,
1535 546 1592 622 qui
1604 544 1746 606 condere
1761 545 1834 622 ipsa
1847 546 1967 622 potest,
1984 561 2002 606 a

648 649 700 709 Ad
714 649 860 710 eosdem.
1210 642 1441 720 superstitiosa
1458 642 1732 718 interpretatione
1748 641 1888 704 concilii
1905 657 2005 702 cure-

623 778 658 835 „
666 778 790 851 januarii
806 777 885 836 Μ.
1210 741 1253 803 tis
1263 756 1322 802 vos
1334 740 1423 818 ipsos
1437 741 1470 802 et
1484 740 1569 802 alios
1582 739 1749 812 cohibere,
1765 755 1804 800 ac
1820 739 2003 801 confratres
2027 731 2031 739 “

546 911 550 918 ¹
793 899 799 912 ,
1210 837 1357 914 ipsorum
1382 839 1415 899 et
1440 838 1525 898 alios
1555 837 1715 916 eligentes
1746 852 1789 900 ex
1816 837 1940 914 pietate
1968 837 2002 897 in

535 917 541 924 ’
568 898 765 965 [⁵⁸⁸⁰fflk⁸'¹⁰⁰'
778 899 948 965 ⁰¹t‘'¹'‘³⁰⁸']
1190 923 1192 930 ’
1211 949 1325 996 eorum
1347 934 1498 996 ecclesiis
1520 935 1718 1010 sepulturas,
1739 933 1914 996 dummodo
1937 949 2002 995 non

361 1017 503 1077 Honorius
528 1022 607 1074 vetat
632 1015 765 1090 praelatos
791 1015 920 1074 ordinem
948 1015 1155 1074 theutonicum
1211 1031 1279 1094 sini
1301 1031 1578 1094 excommunioaii
1603 1032 1655 1092 v01
1677 1031 1873 1092 nominatim
1893 1031 2002 1092 inter.

467 1106 577 1164 f⁸²¹⁰¹¹0
591 1105 736 1180 genesus
752 1105 870 1164 G⁰⁰⁰³¹l
886 1105 1048 1162 milestre-
1210 1129 1289 1191 otoo
1311 1131 1369 1191 aut
1389 1129 1520 1206 publice
1546 1129 1703 1196 usurarii,
1722 1128 1896 1190 erusteus
1918 1128 2003 1205 apuu

398 1233 567 1296 Honorius
576 1231 763 1308 episcopus,
773 1247 890 1293 servus
902 1245 1074 1292 servorum
1083 1229 1154 1302 Dei,
1211 1243 1268 1290 eos
1288 1227 1392 1289 libere
1421 1227 1568 1304 sepeliri,
1593 1227 1687 1288 salva
1712 1227 1845 1304 iustitia
1869 1226 2003 1288 illarum

358 1329 607 1393 venerabilibus
641 1328 799 1390 fratribus
833 1328 1093 1405 archiepiscopis
1124 1327 1157 1390 et
1211 1323 1438 1396 ecclesiarum,
1458 1324 1613 1402 aquibus
1637 1325 1842 1386 mortuorum
1863 1339 2002 1400 corpora

359 1427 537 1506 episcopis,
554 1427 588 1487 et
607 1424 737 1486 dilectis
757 1424 836 1486 tiliis
855 1423 1043 1496 abbatibus,
1059 1423 1155 1500 prio·
1210 1426 1436 1485 assumuntur.
1460 1425 1509 1494 Et,
1529 1421 1557 1482 si
1572 1421 1652 1484 dicti
1674 1421 1795 1483 fratres
1816 1420 1869 1482 vel
1888 1436 2002 1482 eorum

360 1523 465 1594 ribus,
492 1523 639 1594 decanis,
665 1521 923 1594 archidiaconis,
954 1521 1154 1599 praepositis,
1211 1520 1319 1581 nuntii
1335 1519 1437 1580 semel
1448 1519 1481 1580 in
1494 1534 1582 1580 anno
1598 1518 1639 1580 ad
1651 1534 1710 1580 vos
1720 1518 1773 1579 vel
1788 1517 1829 1579 ad
1841 1518 2002 1578 ecclesias

361 1620 661 1697 archipresbyteris
682 1621 715 1681 et
732 1619 809 1680 aliis
829 1618 1046 1680 ecclesiarum
1067 1633 1157 1695 prae-
1210 1617 1364 1678 venerint
1373 1615 1723 1692 vestraejurisdictioni
1734 1615 1911 1692 subjectas,
1922 1617 2003 1676 elee-

360 1717 448 1788 latis,
466 1715 507 1777 ad
529 1731 611 1792 quos
630 1714 750 1776 litterae
771 1715 843 1776 iste
859 1714 1083 1791 pervenerint,
1100 1728 1157 1774 sa·
1211 1729 1367 1792 mosynas
1382 1713 1417 1774 in
1430 1729 1513 1792 pace
1528 1729 1679 1790 quaerere
1696 1729 1735 1773 ac
1754 1713 1927 1774 exhortari
1943 1727 2002 1790 po-

360 1812 462 1875 lutem
477 1812 510 1873 et
523 1811 741 1888 apostolicam
760 1810 1034 1872 benedictionem.
1211 1811 1325 1890 pulum
1354 1811 1563 1888 permittatis,
1582 1811 1684 1870 nullis
1711 1809 1903 1872 confratriis
1931 1809 2003 1870 aliis

400 1911 475 1973 Non
491 1909 564 1970 sine
583 1909 679 1985 gravi
700 1907 899 1985 Apostolicae
921 1907 1017 1969 Sedis
1030 1906 1155 1984 injuria
1210 1909 1416 1986 interpositis
1438 1923 1478 1970 ea
1507 1907 1577 1982 diei
1601 1907 1758 1985 populum
1787 1907 2003 1968 nihilominus

360 2007 395 2071 et
409 2007 528 2084 grandi
544 2005 745 2067 contumelia
757 2005 924 2066 creatoris
940 2004 1083 2082 quidam,
1099 2003 1156 2080 qui
1209 2009 1359 2069 vestrum
1379 2007 1541 2068 moneatis
1568 2005 1602 2066 et
1622 2005 1804 2068 efficaciter
1827 2003 2002 2074 inducatis,

361 2103 488 2184 ponunt
502 2103 608 2164 lucem
632 2101 788 2164 tenebras
807 2102 841 2163 et
861 2101 1016 2164 tenebras
1035 2101 1155 2168 lucem,
1211 2107 1246 2166 ut
1259 2120 1374 2166 eorum
1397 2103 1623 2166 fraternitates
1644 2117 1879 2174 assumerem:
1897 2103 2003 2178 legata

361 2202 500 2266 dilectos
516 2199 603 2261 tilios
617 2199 738 2260 fratres
750 2199 932 2275 Hospitalis
943 2199 1073 2260 sancte
1084 2199 1157 2258 Ma·
1211 2203 1260 2264 eis
1275 2202 1309 2262 iu
1325 2201 1440 2264 ultima
1461 2201 1631 2264 voluntate
1652 2201 1780 2272 relicta,
1796 2201 1828 2260 et
1851 2198 1922 2260 alia
1938 2199 2002 2258 illis

361 2301 422 2363 riae
436 2297 715 2360 'lheutonicorum
728 2296 1024 2374 Hierosolymitani
1035 2295 1077 2357 ab
1094 2298 1157 2356 llo-
1210 2300 1371 2361 beneficia
1379 2300 1452 2362 sine
1460 2298 1655 2360 difficultate
1668 2298 1823 2359 studeant
1833 2297 2001 2358 exhibere.

361 2393 793 2470 clesialtomanaspecialis
806 2393 974 2470 privilegii
987 2407 1158 2469 praeroga·
1211 2399 1280 2460 Nos
1303 2412 1383 2458 vero
1405 2398 1464 2469 eis,
1486 2397 1543 2474 qui
1567 2396 1665 2458 dictis
1688 2394 1847 2458 fratribus
1870 2409 2003 2455 manum

361 2495 430 2556 tiva
446 2492 596 2565 donatos,
611 2493 644 2553 et
653 2491 826 2568 deputatos
841 2490 1032 2568 specialiter
1047 2490 1156 2552 servi-
1211 2493 1423 2572 porrexerint
1446 2493 1590 2570 pietatis,
1605 2493 1633 2552 si
1654 2507 1732 2554 vere
1756 2490 1880 2552 fuerint
1901 2491 2004 2568 poeni·

361 2593 408 2654 tio
418 2593 497 2654 iesu
508 2589 642 2661 Christi,
653 2589 829 2653 occasione
841 2588 980 2651 Concilii
990 2587 1156 2665 generalis
1211 2591 1330 2662 tentes,
1336 2591 1433 2668 juxta
1448 2590 1636 2652 devotionis
1648 2589 1804 2651 affectum
1819 2590 1852 2650 et
1866 2585 2004 2648 subsidii

362 2689 436 2772 plus
451 2687 561 2752 debito
576 2686 765 2764 etamplius
785 2686 883 2748 solito
902 2701 1044 2763 gravare
1066 2701 1156 2761 prm-
1212 2689 1429 2766 quantitatem
1458 2702 1594 2749 suorum
1622 2687 1850 2764 peccaminum
1873 2685 2003 2747 reniam
2085 2755 2086 2758 Ἴ

362 2787 507 2860 sumunt,
524 2785 619 2847 novis
634 2785 667 2846 et
681 2784 895 2862 inexquisitis
919 2799 976 2846 eos
996 2781 1158 2845 molestiis
1212 2786 1418 2866 pollicemur,
1446 2785 1661 2862 praesentium
1689 2783 1784 2844 vobis
1810 2781 2003 2844 auctoritate
2085 2805 2086 2816 ¹

361 2885 563 2961 affligentes,
584 2883 718 2960 propter
737 2881 824 2959 quod
844 2881 1067 2958 eleemosyna,
1084 2895 1158 2956 quaa
1213 2883 1419 2955 mandantes,
1437 2883 1474 2944 ut
1493 2882 1675 2959 praesentes
1697 2880 1838 2952 litteras,
1856 2879 2003 2958 quotiens

363 2981 491 3044 solebat
506 2979 666 3058 proficere
680 2976 881 3056 pauperibus
893 2977 1014 3038 Christi
1027 2979 1060 3038 et
1072 2975 1155 3038 suh·
1213 2980 1343 3042 adictis
1358 2979 1517 3041 fratribus
1532 2978 1662 3040 fueritis
1677 2977 1840 3054 requisiti,
1857 2992 1917 3054 per
1931 2991 2004 3038 ves·

364 3079 451 3142 sidio
473 3081 585 3140 'Perrae
611 3076 751 3147 Sancta
769 3075 817 3136 81⁰
834 3075 884 3137 Ost
898 3089 957 3152 per
971 3073 1157 3150 iniquitatis
1213 3081 1283 3141 tras
1295 3077 1424 3139 faciatis
1437 3077 1597 3138 dioeceses
1612 3077 1645 3137 et
1657 3075 1833 3153 parochias
1844 3072 2002 3152 publicari

363 3175 574 3254 dispendium
595 3173 783 3250 angustata,
805 3172 890 3250 quod
910 3171 1024 3233 eadem
1044 3171 1095 3234 est
1116 3187 1159 3232 ex
1213 3177 1246 3238 et
1260 3175 1407 3236 subditos
1422 3175 1561 3246 vestros,
1577 3175 1633 3250 qui
1647 3188 1748 3250 super
1760 3171 1944 3249 praemissis
1958 3169 2002 3232 eis

364 3276 458 3355 parte
469 3273 614 3334 maxima
626 3271 799 3332 diminuta
811 3269 977 3332 Praeterea
988 3268 1158 3331 libertates
1214 3273 1483 3351 impedimentum
1507 3270 1726 3348 praestiterint
1739 3272 1791 3330 vel
1814 3283 2001 3345 gravamen,

364 3373 397 3437 et
411 3371 634 3449 indulgentias
649 3370 698 3430 eis
714 3367 957 3444 abApostolica
978 3367 1062 3430 Sede
1078 3382 1159 3428 con·
1213 3385 1355 3432 censura
1381 3367 1543 3430 canonica
1570 3365 1750 3427 secundum
1777 3363 1879 3428 offleii
1906 3361 2003 3425 vestri

364 3485 478 3534 cessas
490 3484 549 3548 per
559 3467 733 3528 malitiosa
745 3465 1158 3543 interpretationiscalum·
1214 3468 1360 3530 debitum
1370 3465 1598 3543 compescatis.
1612 3465 1684 3526 Dat.
1693 3463 1850 3526 Laterani
1866 3461 2004 3522 Xlltlra·

363 3569 455 3630 niam
481 3565 718 3643 pervertentes,
733 3563 816 3640 ipsis
842 3564 968 3626 temere
992 3577 1029 3624 se
1055 3578 1159 3639 oppo-
1214 3565 1329 3626 lendas
1358 3563 1529 3634 februarii,
1553 3562 1767 3640 pontificatus
1790 3560 1898 3623 nostri
1922 3569 2003 3620 anno
2084 3589 2085 3638 3

366 3665 450 3727 nunt
464 3679 526 3727 nec
541 3662 725 3725 confratres
747 3676 864 3722 eorum
886 3662 919 3723 et
940 3660 1102 3736 eligentes
1123 3659 1158 3720 in
1214 3663 1343 3740 quinto.

364 3779 480 3828 eorum
495 3760 646 3824 ecclesiis
661 3758 860 3837 sepulturas,
878 3757 934 3835 qui
949 3773 1010 3820 nec
1025 3773 1160 3819 excom·

364 3860 525 3926 municati
544 3860 622 3920 sunt
641 3873 704 3920 nec
719 3857 819 3918 etiam
834 3856 1030 3919 nominatim
1049 3855 1159 3918 inter·
1533 3811 1684 3900 CCXXI

366 3959 458 4031 dicti,
479 3957 675 4036 permittunt
706 3955 792 4033 apud
817 3970 853 4016 se
876 3953 980 4016 libere
1011 3952 1157 4030 sepeliri.
1499 3957 1551 4017 Ad
1572 3956 1718 4016 eosdem

366 4055 639 4120 Exhortationem
654 4069 784 4131 quoque
802 4051 843 4114 ad
860 4051 1014 4130 populum
1030 4066 1090 4129 pro
1104 4067 1160 4111 re-
1506 4083 1540 4144 Ἡ
1554 4085 1615 4158 jan.
1632 4084 1713 4147 ¹22¹,

364 4154 528 4233 cipiendis
540 4149 950 4231 eleemosynisconsuetis‚
961 4149 1160 4212 confratrias
1629 4185 1630 4188 ,

365 4255 465 4316 etiam
482 4252 643 4330 ipsorum,
662 4266 736 4328 quae
762 4251 939 4327 praecipuae
957 4248 1059 4310 nullis
1084 4247 1159 4308 altis
1446 4217 1583 4282 [⁵²¹⁰h¹¹‘⁰’
1597 4217 1615 4268 ¹·
1626 4231 1658 4275 ⁰··
1670 4231 1697 4282 Ρ·
1710 4215 1779 4282 3οΜ

365 4350 573 4428 interpositis
588 4363 662 4410 0330
672 4347 803 4418 debent,
817 4345 1003 4424 impedium
1016 4360 1076 4422 pio
1091 4359 1160 4406 suae
1214 4328 1298 4388 lubet
1313 4325 1466 4395 Honorius,
1482 4331 1598 4382 ornatos
1613 4323 1684 4382 false
1698 4323 1790 4398 nigris
1801 4321 1910 4381 ordinis
1920 4321 2003 4381 Theu-

366 4445 709 4515 arbiqrjovoiunqaiss,
727 4445 861 4521 propio,
875 4443 938 4506 hoc
954 4443 1082 4505 tantum
1099 4456 1160 4502 00,
1250 4417 1335 4474 tonici
1352 4414 1484 4473 crucibus
1496 4413 1532 4470 ad
1547 4414 1745 4486 eleemosynas
1764 4410 1942 4485 colligandos
1959 4425 2000 4468 ec·

366 4561 441 4608 rum
454 4542 655 4623 profectibus
670 4540 870 4608 invidentes,
882 4539 960 4618 quia
976 4539 1089 4602 vident
1103 4554 1160 4600 eos
1251 4507 1409 4564 ⁰¹⁰⁸⁵⁸⁸¹¹⁰⁸
1422 4501 1573 4576 d¹⁸⁰¹¹³¹¹¹¹³
1586 4501 1723 4560 ⁰⁰⁶¹⁰⁶f¹·

366 4657 503 4708 causam
525 4655 720 4718 pauperum,
740 4637 807 4698 imo
826 4640 909 4714 ejus,
932 4637 988 4714 qui
1012 4637 1110 4697 simul
1126 4637 1160 4698 in
1256 4631 1423 4698 Honorius
1434 4630 1745 4708 episcopusservus
1756 4623 2000 4690 servorumbsi.

367 4755 470 4802 unum
490 4738 595 4802 voluit
614 4753 688 4798 esse
709 4736 802 4797 dives
825 4737 858 4798 et
876 4751 1013 4813 pauper,
1034 4733 1161 4796 relictis
1215 4729 1461 4793 venerabilibus
1494 4725 1652 4789 fratribus
1685 4722 1944 4801 archiepiscopis
1974 4719 2003 4780 et

366 4837 481 4902 mundi
505 4833 709 4899 vanitatibus
733 4847 927 4916 procurare.
953 4835 1033 4894 Cum
1059 4831 1162 4907 igitur
1216 4821 1380 4906 episcopis
1395 4826 1428 4886 et
1441 4824 1572 4885 dilectis
1585 4821 1664 4882 tiliis
1679 4819 1864 4892 abbatibus,
1882 4817 2000 4898 priori-

367 4932 495 5015 praefati
512 4933 632 4994 fratres
647 4933 720 5009 post
744 4933 847 4992 Deum
864 4930 992 4991 nullum
1017 4929 1162 4992 habeant
1215 4925 1287 4996 bus,
1305 4921 1562 4989 archidiaconis,
1583 4918 1730 4989 decanis,
1747 4920 1782 4980 et
1801 4918 1878 4980 aliis
1897 4915 2001 4978 eccle·

366 5033 488 5111 praeter
509 5031 694 5090 Romanum
717 5027 905 5105 pontificem
930 5027 1159 5088 defensorem:
1217 5023 1342 5086 siarum
1357 5019 1516 5098 prelatis,
1532 5018 1574 5080 ad
1594 5031 1676 5094 quos
1699 5015 1818 5078 litterae
1838 5014 1911 5078 istae
1927 5027 2000 5090 per·

366 5126 577 5192 universitati
600 5128 720 5188 vestrae
743 5141 802 5203 per
824 5123 1014 5203 Apostolica
1037 5123 1161 5200 scripta
1215 5119 1378 5190 venerint,
1395 5117 1537 5180 satutem
1559 5118 1592 5178 et
1616 5112 1834 5190 apostolicam
1854 5109 2003 5174 benedic·

231 5193 234 5198 *
287 5269 288 5274 κ
366 5225 515 5290 districte
534 5224 758 5302 praecipiendo
773 5222 980 5294 mandamus,
998 5221 1161 5300 quatenus
1215 5218 1350 5282 tionem.

365 5339 436 5396 eoa,
448 5322 514 5384 imo
525 5319 692 5380 Christum
707 5317 741 5378 in
753 5318 814 5390 eis,
829 5319 925 5395 cnjus
936 5319 1015 5378 sunt
1024 5315 1161 5378 servitio
1255 5315 1355 5378 Decet
1365 5310 1542 5391 pastoralis
1553 5307 1811 5371 sollicitudinem
1824 5304 2001 5381 dignitatis,

366 5419 525 5498 deputati,
541 5415 739 5492 recipientes
761 5414 944 5477 honorifice
965 5415 999 5477 et
1017 5413 1160 5490 benigna
1216 5427 1336 5491 pravas
1358 5413 1391 5474 et
1413 5423 1566 5472 enormes
1594 5406 1787 5484 iniquitates
1812 5402 1952 5465 evellere
1974 5399 2003 5460 et

367 5517 506 5580 caritate
520 5515 713 5586 tractantes,
727 5513 816 5594 ipsos
833 5512 1008 5574 occasione
1022 5510 1161 5574 concilii
1216 5511 1307 5582 vitia,
1333 5525 1407 5586 quae
1436 5505 1620 5584 periculum
1646 5503 1780 5579 pariunt
1808 5500 2000 5564 animarum,

367 5631 429 5678 uec
443 5613 590 5692 gravetis
603 5610 748 5675 indebite
770 5627 830 5674 neo
853 5608 1026 5690 patiamini
1042 5608 1083 5670 ab
1097 5610 1162 5670 ali·
1217 5607 1375 5672 radicitus
1391 5605 1573 5678 arnpntare.
1594 5599 1829 5662 Detestandum
1846 5596 2001 5674 siquidem
