<?xml version="1.0" encoding="UTF-8"?>
<!DOCTYPE html PUBLIC "-//W3C//DTD XHTML 1.0 Transitional//EN"
    "http://www.w3.org/TR/xhtml1/DTD/xhtml1-transitional.dtd">
<html xmlns="http://www.w3.org/1999/xhtml" xml:lang="en" lang="en">
 <head>
  <title>
</title>
<meta http-equiv="Content-Type" content="text/html;charset=utf-8" />
  <meta name='ocr-system' content='tesseract 3.04.00' />
  <meta name='ocr-capabilities' content='ocr_page ocr_carea ocr_par ocr_line ocrx_word'/>
</head>
<body>
  <div class='ocr_page' id='page_1' title='image "./mediiaevibiblio03bottgoog_0207.png"; bbox 0 0 4300 6392; ppageno 0'>
   <div class='ocr_carea' id='block_1_1' title="bbox 330 322 1991 388">
    <p class='ocr_par' dir='ltr' id='par_1_1' title="bbox 330 322 1991 388">
     <span class='ocr_line' id='line_1_1' title="bbox 330 322 1991 388; baseline 0.001 -5"><span class='ocrx_word' id='word_1_1' title='bbox 330 324 388 384; x_wconf 80' lang='lat'><strong>371</strong></span> <span class='ocrx_word' id='word_1_2' title='bbox 950 322 1126 384; x_wconf 86' lang='lat' dir='ltr'>HONORII</span> <span class='ocrx_word' id='word_1_3' title='bbox 1149 323 1195 383; x_wconf 91' lang='lat'><strong>111</strong></span> <span class='ocrx_word' id='word_1_4' title='bbox 1217 323 1364 386; x_wconf 82' lang='lat' dir='ltr'><strong>OPERA·</strong></span> <span class='ocrx_word' id='word_1_5' title='bbox 1922 325 1991 388; x_wconf 70' lang='lat'><strong>372</strong></span> 
     </span>
    </p>
   </div>
   <div class='ocr_carea' id='block_1_2' title="bbox 328 479 2002 1435">
    <p class='ocr_par' dir='ltr' id='par_1_2' title="bbox 328 479 1993 1044">
     <span class='ocr_line' id='line_1_2' title="bbox 331 479 1989 560; baseline 0.003 -19"><span class='ocrx_word' id='word_1_6' title='bbox 331 481 598 560; x_wconf 90' lang='lat' dir='ltr'><strong>procurationem</strong></span> <span class='ocrx_word' id='word_1_7' title='bbox 610 480 689 542; x_wconf 87' lang='lat' dir='ltr'><strong>anni</strong></span> <span class='ocrx_word' id='word_1_8' title='bbox 704 479 1032 556; x_wconf 88' lang='lat' dir='ltr'><strong>proximiatempore</strong></span> <span class='ocrx_word' id='word_1_9' title='bbox 1048 495 1126 541; x_wconf 90' lang='lat' dir='ltr'><strong>sen·</strong></span> <span class='ocrx_word' id='word_1_10' title='bbox 1181 495 1263 558; x_wconf 88' lang='lat' dir='ltr'><strong>quas</strong></span> <span class='ocrx_word' id='word_1_11' title='bbox 1287 483 1525 544; x_wconf 85' lang='lat' dir='ltr'><strong>monasterium</strong></span> <span class='ocrx_word' id='word_1_12' title='bbox 1549 498 1609 560; x_wconf 92' lang='lat' dir='ltr'><strong>pro</strong></span> <span class='ocrx_word' id='word_1_13' title='bbox 1632 483 1701 546; x_wconf 84' lang='lat' dir='ltr'><strong>bac</strong></span> <span class='ocrx_word' id='word_1_14' title='bbox 1728 499 1828 546; x_wconf 88' lang='lat' dir='ltr'><strong>causa</strong></span> <span class='ocrx_word' id='word_1_15' title='bbox 1857 485 1941 548; x_wconf 85' lang='lat' dir='ltr'><strong>iecit</strong></span> <span class='ocrx_word' id='word_1_16' title='bbox 1966 503 1989 546; x_wconf 91' lang='lat' dir='ltr'><strong>a</strong></span> 
     </span>
     <span class='ocr_line' id='line_1_3' title="bbox 331 577 1989 658; baseline 0.002 -18"><span class='ocrx_word' id='word_1_17' title='bbox 331 579 443 640; x_wconf 89' lang='lat' dir='ltr'><strong>tentiae</strong></span> <span class='ocrx_word' id='word_1_18' title='bbox 472 578 711 656; x_wconf 67' lang='lat' dir='ltr'><strong>promulgatae,</strong></span> <span class='ocrx_word' id='word_1_19' title='bbox 744 591 898 638; x_wconf 89' lang='lat' dir='ltr'><strong>asserens</strong></span> <span class='ocrx_word' id='word_1_20' title='bbox 925 577 1010 654; x_wconf 90' lang='lat' dir='ltr'><strong>quod</strong></span> <span class='ocrx_word' id='word_1_21' title='bbox 1040 577 1126 638; x_wconf 90' lang='lat' dir='ltr'><strong>idem</strong></span> <span class='ocrx_word' id='word_1_22' title='bbox 1179 579 1989 658; x_wconf 86' lang='lat' dir='ltr'><strong>temporeappellationisedApostolioamSedem</strong></span> 
     </span>
     <span class='ocr_line' id='line_1_4' title="bbox 329 673 1990 752; baseline 0.002 -17"><span class='ocrx_word' id='word_1_23' title='bbox 329 673 508 752; x_wconf 86' lang='lat' dir='ltr'><strong>episcopus</strong></span> <span class='ocrx_word' id='word_1_24' title='bbox 523 674 741 750; x_wconf 88' lang='lat' dir='ltr'><strong>inpetitione,</strong></span> <span class='ocrx_word' id='word_1_25' title='bbox 759 690 857 751; x_wconf 90' lang='lat' dir='ltr'><strong>quam</strong></span> <span class='ocrx_word' id='word_1_26' title='bbox 871 673 996 735; x_wconf 83' lang='lat' dir='ltr'><strong>lecerat</strong></span> <span class='ocrx_word' id='word_1_27' title='bbox 1010 674 1051 734; x_wconf 93' lang='lat' dir='ltr'><strong>de</strong></span> <span class='ocrx_word' id='word_1_28' title='bbox 1066 689 1125 735; x_wconf 88' lang='lat' dir='ltr'><strong>ar·</strong></span> <span class='ocrx_word' id='word_1_29' title='bbox 1181 675 1311 747; x_wconf 90' lang='lat' dir='ltr'><strong>emisse,</strong></span> <span class='ocrx_word' id='word_1_30' title='bbox 1336 675 1401 752; x_wconf 90' lang='lat' dir='ltr'><strong>ipsl</strong></span> <span class='ocrx_word' id='word_1_31' title='bbox 1428 679 1910 742; x_wconf 84' lang='lat' dir='ltr'><strong>monasteriacondemnantes</strong></span> <span class='ocrx_word' id='word_1_32' title='bbox 1942 697 1990 740; x_wconf 89' lang='lat' dir='ltr'><strong>ac</strong></span> 
     </span>
     <span class='ocr_line' id='line_1_5' title="bbox 330 771 1993 853; baseline 0.003 -21"><span class='ocrx_word' id='word_1_33' title='bbox 330 771 443 833; x_wconf 88' lang='lat' dir='ltr'><strong>ticulis</strong></span> <span class='ocrx_word' id='word_1_34' title='bbox 458 773 648 834; x_wconf 89' lang='lat' dir='ltr'><strong>executioni</strong></span> <span class='ocrx_word' id='word_1_35' title='bbox 658 771 854 832; x_wconf 89' lang='lat' dir='ltr'><strong>mandandis</strong></span> <span class='ocrx_word' id='word_1_36' title='bbox 870 785 997 834; x_wconf 90' lang='lat' dir='ltr'><strong>memor</strong></span> <span class='ocrx_word' id='word_1_37' title='bbox 1007 785 1127 847; x_wconf 85' lang='lat' dir='ltr'><strong>procu·</strong></span> <span class='ocrx_word' id='word_1_38' title='bbox 1181 771 1396 833; x_wconf 81' lang='lat' dir='ltr'>decernentes</span> <span class='ocrx_word' id='word_1_39' title='bbox 1418 773 1562 846; x_wconf 85' lang='lat' dir='ltr'><strong>irritum,</strong></span> <span class='ocrx_word' id='word_1_40' title='bbox 1583 775 1612 834; x_wconf 92' lang='lat' dir='ltr'><strong>si</strong></span> <span class='ocrx_word' id='word_1_41' title='bbox 1634 776 1722 852; x_wconf 91' lang='lat' dir='ltr'><strong>quid</strong></span> <span class='ocrx_word' id='word_1_42' title='bbox 1734 777 1808 852; x_wconf 90' lang='lat' dir='ltr'><strong>post</strong></span> <span class='ocrx_word' id='word_1_43' title='bbox 1828 777 1993 853; x_wconf 88' lang='lat' dir='ltr'><strong>appella-</strong></span> 
     </span>
     <span class='ocr_line' id='line_1_6' title="bbox 328 867 1992 950; baseline 0.003 -20"><span class='ocrx_word' id='word_1_44' title='bbox 328 867 472 930; x_wconf 86' lang='lat' dir='ltr'><strong>rationis</strong></span> <span class='ocrx_word' id='word_1_45' title='bbox 494 884 563 929; x_wconf 91' lang='lat' dir='ltr'><strong>non</strong></span> <span class='ocrx_word' id='word_1_46' title='bbox 577 868 686 930; x_wconf 84' lang='lat' dir='ltr'><strong>luerat</strong></span> <span class='ocrx_word' id='word_1_47' title='bbox 705 867 893 941; x_wconf 85' lang='lat' dir='ltr'><strong>antedictae,</strong></span> <span class='ocrx_word' id='word_1_48' title='bbox 911 870 944 930; x_wconf 90' lang='lat' dir='ltr'><strong>et</strong></span> <span class='ocrx_word' id='word_1_49' title='bbox 965 867 1126 945; x_wconf 81' lang='lat' dir='ltr'><strong>adjiciens</strong></span> <span class='ocrx_word' id='word_1_50' title='bbox 1180 867 1303 928; x_wconf 90' lang='lat' dir='ltr'><strong>tionem</strong></span> <span class='ocrx_word' id='word_1_51' title='bbox 1323 867 1471 930; x_wconf 87' lang='lat' dir='ltr'><strong>eamdem</strong></span> <span class='ocrx_word' id='word_1_52' title='bbox 1493 886 1594 947; x_wconf 90' lang='lat' dir='ltr'><strong>super</strong></span> <span class='ocrx_word' id='word_1_53' title='bbox 1617 871 1680 933; x_wconf 93' lang='lat' dir='ltr'><strong>boc</strong></span> <span class='ocrx_word' id='word_1_54' title='bbox 1694 871 1818 934; x_wconf 82' lang='lat' dir='ltr'><strong>lactum</strong></span> <span class='ocrx_word' id='word_1_55' title='bbox 1842 873 1905 935; x_wconf 84' lang='lat' dir='ltr'><strong>luit</strong></span> <span class='ocrx_word' id='word_1_56' title='bbox 1919 889 1992 950; x_wconf 88' lang='lat' dir='ltr'><strong>per</strong></span> 
     </span>
     <span class='ocr_line' id='line_1_7' title="bbox 333 964 1536 1044; baseline 0.002 -20"><span class='ocrx_word' id='word_1_57' title='bbox 333 965 550 1026; x_wconf 89' lang='lat' dir='ltr'><strong>nibilominus</strong></span> <span class='ocrx_word' id='word_1_58' title='bbox 566 965 651 1042; x_wconf 91' lang='lat' dir='ltr'><strong>quod</strong></span> <span class='ocrx_word' id='word_1_59' title='bbox 669 966 747 1028; x_wconf 88' lang='lat' dir='ltr'><strong>ante</strong></span> <span class='ocrx_word' id='word_1_60' title='bbox 768 966 837 1027; x_wconf 90' lang='lat' dir='ltr'><strong>litis</strong></span> <span class='ocrx_word' id='word_1_61' title='bbox 852 965 1039 1041; x_wconf 76' lang='lat' dir='ltr'><strong>ingressum</strong></span> <span class='ocrx_word' id='word_1_62' title='bbox 1054 980 1127 1028; x_wconf 89' lang='lat' dir='ltr'><strong>res·</strong></span> <span class='ocrx_word' id='word_1_63' title='bbox 1175 964 1306 1040; x_wconf 83' lang='lat' dir='ltr'><strong>judices</strong></span> <span class='ocrx_word' id='word_1_64' title='bbox 1318 967 1536 1044; x_wconf 82' lang='lat' dir='ltr'><strong>supradictos.</strong></span> 
     </span>
    </p>

    <p class='ocr_par' dir='ltr' id='par_1_3' title="bbox 330 1061 2002 1435">
     <span class='ocr_line' id='line_1_8' title="bbox 332 1061 2002 1144; baseline 0.003 -20"><span class='ocrx_word' id='word_1_65' title='bbox 332 1063 407 1126; x_wconf 89' lang='lat' dir='ltr'><strong>titui</strong></span> <span class='ocrx_word' id='word_1_66' title='bbox 428 1062 561 1126; x_wconf 87' lang='lat' dir='ltr'><strong>volebat</strong></span> <span class='ocrx_word' id='word_1_67' title='bbox 582 1062 771 1139; x_wconf 89' lang='lat' dir='ltr'><strong>episcopum</strong></span> <span class='ocrx_word' id='word_1_68' title='bbox 787 1063 828 1123; x_wconf 91' lang='lat' dir='ltr'><strong>ad</strong></span> <span class='ocrx_word' id='word_1_69' title='bbox 845 1062 1123 1140; x_wconf 76' lang='lat' dir='ltr'><strong>procurationem,</strong></span> <span class='ocrx_word' id='word_1_70' title='bbox 1219 1061 1380 1132; x_wconf 82' lang='lat' dir='ltr'><strong>Quocirca</strong></span> <span class='ocrx_word' id='word_1_71' title='bbox 1402 1062 1594 1125; x_wconf 87' lang='lat' dir='ltr'><strong>discretioni</strong></span> <span class='ocrx_word' id='word_1_72' title='bbox 1619 1065 1740 1128; x_wconf 68' lang='lat' dir='ltr'><strong>venre</strong></span> <span class='ocrx_word' id='word_1_73' title='bbox 1758 1082 1819 1144; x_wconf 89' lang='lat' dir='ltr'><strong>per</strong></span> <span class='ocrx_word' id='word_1_74' title='bbox 1837 1069 2002 1144; x_wconf 78' lang='lat' dir='ltr'><strong>aposto--</strong></span> 
     </span>
     <span class='ocr_line' id='line_1_9' title="bbox 331 1157 2001 1240; baseline 0.004 -22"><span class='ocrx_word' id='word_1_75' title='bbox 331 1174 430 1235; x_wconf 91' lang='lat' dir='ltr'><strong>quam</strong></span> <span class='ocrx_word' id='word_1_76' title='bbox 449 1160 656 1235; x_wconf 88' lang='lat' dir='ltr'><strong>postmodum</strong></span> <span class='ocrx_word' id='word_1_77' title='bbox 669 1177 743 1222; x_wconf 90' lang='lat' dir='ltr'><strong>cum</strong></span> <span class='ocrx_word' id='word_1_78' title='bbox 759 1160 972 1236; x_wconf 89' lang='lat' dir='ltr'><strong>processione</strong></span> <span class='ocrx_word' id='word_1_79' title='bbox 985 1175 1126 1237; x_wconf 89' lang='lat' dir='ltr'><strong>recepe·</strong></span> <span class='ocrx_word' id='word_1_80' title='bbox 1180 1157 1244 1218; x_wconf 90' lang='lat' dir='ltr'><strong>lica</strong></span> <span class='ocrx_word' id='word_1_81' title='bbox 1283 1160 1407 1237; x_wconf 88' lang='lat' dir='ltr'><strong>scripta</strong></span> <span class='ocrx_word' id='word_1_82' title='bbox 1435 1161 1640 1234; x_wconf 83' lang='lat' dir='ltr'>mandamus,</span> <span class='ocrx_word' id='word_1_83' title='bbox 1671 1165 1835 1240; x_wconf 88' lang='lat' dir='ltr'><strong>quatenus</strong></span> <span class='ocrx_word' id='word_1_84' title='bbox 1869 1165 2001 1240; x_wconf 88' lang='lat' dir='ltr'><strong>ipsum-</strong></span> 
     </span>
     <span class='ocr_line' id='line_1_10' title="bbox 330 1255 1988 1338; baseline 0.004 -22"><span class='ocrx_word' id='word_1_85' title='bbox 330 1255 395 1328; x_wconf 89' lang='lat' dir='ltr'><strong>rat,</strong></span> <span class='ocrx_word' id='word_1_86' title='bbox 412 1257 525 1318; x_wconf 88' lang='lat' dir='ltr'><strong>dicens</strong></span> <span class='ocrx_word' id='word_1_87' title='bbox 538 1258 622 1334; x_wconf 89' lang='lat' dir='ltr'><strong>quod</strong></span> <span class='ocrx_word' id='word_1_88' title='bbox 638 1273 704 1318; x_wconf 93' lang='lat' dir='ltr'><strong>non</strong></span> <span class='ocrx_word' id='word_1_89' title='bbox 724 1257 833 1320; x_wconf 87' lang='lat' dir='ltr'><strong>luerat</strong></span> <span class='ocrx_word' id='word_1_90' title='bbox 851 1257 999 1318; x_wconf 90' lang='lat' dir='ltr'><strong>exhibita</strong></span> <span class='ocrx_word' id='word_1_91' title='bbox 1019 1257 1055 1318; x_wconf 88' lang='lat' dir='ltr'><strong>ut</strong></span> <span class='ocrx_word' id='word_1_92' title='bbox 1067 1258 1128 1318; x_wconf 92' lang='lat' dir='ltr'><strong>de-</strong></span> <span class='ocrx_word' id='word_1_93' title='bbox 1180 1255 1371 1334; x_wconf 90' lang='lat' dir='ltr'><strong>episcopum</strong></span> <span class='ocrx_word' id='word_1_94' title='bbox 1400 1257 1442 1318; x_wconf 92' lang='lat' dir='ltr'><strong>ad</strong></span> <span class='ocrx_word' id='word_1_95' title='bbox 1472 1259 1714 1321; x_wconf 87' lang='lat' dir='ltr'><strong>restitutionem</strong></span> <span class='ocrx_word' id='word_1_96' title='bbox 1753 1275 1988 1338; x_wconf 85' lang='lat' dir='ltr'><strong>expensarum</strong></span> 
     </span>
     <span class='ocr_line' id='line_1_11' title="bbox 330 1352 1991 1435; baseline 0.004 -22"><span class='ocrx_word' id='word_1_97' title='bbox 330 1352 430 1414; x_wconf 90' lang='lat' dir='ltr'><strong>bebat</strong></span> <span class='ocrx_word' id='word_1_98' title='bbox 443 1369 483 1416; x_wconf 92' lang='lat' dir='ltr'><strong>eo</strong></span> <span class='ocrx_word' id='word_1_99' title='bbox 505 1355 591 1432; x_wconf 93' lang='lat' dir='ltr'><strong>quod</strong></span> <span class='ocrx_word' id='word_1_100' title='bbox 616 1355 767 1432; x_wconf 80' lang='lat' dir='ltr'><strong>sequenti</strong></span> <span class='ocrx_word' id='word_1_101' title='bbox 789 1355 842 1416; x_wconf 89' lang='lat' dir='ltr'><strong>die</strong></span> <span class='ocrx_word' id='word_1_102' title='bbox 864 1354 1000 1416; x_wconf 82' lang='lat' dir='ltr'><strong>familiae</strong></span> <span class='ocrx_word' id='word_1_103' title='bbox 1022 1354 1127 1430; x_wconf 89' lang='lat' dir='ltr'><strong>ipsius</strong></span> <span class='ocrx_word' id='word_1_104' title='bbox 1180 1353 1329 1430; x_wconf 91' lang='lat' dir='ltr'><strong>ipsarum</strong></span> <span class='ocrx_word' id='word_1_105' title='bbox 1348 1369 1408 1431; x_wconf 93' lang='lat' dir='ltr'><strong>per</strong></span> <span class='ocrx_word' id='word_1_106' title='bbox 1428 1353 1679 1417; x_wconf 75' lang='lat' dir='ltr'><strong>districtionem</strong></span> <span class='ocrx_word' id='word_1_107' title='bbox 1693 1358 1901 1431; x_wconf 89' lang='lat' dir='ltr'><strong>canonicam,</strong></span> <span class='ocrx_word' id='word_1_108' title='bbox 1924 1374 1991 1435; x_wconf 87' lang='lat' dir='ltr'><strong>ap·</strong></span> 
     </span>
    </p>
   </div>
   <div class='ocr_carea' id='block_1_3' title="bbox 328 1449 1128 2204">
    <p class='ocr_par' dir='ltr' id='par_1_4' title="bbox 328 1449 1128 2204">
     <span class='ocr_line' id='line_1_12' title="bbox 329 1449 1126 1528; baseline 0 -18"><span class='ocrx_word' id='word_1_109' title='bbox 329 1449 479 1528; x_wconf 85' lang='lat' dir='ltr'><strong>episcopi</strong></span> <span class='ocrx_word' id='word_1_110' title='bbox 499 1451 608 1513; x_wconf 84' lang='lat' dir='ltr'><strong>luerat</strong></span> <span class='ocrx_word' id='word_1_111' title='bbox 631 1451 791 1514; x_wconf 86' lang='lat' dir='ltr'><strong>comestio</strong></span> <span class='ocrx_word' id='word_1_112' title='bbox 810 1451 984 1528; x_wconf 83' lang='lat' dir='ltr'><strong>denegata,</strong></span> <span class='ocrx_word' id='word_1_113' title='bbox 1005 1465 1126 1512; x_wconf 87' lang='lat' dir='ltr'><strong>mona·</strong></span> 
     </span>
     <span class='ocr_line' id='line_1_13' title="bbox 329 1547 1128 1626; baseline 0.004 -18"><span class='ocrx_word' id='word_1_114' title='bbox 329 1547 415 1620; x_wconf 84' lang='lat' dir='ltr'><strong>obis,</strong></span> <span class='ocrx_word' id='word_1_115' title='bbox 433 1548 628 1610; x_wconf 86' lang='lat' dir='ltr'><strong>sicutiidem</strong></span> <span class='ocrx_word' id='word_1_116' title='bbox 643 1551 875 1626; x_wconf 81' lang='lat' dir='ltr'><strong>procuratores</strong></span> <span class='ocrx_word' id='word_1_117' title='bbox 887 1548 928 1610; x_wconf 93' lang='lat' dir='ltr'><strong>de</strong></span> <span class='ocrx_word' id='word_1_118' title='bbox 941 1549 1040 1625; x_wconf 88' lang='lat' dir='ltr'><strong>plano</strong></span> <span class='ocrx_word' id='word_1_119' title='bbox 1052 1565 1128 1611; x_wconf 91' lang='lat' dir='ltr'><strong>con·</strong></span> 
     </span>
     <span class='ocr_line' id='line_1_14' title="bbox 331 1642 1128 1723; baseline 0.005 -20"><span class='ocrx_word' id='word_1_120' title='bbox 331 1642 411 1704; x_wconf 82' lang='lat' dir='ltr'><strong>lessi</strong></span> <span class='ocrx_word' id='word_1_121' title='bbox 427 1643 549 1705; x_wconf 89' lang='lat' dir='ltr'><strong>suntid</strong></span> <span class='ocrx_word' id='word_1_122' title='bbox 564 1645 683 1706; x_wconf 89' lang='lat' dir='ltr'><strong>merito</strong></span> <span class='ocrx_word' id='word_1_123' title='bbox 696 1644 894 1708; x_wconf 83' lang='lat' dir='ltr'><strong>iacientibus</strong></span> <span class='ocrx_word' id='word_1_124' title='bbox 910 1662 984 1706; x_wconf 90' lang='lat' dir='ltr'><strong>cum</strong></span> <span class='ocrx_word' id='word_1_125' title='bbox 995 1661 1128 1723; x_wconf 88' lang='lat' dir='ltr'><strong>praece-</strong></span> 
     </span>
     <span class='ocr_line' id='line_1_15' title="bbox 329 1739 1126 1817; baseline 0.006 -18"><span class='ocrx_word' id='word_1_126' title='bbox 329 1739 420 1802; x_wconf 87' lang='lat' dir='ltr'><strong>denti</strong></span> <span class='ocrx_word' id='word_1_127' title='bbox 443 1740 498 1802; x_wconf 91' lang='lat' dir='ltr'><strong>die</strong></span> <span class='ocrx_word' id='word_1_128' title='bbox 523 1743 791 1817; x_wconf 86' lang='lat' dir='ltr'><strong>procurationem</strong></span> <span class='ocrx_word' id='word_1_129' title='bbox 827 1743 1009 1804; x_wconf 89' lang='lat' dir='ltr'><strong>solemnem</strong></span> <span class='ocrx_word' id='word_1_130' title='bbox 1038 1743 1126 1805; x_wconf 91' lang='lat' dir='ltr'><strong>idem</strong></span> 
     </span>
     <span class='ocr_line' id='line_1_16' title="bbox 328 1837 1125 1917; baseline 0.004 -20"><span class='ocrx_word' id='word_1_131' title='bbox 328 1837 504 1914; x_wconf 89' lang='lat' dir='ltr'><strong>episcopus</strong></span> <span class='ocrx_word' id='word_1_132' title='bbox 516 1837 707 1916; x_wconf 85' lang='lat' dir='ltr'><strong>recepisset.</strong></span> <span class='ocrx_word' id='word_1_133' title='bbox 722 1842 942 1902; x_wconf 90' lang='lat' dir='ltr'><strong>Procuratore</strong></span> <span class='ocrx_word' id='word_1_134' title='bbox 956 1841 1058 1916; x_wconf 80' lang='lat' dir='ltr'><strong>igitur</strong></span> <span class='ocrx_word' id='word_1_135' title='bbox 1069 1841 1125 1917; x_wconf 90' lang='lat' dir='ltr'><strong>ip-</strong></span> 
     </span>
     <span class='ocr_line' id='line_1_17' title="bbox 331 1935 1128 2014; baseline 0.006 -20"><span class='ocrx_word' id='word_1_136' title='bbox 331 1935 402 1995; x_wconf 91' lang='lat' dir='ltr'><strong>sius</strong></span> <span class='ocrx_word' id='word_1_137' title='bbox 421 1936 567 2013; x_wconf 89' lang='lat' dir='ltr'><strong>episcopi</strong></span> <span class='ocrx_word' id='word_1_138' title='bbox 587 1937 777 2014; x_wconf 87' lang='lat' dir='ltr'><strong>hujusmodi</strong></span> <span class='ocrx_word' id='word_1_139' title='bbox 797 1938 1014 2000; x_wconf 89' lang='lat' dir='ltr'><strong>dilationibus</strong></span> <span class='ocrx_word' id='word_1_140' title='bbox 1026 1938 1128 2000; x_wconf 88' lang='lat' dir='ltr'><strong>iusis-</strong></span> 
     </span>
     <span class='ocr_line' id='line_1_18' title="bbox 331 2029 1127 2110; baseline 0.004 -19"><span class='ocrx_word' id='word_1_141' title='bbox 331 2031 432 2103; x_wconf 90' lang='lat' dir='ltr'><strong>tente,</strong></span> <span class='ocrx_word' id='word_1_142' title='bbox 447 2032 549 2094; x_wconf 88' lang='lat' dir='ltr'><strong>abbas</strong></span> <span class='ocrx_word' id='word_1_143' title='bbox 564 2036 597 2096; x_wconf 93' lang='lat' dir='ltr'><strong>et</strong></span> <span class='ocrx_word' id='word_1_144' title='bbox 609 2035 791 2096; x_wconf 87' lang='lat' dir='ltr'><strong>conventus</strong></span> <span class='ocrx_word' id='word_1_145' title='bbox 810 2035 957 2110; x_wconf 83' lang='lat' dir='ltr'><strong>praedicti</strong></span> <span class='ocrx_word' id='word_1_146' title='bbox 973 2029 1127 2096; x_wconf 88' lang='lat' dir='ltr'><strong>conside-</strong></span> 
     </span>
     <span class='ocr_line' id='line_1_19' title="bbox 332 2126 1126 2204; baseline 0.004 -20"><span class='ocrx_word' id='word_1_147' title='bbox 332 2126 446 2186; x_wconf 82' lang='lat' dir='ltr'><strong>rantes</strong></span> <span class='ocrx_word' id='word_1_148' title='bbox 457 2141 517 2203; x_wconf 90' lang='lat' dir='ltr'><strong>per</strong></span> <span class='ocrx_word' id='word_1_149' title='bbox 530 2126 707 2188; x_wconf 88' lang='lat' dir='ltr'><strong>dilationes</strong></span> <span class='ocrx_word' id='word_1_150' title='bbox 717 2127 807 2204; x_wconf 89' lang='lat' dir='ltr'><strong>ipsas</strong></span> <span class='ocrx_word' id='word_1_151' title='bbox 819 2127 882 2188; x_wconf 91' lang='lat' dir='ltr'><strong>sibi</strong></span> <span class='ocrx_word' id='word_1_152' title='bbox 897 2127 1126 2204; x_wconf 70' lang='lat' dir='ltr'><strong>prejudicium</strong></span> 
     </span>
    </p>
   </div>
   <div class='ocr_carea' id='block_1_4' title="bbox 200 2223 1127 2300">
    <p class='ocr_par' dir='ltr' id='par_1_5' title="bbox 200 2223 1127 2300">
     <span class='ocr_line' id='line_1_20' title="bbox 200 2223 1127 2300; baseline 0.004 -19"><span class='ocrx_word' id='word_1_153' title='bbox 200 2233 212 2244; x_wconf 68' lang='grc'><strong>“</strong></span> <span class='ocrx_word' id='word_1_154' title='bbox 331 2223 499 2297; x_wconf 80' lang='lat' dir='ltr'><strong>generari,</strong></span> <span class='ocrx_word' id='word_1_155' title='bbox 515 2239 589 2284; x_wconf 93' lang='lat' dir='ltr'><strong>cum</strong></span> <span class='ocrx_word' id='word_1_156' title='bbox 600 2239 620 2284; x_wconf 88' lang='lat' dir='ltr'><strong>a</strong></span> <span class='ocrx_word' id='word_1_157' title='bbox 630 2225 778 2300; x_wconf 90' lang='lat' dir='ltr'><strong>tempore</strong></span> <span class='ocrx_word' id='word_1_158' title='bbox 793 2224 1049 2286; x_wconf 84' lang='lat' dir='ltr'><strong>lataesententiae</strong></span> <span class='ocrx_word' id='word_1_159' title='bbox 1061 2238 1127 2285; x_wconf 91' lang='lat' dir='ltr'><strong>non</strong></span> 
     </span>
    </p>
   </div>
   <div class='ocr_carea' id='block_1_5' title="bbox 306 2318 1128 5301">
    <p class='ocr_par' dir='ltr' id='par_1_6' title="bbox 306 2318 1128 5301">
     <span class='ocr_line' id='line_1_21' title="bbox 333 2318 1127 2398; baseline 0.005 -20"><span class='ocrx_word' id='word_1_160' title='bbox 333 2318 1127 2398; x_wconf 83' lang='lat' dir='ltr'><strong>solumbiennium‚verumetlamlercquadrien·</strong></span> 
     </span>
     <span class='ocr_line' id='line_1_22' title="bbox 332 2415 1125 2495; baseline 0.003 -19"><span class='ocrx_word' id='word_1_161' title='bbox 332 2415 426 2476; x_wconf 90' lang='lat' dir='ltr'><strong>nium</strong></span> <span class='ocrx_word' id='word_1_162' title='bbox 440 2417 633 2490; x_wconf 86' lang='lat' dir='ltr'><strong>effluxisset,</strong></span> <span class='ocrx_word' id='word_1_163' title='bbox 650 2419 683 2480; x_wconf 91' lang='lat' dir='ltr'><strong>et</strong></span> <span class='ocrx_word' id='word_1_164' title='bbox 696 2420 871 2495; x_wconf 88' lang='lat' dir='ltr'><strong>episcopus</strong></span> <span class='ocrx_word' id='word_1_165' title='bbox 895 2418 1015 2480; x_wconf 90' lang='lat' dir='ltr'><strong>iterum</strong></span> <span class='ocrx_word' id='word_1_166' title='bbox 1030 2434 1125 2479; x_wconf 91' lang='lat' dir='ltr'><strong>com-</strong></span> 
     </span>
     <span class='ocr_line' id='line_1_23' title="bbox 333 2513 1127 2593; baseline 0.005 -19"><span class='ocrx_word' id='word_1_167' title='bbox 333 2513 429 2575; x_wconf 89' lang='lat' dir='ltr'><strong>moda</strong></span> <span class='ocrx_word' id='word_1_168' title='bbox 445 2516 666 2591; x_wconf 90' lang='lat' dir='ltr'><strong>possessionis</strong></span> <span class='ocrx_word' id='word_1_169' title='bbox 685 2517 873 2593; x_wconf 86' lang='lat' dir='ltr'><strong>percipiens</strong></span> <span class='ocrx_word' id='word_1_170' title='bbox 897 2518 1030 2579; x_wconf 83' lang='lat' dir='ltr'><strong>curaret</strong></span> <span class='ocrx_word' id='word_1_171' title='bbox 1049 2531 1127 2592; x_wconf 90' lang='lat' dir='ltr'><strong>pro-</strong></span> 
     </span>
     <span class='ocr_line' id='line_1_24' title="bbox 332 2611 1126 2690; baseline 0.001 -19"><span class='ocrx_word' id='word_1_172' title='bbox 332 2611 483 2688; x_wconf 85' lang='lat' dir='ltr'><strong>prietatis</strong></span> <span class='ocrx_word' id='word_1_173' title='bbox 507 2612 670 2689; x_wconf 91' lang='lat' dir='ltr'><strong>judicium</strong></span> <span class='ocrx_word' id='word_1_174' title='bbox 704 2614 884 2685; x_wconf 88' lang='lat' dir='ltr'><strong>inchoare,</strong></span> <span class='ocrx_word' id='word_1_175' title='bbox 922 2613 1035 2690; x_wconf 90' lang='lat' dir='ltr'><strong>utpote</strong></span> <span class='ocrx_word' id='word_1_176' title='bbox 1072 2613 1126 2673; x_wconf 92' lang='lat' dir='ltr'><strong>cui</strong></span> 
     </span>
     <span class='ocr_line' id='line_1_25' title="bbox 330 2709 1127 2788; baseline 0.003 -19"><span class='ocrx_word' id='word_1_177' title='bbox 330 2709 505 2785; x_wconf 85' lang='lat' dir='ltr'><strong>expediret</strong></span> <span class='ocrx_word' id='word_1_178' title='bbox 519 2725 651 2787; x_wconf 89' lang='lat' dir='ltr'><strong>semper</strong></span> <span class='ocrx_word' id='word_1_179' title='bbox 665 2711 754 2772; x_wconf 91' lang='lat' dir='ltr'><strong>stare</strong></span> <span class='ocrx_word' id='word_1_180' title='bbox 768 2711 804 2772; x_wconf 91' lang='lat' dir='ltr'><strong>in</strong></span> <span class='ocrx_word' id='word_1_181' title='bbox 814 2711 1025 2788; x_wconf 87' lang='lat' dir='ltr'><strong>possessione</strong></span> <span class='ocrx_word' id='word_1_182' title='bbox 1040 2725 1127 2787; x_wconf 91' lang='lat' dir='ltr'><strong>prae-</strong></span> 
     </span>
     <span class='ocr_line' id='line_1_26' title="bbox 332 2805 1127 2884; baseline 0.003 -18"><span class='ocrx_word' id='word_1_183' title='bbox 332 2805 431 2878; x_wconf 88' lang='lat' dir='ltr'><strong>dicta,</strong></span> <span class='ocrx_word' id='word_1_184' title='bbox 448 2807 481 2868; x_wconf 91' lang='lat' dir='ltr'><strong>et</strong></span> <span class='ocrx_word' id='word_1_185' title='bbox 496 2821 553 2868; x_wconf 92' lang='lat' dir='ltr'><strong>eos</strong></span> <span class='ocrx_word' id='word_1_186' title='bbox 567 2809 681 2869; x_wconf 74' lang='lat' dir='ltr'><strong>terame</strong></span> <span class='ocrx_word' id='word_1_187' title='bbox 696 2807 837 2884; x_wconf 90' lang='lat' dir='ltr'><strong>quodam</strong></span> <span class='ocrx_word' id='word_1_188' title='bbox 850 2808 947 2868; x_wconf 93' lang='lat' dir='ltr'><strong>modo</strong></span> <span class='ocrx_word' id='word_1_189' title='bbox 962 2808 997 2867; x_wconf 85' lang='lat' dir='ltr'><strong>ia</strong></span> <span class='ocrx_word' id='word_1_190' title='bbox 1017 2808 1127 2868; x_wconf 88' lang='lat' dir='ltr'><strong>servi-</strong></span> 
     </span>
     <span class='ocr_line' id='line_1_27' title="bbox 332 2903 1123 2982; baseline 0.004 -19"><span class='ocrx_word' id='word_1_191' title='bbox 332 2903 412 2971; x_wconf 91' lang='lat' dir='ltr'><strong>tute,</strong></span> <span class='ocrx_word' id='word_1_192' title='bbox 427 2903 456 2964; x_wconf 88' lang='lat' dir='ltr'><strong>al</strong></span> <span class='ocrx_word' id='word_1_193' title='bbox 471 2905 593 2980; x_wconf 88' lang='lat' dir='ltr'><strong>posset,</strong></span> <span class='ocrx_word' id='word_1_194' title='bbox 616 2905 771 2966; x_wconf 90' lang='lat' dir='ltr'><strong>timentes</strong></span> <span class='ocrx_word' id='word_1_195' title='bbox 797 2905 898 2967; x_wconf 88' lang='lat' dir='ltr'><strong>etiam</strong></span> <span class='ocrx_word' id='word_1_196' title='bbox 921 2921 963 2966; x_wconf 90' lang='lat' dir='ltr'><strong>ne</strong></span> <span class='ocrx_word' id='word_1_197' title='bbox 982 2905 1123 2982; x_wconf 90' lang='lat' dir='ltr'><strong>judices,</strong></span> 
     </span>
     <span class='ocr_line' id='line_1_28' title="bbox 334 3000 1126 3078; baseline 0.005 -18"><span class='ocrx_word' id='word_1_198' title='bbox 334 3015 474 3076; x_wconf 89' lang='lat' dir='ltr'><strong>quorum</strong></span> <span class='ocrx_word' id='word_1_199' title='bbox 489 3000 658 3062; x_wconf 84' lang='lat' dir='ltr'><strong>absentias</strong></span> <span class='ocrx_word' id='word_1_200' title='bbox 672 3001 928 3078; x_wconf 89' lang='lat' dir='ltr'><strong>suspicabantur</strong></span> <span class='ocrx_word' id='word_1_201' title='bbox 942 3001 1044 3062; x_wconf 84' lang='lat' dir='ltr'><strong>luisse</strong></span> <span class='ocrx_word' id='word_1_202' title='bbox 1059 3017 1126 3064; x_wconf 90' lang='lat' dir='ltr'><strong>ma·</strong></span> 
     </span>
     <span class='ocr_line' id='line_1_29' title="bbox 333 3096 1127 3176; baseline 0.006 -20"><span class='ocrx_word' id='word_1_203' title='bbox 333 3096 447 3162; x_wconf 86' lang='lat' dir='ltr'><strong>litiose</strong></span> <span class='ocrx_word' id='word_1_204' title='bbox 464 3113 484 3158; x_wconf 94' lang='lat' dir='ltr'><strong>a</strong></span> <span class='ocrx_word' id='word_1_205' title='bbox 503 3099 596 3175; x_wconf 90' lang='lat' dir='ltr'><strong>parte</strong></span> <span class='ocrx_word' id='word_1_206' title='bbox 621 3097 768 3176; x_wconf 89' lang='lat' dir='ltr'><strong>episcopi</strong></span> <span class='ocrx_word' id='word_1_207' title='bbox 786 3099 994 3176; x_wconf 90' lang='lat' dir='ltr'><strong>procuratas,</strong></span> <span class='ocrx_word' id='word_1_208' title='bbox 1017 3099 1127 3161; x_wconf 90' lang='lat' dir='ltr'><strong>adbuc</strong></span> 
     </span>
     <span class='ocr_line' id='line_1_30' title="bbox 331 3194 1125 3273; baseline 0.003 -19"><span class='ocrx_word' id='word_1_209' title='bbox 331 3194 366 3254; x_wconf 92' lang='lat' dir='ltr'><strong>in</strong></span> <span class='ocrx_word' id='word_1_210' title='bbox 379 3194 527 3256; x_wconf 80' lang='lat' dir='ltr'><strong>favorem</strong></span> <span class='ocrx_word' id='word_1_211' title='bbox 542 3196 689 3272; x_wconf 90' lang='lat' dir='ltr'><strong>ejusdem</strong></span> <span class='ocrx_word' id='word_1_212' title='bbox 702 3196 849 3273; x_wconf 87' lang='lat' dir='ltr'><strong>episcopi</strong></span> <span class='ocrx_word' id='word_1_213' title='bbox 865 3197 1033 3271; x_wconf 78' lang='lat' dir='ltr'><strong>negotium</strong></span> <span class='ocrx_word' id='word_1_214' title='bbox 1046 3196 1125 3257; x_wconf 87' lang='lat' dir='ltr'><strong>diu-</strong></span> 
     </span>
     <span class='ocr_line' id='line_1_31' title="bbox 329 3289 1128 3368; baseline 0.003 -18"><span class='ocrx_word' id='word_1_215' title='bbox 329 3289 398 3351; x_wconf 89' lang='lat' dir='ltr'><strong>tius</strong></span> <span class='ocrx_word' id='word_1_216' title='bbox 413 3291 620 3368; x_wconf 88' lang='lat' dir='ltr'><strong>protrabant,</strong></span> <span class='ocrx_word' id='word_1_217' title='bbox 634 3291 750 3352; x_wconf 85' lang='lat' dir='ltr'><strong>sedem</strong></span> <span class='ocrx_word' id='word_1_218' title='bbox 765 3291 988 3368; x_wconf 68' lang='lat' dir='ltr'><strong>apostolicam</strong></span> <span class='ocrx_word' id='word_1_219' title='bbox 1012 3293 1128 3368; x_wconf 90' lang='lat' dir='ltr'><strong>appel-</strong></span> 
     </span>
     <span class='ocr_line' id='line_1_32' title="bbox 331 3387 1127 3465; baseline 0.003 -19"><span class='ocrx_word' id='word_1_220' title='bbox 331 3387 454 3459; x_wconf 91' lang='lat' dir='ltr'><strong>larunt,</strong></span> <span class='ocrx_word' id='word_1_221' title='bbox 471 3389 505 3450; x_wconf 90' lang='lat' dir='ltr'><strong>et</strong></span> <span class='ocrx_word' id='word_1_222' title='bbox 519 3389 560 3450; x_wconf 90' lang='lat' dir='ltr'><strong>ad</strong></span> <span class='ocrx_word' id='word_1_223' title='bbox 576 3387 787 3465; x_wconf 73' lang='lat' dir='ltr'><strong>presentiam</strong></span> <span class='ocrx_word' id='word_1_224' title='bbox 803 3389 951 3450; x_wconf 91' lang='lat' dir='ltr'><strong>nostram</strong></span> <span class='ocrx_word' id='word_1_225' title='bbox 967 3403 1127 3465; x_wconf 88' lang='lat' dir='ltr'><strong>procura-</strong></span> 
     </span>
     <span class='ocr_line' id='line_1_33' title="bbox 331 3485 1123 3562; baseline 0 -17"><span class='ocrx_word' id='word_1_226' title='bbox 331 3485 421 3545; x_wconf 84' lang='lat' dir='ltr'><strong>tores</strong></span> <span class='ocrx_word' id='word_1_227' title='bbox 436 3487 638 3547; x_wconf 86' lang='lat' dir='ltr'><strong>curaverunt</strong></span> <span class='ocrx_word' id='word_1_228' title='bbox 658 3487 884 3548; x_wconf 90' lang='lat' dir='ltr'><strong>transmittere</strong></span> <span class='ocrx_word' id='word_1_229' title='bbox 905 3485 1123 3562; x_wconf 85' lang='lat' dir='ltr'><strong>supradictos.</strong></span> 
     </span>
     <span class='ocr_line' id='line_1_34' title="bbox 331 3581 1124 3660; baseline 0.005 -19"><span class='ocrx_word' id='word_1_230' title='bbox 331 3583 477 3658; x_wconf 86' lang='lat' dir='ltr'><strong>Cumque</strong></span> <span class='ocrx_word' id='word_1_231' title='bbox 490 3581 601 3646; x_wconf 88' lang='lat' dir='ltr'><strong>nullus</strong></span> <span class='ocrx_word' id='word_1_232' title='bbox 613 3599 674 3659; x_wconf 93' lang='lat' dir='ltr'><strong>pro</strong></span> <span class='ocrx_word' id='word_1_233' title='bbox 686 3585 781 3660; x_wconf 89' lang='lat' dir='ltr'><strong>parte</strong></span> <span class='ocrx_word' id='word_1_234' title='bbox 791 3583 895 3645; x_wconf 90' lang='lat' dir='ltr'><strong>altera</strong></span> <span class='ocrx_word' id='word_1_235' title='bbox 908 3584 1124 3660; x_wconf 87' lang='lat' dir='ltr'><strong>compareret,</strong></span> 
     </span>
     <span class='ocr_line' id='line_1_35' title="bbox 332 3678 1127 3757; baseline 0.004 -19"><span class='ocrx_word' id='word_1_236' title='bbox 332 3678 397 3738; x_wconf 89' lang='lat' dir='ltr'><strong>nisi</strong></span> <span class='ocrx_word' id='word_1_237' title='bbox 412 3679 557 3755; x_wconf 89' lang='lat' dir='ltr'><strong>quidam,</strong></span> <span class='ocrx_word' id='word_1_238' title='bbox 571 3680 628 3756; x_wconf 92' lang='lat' dir='ltr'><strong>qui</strong></span> <span class='ocrx_word' id='word_1_239' title='bbox 637 3680 679 3742; x_wconf 92' lang='lat' dir='ltr'><strong>ad</strong></span> <span class='ocrx_word' id='word_1_240' title='bbox 693 3680 936 3757; x_wconf 88' lang='lat' dir='ltr'><strong>impetrandum</strong></span> <span class='ocrx_word' id='word_1_241' title='bbox 948 3682 981 3742; x_wconf 90' lang='lat' dir='ltr'><strong>et</strong></span> <span class='ocrx_word' id='word_1_242' title='bbox 993 3681 1127 3742; x_wconf 88' lang='lat' dir='ltr'><strong>contra·-</strong></span> 
     </span>
     <span class='ocr_line' id='line_1_36' title="bbox 329 3773 1126 3849; baseline 0.004 -13"><span class='ocrx_word' id='word_1_243' title='bbox 329 3773 507 3836; x_wconf 88' lang='lat' dir='ltr'><strong>dicendum</strong></span> <span class='ocrx_word' id='word_1_244' title='bbox 522 3775 684 3839; x_wconf 84' lang='lat' dir='ltr'><strong>duntaxat</strong></span> <span class='ocrx_word' id='word_1_245' title='bbox 705 3777 814 3840; x_wconf 84' lang='lat' dir='ltr'><strong>tuerat</strong></span> <span class='ocrx_word' id='word_1_246' title='bbox 833 3777 1028 3849; x_wconf 88' lang='lat' dir='ltr'><strong>destinatus,</strong></span> <span class='ocrx_word' id='word_1_247' title='bbox 1045 3777 1126 3839; x_wconf 90' lang='lat' dir='ltr'><strong>dicti</strong></span> 
     </span>
     <span class='ocr_line' id='line_1_37' title="bbox 306 3872 1125 3952; baseline 0.001 -18"><span class='ocrx_word' id='word_1_248' title='bbox 306 3916 310 3924; x_wconf 80' lang='grc'><strong>.</strong></span> <span class='ocrx_word' id='word_1_249' title='bbox 330 3873 563 3950; x_wconf 85' lang='lat' dir='ltr'><strong>procuratores</strong></span> <span class='ocrx_word' id='word_1_250' title='bbox 579 3872 751 3936; x_wconf 89' lang='lat' dir='ltr'><strong>humiliter</strong></span> <span class='ocrx_word' id='word_1_251' title='bbox 765 3874 984 3952; x_wconf 85' lang='lat' dir='ltr'><strong>postularunt,</strong></span> <span class='ocrx_word' id='word_1_252' title='bbox 1001 3876 1037 3935; x_wconf 93' lang='lat' dir='ltr'><strong>ut</strong></span> <span class='ocrx_word' id='word_1_253' title='bbox 1052 3889 1125 3935; x_wconf 90' lang='lat' dir='ltr'><strong>cum</strong></span> 
     </span>
     <span class='ocr_line' id='line_1_38' title="bbox 331 3969 1125 4053; baseline 0.001 -23"><span class='ocrx_word' id='word_1_254' title='bbox 331 3969 488 4048; x_wconf 83' lang='lat' dir='ltr'><strong>praetatus</strong></span> <span class='ocrx_word' id='word_1_255' title='bbox 514 3971 689 4053; x_wconf 88' lang='lat' dir='ltr'><strong>episcopus</strong></span> <span class='ocrx_word' id='word_1_256' title='bbox 715 3971 802 4032; x_wconf 84' lang='lat' dir='ltr'><strong>inira</strong></span> <span class='ocrx_word' id='word_1_257' title='bbox 829 3974 957 4048; x_wconf 89' lang='lat' dir='ltr'><strong>tempus</strong></span> <span class='ocrx_word' id='word_1_258' title='bbox 984 3971 1018 4031; x_wconf 90' lang='lat' dir='ltr'><strong>in</strong></span> <span class='ocrx_word' id='word_1_259' title='bbox 1043 3987 1125 4031; x_wconf 90' lang='lat' dir='ltr'><strong>sen-</strong></span> 
     </span>
     <span class='ocr_line' id='line_1_39' title="bbox 330 4069 1128 4147; baseline -0.001 -17"><span class='ocrx_word' id='word_1_260' title='bbox 330 4070 435 4132; x_wconf 89' lang='lat' dir='ltr'><strong>tentia</strong></span> <span class='ocrx_word' id='word_1_261' title='bbox 450 4071 641 4147; x_wconf 90' lang='lat' dir='ltr'><strong>supradicta</strong></span> <span class='ocrx_word' id='word_1_262' title='bbox 652 4070 810 4132; x_wconf 86' lang='lat' dir='ltr'><strong>statutum</strong></span> <span class='ocrx_word' id='word_1_263' title='bbox 821 4069 856 4130; x_wconf 92' lang='lat' dir='ltr'><strong>in</strong></span> <span class='ocrx_word' id='word_1_264' title='bbox 869 4084 970 4130; x_wconf 90' lang='lat' dir='ltr'><strong>causa</strong></span> <span class='ocrx_word' id='word_1_265' title='bbox 981 4069 1128 4145; x_wconf 90' lang='lat' dir='ltr'><strong>proprie·</strong></span> 
     </span>
     <span class='ocr_line' id='line_1_40' title="bbox 329 4165 1125 4244; baseline -0.003 -16"><span class='ocrx_word' id='word_1_266' title='bbox 329 4167 407 4229; x_wconf 87' lang='lat' dir='ltr'><strong>tatis</strong></span> <span class='ocrx_word' id='word_1_267' title='bbox 429 4168 608 4244; x_wconf 87' lang='lat' dir='ltr'><strong>procedere</strong></span> <span class='ocrx_word' id='word_1_268' title='bbox 623 4183 689 4229; x_wconf 88' lang='lat' dir='ltr'><strong>non</strong></span> <span class='ocrx_word' id='word_1_269' title='bbox 705 4167 844 4239; x_wconf 83' lang='lat' dir='ltr'><strong>curavit,</strong></span> <span class='ocrx_word' id='word_1_270' title='bbox 857 4165 976 4228; x_wconf 90' lang='lat' dir='ltr'><strong>abbate</strong></span> <span class='ocrx_word' id='word_1_271' title='bbox 993 4169 1027 4227; x_wconf 90' lang='lat' dir='ltr'><strong>et</strong></span> <span class='ocrx_word' id='word_1_272' title='bbox 1041 4181 1125 4228; x_wconf 84' lang='lat' dir='ltr'><strong>con-</strong></span> 
     </span>
     <span class='ocr_line' id='line_1_41' title="bbox 329 4263 1124 4342; baseline -0.003 -17"><span class='ocrx_word' id='word_1_273' title='bbox 329 4267 431 4328; x_wconf 86' lang='lat' dir='ltr'><strong>ventu</strong></span> <span class='ocrx_word' id='word_1_274' title='bbox 446 4281 578 4341; x_wconf 89' lang='lat' dir='ltr'><strong>semper</strong></span> <span class='ocrx_word' id='word_1_275' title='bbox 598 4265 724 4342; x_wconf 89' lang='lat' dir='ltr'><strong>paratis</strong></span> <span class='ocrx_word' id='word_1_276' title='bbox 743 4263 923 4342; x_wconf 88' lang='lat' dir='ltr'><strong>procedere</strong></span> <span class='ocrx_word' id='word_1_277' title='bbox 944 4265 980 4324; x_wconf 88' lang='lat' dir='ltr'><strong>in</strong></span> <span class='ocrx_word' id='word_1_278' title='bbox 997 4263 1124 4335; x_wconf 88' lang='lat' dir='ltr'><strong>eadem,</strong></span> 
     </span>
     <span class='ocr_line' id='line_1_42' title="bbox 330 4360 1128 4438; baseline 0 -16"><span class='ocrx_word' id='word_1_279' title='bbox 330 4363 567 4424; x_wconf 89' lang='lat' dir='ltr'><strong>monasterium</strong></span> <span class='ocrx_word' id='word_1_280' title='bbox 596 4363 704 4438; x_wconf 88' lang='lat' dir='ltr'><strong>ipsum</strong></span> <span class='ocrx_word' id='word_1_281' title='bbox 732 4362 1023 4438; x_wconf 85' lang='lat' dir='ltr'><strong>pronuntiaremus</strong></span> <span class='ocrx_word' id='word_1_282' title='bbox 1043 4360 1128 4422; x_wconf 89' lang='lat' dir='ltr'><strong>liba-</strong></span> 
     </span>
     <span class='ocr_line' id='line_1_43' title="bbox 329 4457 1127 4534; baseline -0.001 -15"><span class='ocrx_word' id='word_1_283' title='bbox 329 4475 403 4519; x_wconf 92' lang='lat' dir='ltr'><strong>rum</strong></span> <span class='ocrx_word' id='word_1_284' title='bbox 427 4460 459 4521; x_wconf 89' lang='lat' dir='ltr'><strong>et</strong></span> <span class='ocrx_word' id='word_1_285' title='bbox 474 4459 671 4534; x_wconf 85' lang='lat' dir='ltr'><strong>¹exemptum</strong></span> <span class='ocrx_word' id='word_1_286' title='bbox 701 4473 802 4534; x_wconf 89' lang='lat' dir='ltr'><strong>super</strong></span> <span class='ocrx_word' id='word_1_287' title='bbox 829 4457 1066 4534; x_wconf 86' lang='lat' dir='ltr'><strong>procuratione</strong></span> <span class='ocrx_word' id='word_1_288' title='bbox 1087 4473 1127 4518; x_wconf 91' lang='lat' dir='ltr'><strong>ac</strong></span> 
     </span>
     <span class='ocr_line' id='line_1_44' title="bbox 331 4554 1126 4632; baseline -0.001 -16"><span class='ocrx_word' id='word_1_289' title='bbox 331 4555 407 4616; x_wconf 89' lang='lat' dir='ltr'><strong>aliis</strong></span> <span class='ocrx_word' id='word_1_290' title='bbox 432 4555 631 4632; x_wconf 85' lang='lat' dir='ltr'><strong>supradictis</strong></span> <span class='ocrx_word' id='word_1_291' title='bbox 656 4555 853 4631; x_wconf 87' lang='lat' dir='ltr'><strong>perpetuum</strong></span> <span class='ocrx_word' id='word_1_292' title='bbox 879 4555 945 4631; x_wconf 90' lang='lat' dir='ltr'><strong>ipsi</strong></span> <span class='ocrx_word' id='word_1_293' title='bbox 972 4554 1126 4631; x_wconf 90' lang='lat' dir='ltr'><strong>episcopo</strong></span> 
     </span>
     <span class='ocr_line' id='line_1_45' title="bbox 330 4651 1128 4729; baseline 0 -17"><span class='ocrx_word' id='word_1_294' title='bbox 330 4653 501 4714; x_wconf 90' lang='lat' dir='ltr'><strong>silentium</strong></span> <span class='ocrx_word' id='word_1_295' title='bbox 526 4651 743 4729; x_wconf 88' lang='lat' dir='ltr'><strong>imponentes,</strong></span> <span class='ocrx_word' id='word_1_296' title='bbox 760 4652 858 4728; x_wconf 85' lang='lat' dir='ltr'><strong>juxta</strong></span> <span class='ocrx_word' id='word_1_297' title='bbox 880 4653 1034 4715; x_wconf 88' lang='lat' dir='ltr'><strong>tenorem·</strong></span> <span class='ocrx_word' id='word_1_298' title='bbox 1049 4667 1128 4713; x_wconf 90' lang='lat' dir='ltr'><strong>sen·</strong></span> 
     </span>
     <span class='ocr_line' id='line_1_46' title="bbox 331 4749 1128 4827; baseline -0.003 -15"><span class='ocrx_word' id='word_1_299' title='bbox 331 4751 443 4812; x_wconf 88' lang='lat' dir='ltr'><strong>tentiae</strong></span> <span class='ocrx_word' id='word_1_300' title='bbox 457 4751 653 4827; x_wconf 80' lang='lat' dir='ltr'><strong>saepeoietae.</strong></span> <span class='ocrx_word' id='word_1_301' title='bbox 669 4751 762 4811; x_wconf 87' lang='lat' dir='ltr'><strong>Licet</strong></span> <span class='ocrx_word' id='word_1_302' title='bbox 771 4749 924 4826; x_wconf 81' lang='lat' dir='ltr'><strong>igiturde</strong></span> <span class='ocrx_word' id='word_1_303' title='bbox 933 4750 1045 4827; x_wconf 82' lang='lat' dir='ltr'><strong>rigore</strong></span> <span class='ocrx_word' id='word_1_304' title='bbox 1056 4765 1128 4826; x_wconf 90' lang='lat' dir='ltr'><strong>pos·</strong></span> 
     </span>
     <span class='ocr_line' id='line_1_47' title="bbox 332 4847 1127 4924; baseline 0 -16"><span class='ocrx_word' id='word_1_305' title='bbox 332 4863 442 4908; x_wconf 90' lang='lat' dir='ltr'><strong>semus</strong></span> <span class='ocrx_word' id='word_1_306' title='bbox 471 4849 587 4908; x_wconf 86' lang='lat' dir='ltr'><strong>contra</strong></span> <span class='ocrx_word' id='word_1_307' title='bbox 619 4847 727 4924; x_wconf 89' lang='lat' dir='ltr'><strong>ipsum</strong></span> <span class='ocrx_word' id='word_1_308' title='bbox 751 4849 942 4924; x_wconf 83' lang='lat' dir='ltr'><strong>episcopum</strong></span> <span class='ocrx_word' id='word_1_309' title='bbox 978 4849 1127 4910; x_wconf 88' lang='lat' dir='ltr'><strong>severius</strong></span> 
     </span>
     <span class='ocr_line' id='line_1_48' title="bbox 331 4945 1128 5024; baseline -0.001 -17"><span class='ocrx_word' id='word_1_310' title='bbox 331 4947 544 5024; x_wconf 88' lang='lat' dir='ltr'><strong>processisse,</strong></span> <span class='ocrx_word' id='word_1_311' title='bbox 558 4947 769 5022; x_wconf 87' lang='lat' dir='ltr'><strong>cumtempus</strong></span> <span class='ocrx_word' id='word_1_312' title='bbox 778 4946 944 5022; x_wconf 89' lang='lat' dir='ltr'><strong>culpasua</strong></span> <span class='ocrx_word' id='word_1_313' title='bbox 955 4945 1128 5007; x_wconf 85' lang='lat' dir='ltr'><strong>effluxisse</strong></span> 
     </span>
     <span class='ocr_line' id='line_1_49' title="bbox 332 5043 1127 5114; baseline -0.005 -9"><span class='ocrx_word' id='word_1_314' title='bbox 332 5043 451 5105; x_wconf 89' lang='lat' dir='ltr'><strong>inutile</strong></span> <span class='ocrx_word' id='word_1_315' title='bbox 471 5043 634 5114; x_wconf 85' lang='lat' dir='ltr'><strong>videatur,</strong></span> <span class='ocrx_word' id='word_1_316' title='bbox 653 5044 689 5105; x_wconf 88' lang='lat' dir='ltr'><strong>ut</strong></span> <span class='ocrx_word' id='word_1_317' title='bbox 711 5045 822 5105; x_wconf 89' lang='lat' dir='ltr'><strong>tamen</strong></span> <span class='ocrx_word' id='word_1_318' title='bbox 837 5043 1046 5104; x_wconf 88' lang='lat' dir='ltr'><strong>occasionem</strong></span> <span class='ocrx_word' id='word_1_319' title='bbox 1061 5057 1127 5102; x_wconf 92' lang='lat' dir='ltr'><strong>non</strong></span> 
     </span>
     <span class='ocr_line' id='line_1_50' title="bbox 330 5139 1126 5217; baseline -0.008 -14"><span class='ocrx_word' id='word_1_320' title='bbox 330 5141 451 5204; x_wconf 88' lang='lat' dir='ltr'><strong>habeat</strong></span> <span class='ocrx_word' id='word_1_321' title='bbox 484 5139 715 5202; x_wconf 89' lang='lat' dir='ltr'><strong>murmurandi</strong></span> <span class='ocrx_word' id='word_1_322' title='bbox 750 5139 895 5217; x_wconf 91' lang='lat' dir='ltr'><strong>spatium</strong></span> <span class='ocrx_word' id='word_1_323' title='bbox 930 5155 990 5200; x_wconf 89' lang='lat' dir='ltr'><strong>sex</strong></span> <span class='ocrx_word' id='word_1_324' title='bbox 1029 5154 1126 5198; x_wconf 88' lang='lat' dir='ltr'><strong>men-</strong></span> 
     </span>
     <span class='ocr_line' id='line_1_51' title="bbox 331 5235 1128 5301; baseline -0.005 -1"><span class='ocrx_word' id='word_1_325' title='bbox 331 5240 417 5301; x_wconf 91' lang='lat' dir='ltr'><strong>sium</strong></span> <span class='ocrx_word' id='word_1_326' title='bbox 451 5238 716 5301; x_wconf 88' lang='lat' dir='ltr'><strong>incboandorum</strong></span> <span class='ocrx_word' id='word_1_327' title='bbox 750 5238 787 5299; x_wconf 90' lang='lat' dir='ltr'><strong>in</strong></span> <span class='ocrx_word' id='word_1_328' title='bbox 828 5235 981 5297; x_wconf 85' lang='lat' dir='ltr'><strong>kalendis</strong></span> <span class='ocrx_word' id='word_1_329' title='bbox 1016 5235 1128 5296; x_wconf 87' lang='lat' dir='ltr'><strong>martii</strong></span> 
     </span>
    </p>
   </div>
   <div class='ocr_carea' id='block_1_6' title="bbox 331 5333 1131 5703">
    <p class='ocr_par' dir='ltr' id='par_1_7' title="bbox 331 5333 1131 5703">
     <span class='ocr_line' id='line_1_52' title="bbox 331 5333 1129 5416; baseline -0.009 -17"><span class='ocrx_word' id='word_1_330' title='bbox 331 5337 492 5416; x_wconf 81' lang='lat' dir='ltr'><strong>proximis</strong></span> <span class='ocrx_word' id='word_1_331' title='bbox 526 5337 557 5398; x_wconf 90' lang='lat' dir='ltr'><strong>ei</strong></span> <span class='ocrx_word' id='word_1_332' title='bbox 594 5336 636 5397; x_wconf 93' lang='lat' dir='ltr'><strong>ad</strong></span> <span class='ocrx_word' id='word_1_333' title='bbox 672 5334 875 5413; x_wconf 87' lang='lat' dir='ltr'><strong>probandam</strong></span> <span class='ocrx_word' id='word_1_334' title='bbox 911 5333 1129 5394; x_wconf 90' lang='lat' dir='ltr'><strong>intentionem</strong></span> 
     </span>
     <span class='ocr_line' id='line_1_53' title="bbox 332 5429 1131 5511; baseline -0.008 -15"><span class='ocrx_word' id='word_1_335' title='bbox 332 5453 425 5497; x_wconf 89' lang='lat' dir='ltr'><strong>suam</strong></span> <span class='ocrx_word' id='word_1_336' title='bbox 448 5451 549 5511; x_wconf 90' lang='lat' dir='ltr'><strong>super</strong></span> <span class='ocrx_word' id='word_1_337' title='bbox 560 5435 725 5511; x_wconf 85' lang='lat' dir='ltr'><strong>petitorio,</strong></span> <span class='ocrx_word' id='word_1_338' title='bbox 739 5430 946 5493; x_wconf 85' lang='lat' dir='ltr'><strong>cessantibus</strong></span> <span class='ocrx_word' id='word_1_339' title='bbox 959 5429 1131 5490; x_wconf 87' lang='lat' dir='ltr'><strong>excessio-</strong></span> 
     </span>
     <span class='ocr_line' id='line_1_54' title="bbox 332 5521 1127 5610; baseline -0.008 -16"><span class='ocrx_word' id='word_1_340' title='bbox 332 5534 430 5594; x_wconf 90' lang='lat' dir='ltr'><strong>nibus</strong></span> <span class='ocrx_word' id='word_1_341' title='bbox 446 5531 659 5610; x_wconf 89' lang='lat' dir='ltr'><strong>supradictis,</strong></span> <span class='ocrx_word' id='word_1_342' title='bbox 671 5545 754 5607; x_wconf 89' lang='lat' dir='ltr'><strong>quas</strong></span> <span class='ocrx_word' id='word_1_343' title='bbox 769 5527 906 5589; x_wconf 76' lang='lat' dir='ltr'><strong>frivolas</strong></span> <span class='ocrx_word' id='word_1_344' title='bbox 925 5521 1127 5603; x_wconf 81' lang='lat' dir='ltr'><strong>reputamus,</strong></span> 
     </span>
     <span class='ocr_line' id='line_1_55' title="bbox 332 5624 1127 5703; baseline -0.005 -15"><span class='ocrx_word' id='word_1_345' title='bbox 332 5624 1127 5703; x_wconf 79' lang='lat' dir='ltr'><strong>duximusindulgendum,eumdeminexpensis‚</strong></span> 
     </span>
    </p>
   </div>
   <div class='ocr_carea' id='block_1_7' title="bbox 1180 1449 2020 4048">
    <p class='ocr_par' dir='ltr' id='par_1_8' title="bbox 1180 1449 2020 4048">
     <span class='ocr_line' id='line_1_56' title="bbox 1181 1449 1988 1528; baseline 0.009 -20"><span class='ocrx_word' id='word_1_346' title='bbox 1181 1449 1358 1525; x_wconf 88' lang='lat' dir='ltr'><strong>pellatione</strong></span> <span class='ocrx_word' id='word_1_347' title='bbox 1384 1452 1521 1524; x_wconf 85' lang='lat' dir='ltr'><strong>remota,</strong></span> <span class='ocrx_word' id='word_1_348' title='bbox 1543 1453 1709 1528; x_wconf 78' lang='lat' dir='ltr'><strong>cogentes,</strong></span> <span class='ocrx_word' id='word_1_349' title='bbox 1724 1469 1764 1515; x_wconf 86' lang='lat' dir='ltr'><strong>ac</strong></span> <span class='ocrx_word' id='word_1_350' title='bbox 1784 1454 1988 1517; x_wconf 88' lang='lat' dir='ltr'><strong>nuntiantes</strong></span> 
     </span>
     <span class='ocr_line' id='line_1_57' title="bbox 1180 1541 1984 1628; baseline 0.009 -23"><span class='ocrx_word' id='word_1_351' title='bbox 1180 1545 1323 1612; x_wconf 90' lang='lat' dir='ltr'><strong>irritum,</strong></span> <span class='ocrx_word' id='word_1_352' title='bbox 1337 1547 1453 1624; x_wconf 85' lang='lat' dir='ltr'><strong>siquid</strong></span> <span class='ocrx_word' id='word_1_353' title='bbox 1470 1548 1544 1624; x_wconf 89' lang='lat' dir='ltr'><strong>post</strong></span> <span class='ocrx_word' id='word_1_354' title='bbox 1557 1541 1814 1626; x_wconf 84' lang='lat' dir='ltr'><strong>appellationem</strong></span> <span class='ocrx_word' id='word_1_355' title='bbox 1830 1552 1984 1628; x_wconf 78' lang='lat' dir='ltr'><strong>pradic-</strong></span> 
     </span>
     <span class='ocr_line' id='line_1_58' title="bbox 1180 1643 1984 1722; baseline 0.007 -20"><span class='ocrx_word' id='word_1_356' title='bbox 1180 1643 1247 1703; x_wconf 89' lang='lat' dir='ltr'><strong>tam</strong></span> <span class='ocrx_word' id='word_1_357' title='bbox 1262 1659 1322 1719; x_wconf 88' lang='lat' dir='ltr'><strong>per</strong></span> <span class='ocrx_word' id='word_1_358' title='bbox 1333 1643 1488 1720; x_wconf 73' lang='lat' dir='ltr'><strong>prelatos</strong></span> <span class='ocrx_word' id='word_1_359' title='bbox 1497 1644 1627 1722; x_wconf 87' lang='lat' dir='ltr'><strong>judices</strong></span> <span class='ocrx_word' id='word_1_360' title='bbox 1645 1647 1754 1710; x_wconf 87' lang='lat' dir='ltr'><strong>extitit</strong></span> <span class='ocrx_word' id='word_1_361' title='bbox 1766 1649 1984 1719; x_wconf 68' lang='lat' dir='ltr'><strong>amentatum,</strong></span> 
     </span>
     <span class='ocr_line' id='line_1_59' title="bbox 1180 1740 1985 1821; baseline 0.007 -22"><span class='ocrx_word' id='word_1_362' title='bbox 1180 1740 1402 1816; x_wconf 90' lang='lat' dir='ltr'><strong>probationes,</strong></span> <span class='ocrx_word' id='word_1_363' title='bbox 1440 1757 1522 1820; x_wconf 91' lang='lat' dir='ltr'><strong>quas</strong></span> <span class='ocrx_word' id='word_1_364' title='bbox 1559 1743 1646 1804; x_wconf 90' lang='lat' dir='ltr'><strong>idem</strong></span> <span class='ocrx_word' id='word_1_365' title='bbox 1684 1743 1859 1821; x_wconf 89' lang='lat' dir='ltr'><strong>episeopus</strong></span> <span class='ocrx_word' id='word_1_366' title='bbox 1889 1745 1985 1806; x_wconf 80' lang='lat' dir='ltr'><strong>infra</strong></span> 
     </span>
     <span class='ocr_line' id='line_1_60' title="bbox 1180 1837 1989 1917; baseline 0.009 -20"><span class='ocrx_word' id='word_1_367' title='bbox 1180 1837 1409 1914; x_wconf 80' lang='lat' dir='ltr'><strong>praescriptum</strong></span> <span class='ocrx_word' id='word_1_368' title='bbox 1421 1839 1550 1915; x_wconf 87' lang='lat' dir='ltr'><strong>tempus</strong></span> <span class='ocrx_word' id='word_1_369' title='bbox 1559 1855 1660 1916; x_wconf 90' lang='lat' dir='ltr'><strong>super</strong></span> <span class='ocrx_word' id='word_1_370' title='bbox 1673 1842 1827 1917; x_wconf 85' lang='lat' dir='ltr'><strong>petitorio</strong></span> <span class='ocrx_word' id='word_1_371' title='bbox 1843 1842 1989 1904; x_wconf 83' lang='lat' dir='ltr'><strong>duxerit</strong></span> 
     </span>
     <span class='ocr_line' id='line_1_61' title="bbox 1180 1933 1980 2006; baseline 0.009 -13"><span class='ocrx_word' id='word_1_372' title='bbox 1180 1933 1397 2006; x_wconf 87' lang='lat' dir='ltr'><strong>inducendas,</strong></span> <span class='ocrx_word' id='word_1_373' title='bbox 1411 1951 1451 1996; x_wconf 87' lang='lat' dir='ltr'><strong>ac</strong></span> <span class='ocrx_word' id='word_1_374' title='bbox 1465 1936 1674 1998; x_wconf 82' lang='lat' dir='ltr'><strong>detensiones</strong></span> <span class='ocrx_word' id='word_1_375' title='bbox 1689 1939 1883 2000; x_wconf 90' lang='lat' dir='ltr'><strong>monasterii</strong></span> <span class='ocrx_word' id='word_1_376' title='bbox 1898 1955 1980 2000; x_wconf 90' lang='lat' dir='ltr'><strong>me-</strong></span> 
     </span>
     <span class='ocr_line' id='line_1_62' title="bbox 1181 2031 1983 2111; baseline 0.007 -21"><span class='ocrx_word' id='word_1_377' title='bbox 1181 2031 1299 2092; x_wconf 92' lang='lat' dir='ltr'><strong>morati</strong></span> <span class='ocrx_word' id='word_1_378' title='bbox 1332 2031 1481 2108; x_wconf 89' lang='lat' dir='ltr'><strong>recipere</strong></span> <span class='ocrx_word' id='word_1_379' title='bbox 1509 2035 1703 2109; x_wconf 90' lang='lat' dir='ltr'><strong>procuretis,</strong></span> <span class='ocrx_word' id='word_1_380' title='bbox 1732 2037 1766 2096; x_wconf 92' lang='lat' dir='ltr'><strong>et</strong></span> <span class='ocrx_word' id='word_1_381' title='bbox 1794 2035 1983 2111; x_wconf 80' lang='lat' dir='ltr'><strong>injungatis</strong></span> 
     </span>
     <span class='ocr_line' id='line_1_63' title="bbox 1181 2127 1983 2208; baseline 0.005 -20"><span class='ocrx_word' id='word_1_382' title='bbox 1181 2127 1341 2203; x_wconf 88' lang='lat' dir='ltr'><strong>partibus,</strong></span> <span class='ocrx_word' id='word_1_383' title='bbox 1365 2129 1466 2189; x_wconf 86' lang='lat' dir='ltr'><strong>ut‘iu</strong></span> <span class='ocrx_word' id='word_1_384' title='bbox 1491 2129 1557 2190; x_wconf 82' lang='lat' dir='ltr'><strong>tine</strong></span> <span class='ocrx_word' id='word_1_385' title='bbox 1583 2131 1716 2192; x_wconf 90' lang='lat' dir='ltr'><strong>termini</strong></span> <span class='ocrx_word' id='word_1_386' title='bbox 1739 2133 1914 2208; x_wconf 89' lang='lat' dir='ltr'><strong>praetaxati</strong></span> <span class='ocrx_word' id='word_1_387' title='bbox 1939 2133 1983 2192; x_wconf 87' lang='lat' dir='ltr'><strong>in</strong></span> 
     </span>
     <span class='ocr_line' id='line_1_64' title="bbox 1181 2225 1979 2302; baseline 0.008 -18"><span class='ocrx_word' id='word_1_388' title='bbox 1181 2225 1324 2300; x_wconf 89' lang='lat' dir='ltr'><strong>proximi</strong></span> <span class='ocrx_word' id='word_1_389' title='bbox 1339 2225 1534 2302; x_wconf 89' lang='lat' dir='ltr'><strong>septembris</strong></span> <span class='ocrx_word' id='word_1_390' title='bbox 1554 2227 1717 2300; x_wconf 87' lang='lat' dir='ltr'><strong>kalendis,</strong></span> <span class='ocrx_word' id='word_1_391' title='bbox 1730 2227 1887 2290; x_wconf 90' lang='lat' dir='ltr'><strong>videlicet</strong></span> <span class='ocrx_word' id='word_1_392' title='bbox 1899 2245 1979 2290; x_wconf 90' lang='lat' dir='ltr'><strong>cum</strong></span> 
     </span>
     <span class='ocr_line' id='line_1_65' title="bbox 1180 2320 1980 2402; baseline 0.008 -22"><span class='ocrx_word' id='word_1_393' title='bbox 1180 2320 1429 2397; x_wconf 86' lang='lat' dir='ltr'><strong>probationibus</strong></span> <span class='ocrx_word' id='word_1_394' title='bbox 1441 2323 1475 2383; x_wconf 88' lang='lat' dir='ltr'><strong>et</strong></span> <span class='ocrx_word' id='word_1_395' title='bbox 1488 2321 1738 2385; x_wconf 76' lang='lat' dir='ltr'><strong>defensionibus</strong></span> <span class='ocrx_word' id='word_1_396' title='bbox 1750 2325 1831 2397; x_wconf 91' lang='lat' dir='ltr'><strong>suis,</strong></span> <span class='ocrx_word' id='word_1_397' title='bbox 1846 2326 1980 2402; x_wconf 86' lang='lat' dir='ltr'><strong>aposto·</strong></span> 
     </span>
     <span class='ocr_line' id='line_1_66' title="bbox 1180 2417 1983 2496; baseline 0.007 -20"><span class='ocrx_word' id='word_1_398' title='bbox 1180 2417 1246 2477; x_wconf 91' lang='lat' dir='ltr'><strong>lico</strong></span> <span class='ocrx_word' id='word_1_399' title='bbox 1258 2431 1294 2478; x_wconf 89' lang='lat' dir='ltr'><strong>se</strong></span> <span class='ocrx_word' id='word_1_400' title='bbox 1306 2418 1497 2494; x_wconf 89' lang='lat' dir='ltr'><strong>conspectui</strong></span> <span class='ocrx_word' id='word_1_401' title='bbox 1512 2420 1760 2496; x_wconf 75' lang='lat' dir='ltr'><strong>representem,</strong></span> <span class='ocrx_word' id='word_1_402' title='bbox 1778 2422 1983 2483; x_wconf 90' lang='lat' dir='ltr'><strong>sententiam</strong></span> 
     </span>
     <span class='ocr_line' id='line_1_67' title="bbox 1180 2513 1978 2596; baseline 0.009 -23"><span class='ocrx_word' id='word_1_403' title='bbox 1180 2513 1375 2590; x_wconf 76' lang='lat' dir='ltr'><strong>receptura,</strong></span> <span class='ocrx_word' id='word_1_404' title='bbox 1405 2515 1637 2578; x_wconf 88' lang='lat' dir='ltr'><strong>denuntiantes</strong></span> <span class='ocrx_word' id='word_1_405' title='bbox 1670 2517 1777 2578; x_wconf 90' lang='lat' dir='ltr'><strong>eidem</strong></span> <span class='ocrx_word' id='word_1_406' title='bbox 1807 2517 1978 2596; x_wconf 89' lang='lat' dir='ltr'><strong>episcopo,</strong></span> 
     </span>
     <span class='ocr_line' id='line_1_68' title="bbox 1180 2609 1984 2692; baseline 0.009 -23"><span class='ocrx_word' id='word_1_407' title='bbox 1180 2609 1267 2687; x_wconf 88' lang='lat' dir='ltr'><strong>quod</strong></span> <span class='ocrx_word' id='word_1_408' title='bbox 1280 2610 1308 2670; x_wconf 88' lang='lat' dir='ltr'><strong>si</strong></span> <span class='ocrx_word' id='word_1_409' title='bbox 1313 2614 1384 2687; x_wconf 90' lang='lat' dir='ltr'><strong>jam</strong></span> <span class='ocrx_word' id='word_1_410' title='bbox 1399 2611 1486 2674; x_wconf 91' lang='lat' dir='ltr'><strong>dicto</strong></span> <span class='ocrx_word' id='word_1_411' title='bbox 1500 2612 1643 2674; x_wconf 91' lang='lat' dir='ltr'><strong>termino</strong></span> <span class='ocrx_word' id='word_1_412' title='bbox 1653 2614 1838 2689; x_wconf 81' lang='lat' dir='ltr'><strong>neglexerit</strong></span> <span class='ocrx_word' id='word_1_413' title='bbox 1849 2615 1885 2677; x_wconf 89' lang='lat' dir='ltr'><strong>in</strong></span> <span class='ocrx_word' id='word_1_414' title='bbox 1899 2630 1984 2692; x_wconf 85' lang='lat' dir='ltr'><strong>nos-</strong></span> 
     </span>
     <span class='ocr_line' id='line_1_69' title="bbox 1181 2707 1981 2787; baseline 0.008 -21"><span class='ocrx_word' id='word_1_415' title='bbox 1181 2708 1231 2767; x_wconf 91' lang='lat' dir='ltr'><strong>tra</strong></span> <span class='ocrx_word' id='word_1_416' title='bbox 1243 2707 1420 2782; x_wconf 87' lang='lat' dir='ltr'><strong>praesentia</strong></span> <span class='ocrx_word' id='word_1_417' title='bbox 1447 2723 1510 2786; x_wconf 90' lang='lat' dir='ltr'><strong>per</strong></span> <span class='ocrx_word' id='word_1_418' title='bbox 1519 2725 1555 2770; x_wconf 91' lang='lat' dir='ltr'><strong>se</strong></span> <span class='ocrx_word' id='word_1_419' title='bbox 1570 2710 1623 2772; x_wconf 82' lang='lat' dir='ltr'><strong>vel</strong></span> <span class='ocrx_word' id='word_1_420' title='bbox 1636 2711 1886 2787; x_wconf 90' lang='lat' dir='ltr'><strong>procuratorem</strong></span> <span class='ocrx_word' id='word_1_421' title='bbox 1900 2711 1981 2772; x_wconf 93' lang='lat' dir='ltr'><strong>ido-</strong></span> 
     </span>
     <span class='ocr_line' id='line_1_70' title="bbox 1181 2807 1981 2884; baseline 0.009 -21"><span class='ocrx_word' id='word_1_422' title='bbox 1181 2819 1280 2864; x_wconf 89' lang='lat' dir='ltr'><strong>neum</strong></span> <span class='ocrx_word' id='word_1_423' title='bbox 1289 2807 1790 2883; x_wconf 80' lang='lat' dir='ltr'><strong>comparere,nosnillilominus</strong></span> <span class='ocrx_word' id='word_1_424' title='bbox 1800 2807 1833 2866; x_wconf 90' lang='lat' dir='ltr'><strong>in</strong></span> <span class='ocrx_word' id='word_1_425' title='bbox 1845 2809 1981 2884; x_wconf 81' lang='lat' dir='ltr'><strong>negotio</strong></span> 
     </span>
     <span class='ocr_line' id='line_1_71' title="bbox 1180 2901 1980 2982; baseline 0.008 -22"><span class='ocrx_word' id='word_1_426' title='bbox 1180 2901 1264 2976; x_wconf 88' lang='lat' dir='ltr'><strong>ipso,</strong></span> <span class='ocrx_word' id='word_1_427' title='bbox 1282 2902 1440 2977; x_wconf 89' lang='lat' dir='ltr'><strong>quantum</strong></span> <span class='ocrx_word' id='word_1_428' title='bbox 1456 2901 1608 2964; x_wconf 90' lang='lat' dir='ltr'><strong>suadebit</strong></span> <span class='ocrx_word' id='word_1_429' title='bbox 1629 2904 1726 2976; x_wconf 89' lang='lat' dir='ltr'><strong>ratio,</strong></span> <span class='ocrx_word' id='word_1_430' title='bbox 1749 2903 1980 2982; x_wconf 89' lang='lat' dir='ltr'><strong>procedemus.</strong></span> 
     </span>
     <span class='ocr_line' id='line_1_72' title="bbox 1180 2998 1981 3076; baseline 0.01 -20"><span class='ocrx_word' id='word_1_431' title='bbox 1180 2998 1294 3058; x_wconf 80' lang='lat' dir='ltr'><strong>&#39;restes</strong></span> <span class='ocrx_word' id='word_1_432' title='bbox 1319 2999 1430 3059; x_wconf 90' lang='lat' dir='ltr'><strong>autem</strong></span> <span class='ocrx_word' id='word_1_433' title='bbox 1454 3000 1511 3076; x_wconf 88' lang='lat' dir='ltr'><strong>qui</strong></span> <span class='ocrx_word' id='word_1_434' title='bbox 1535 2999 1659 3062; x_wconf 79' lang='lat' dir='ltr'><strong>malint</strong></span> <span class='ocrx_word' id='word_1_435' title='bbox 1681 3003 1857 3076; x_wconf 83' lang='lat' dir='ltr'><strong>evocandi,</strong></span> <span class='ocrx_word' id='word_1_436' title='bbox 1884 3003 1913 3064; x_wconf 92' lang='lat' dir='ltr'><strong>si</strong></span> <span class='ocrx_word' id='word_1_437' title='bbox 1941 3017 1981 3064; x_wconf 88' lang='lat' dir='ltr'><strong>se</strong></span> 
     </span>
     <span class='ocr_line' id='line_1_73' title="bbox 1180 3094 1982 3176; baseline 0.007 -22"><span class='ocrx_word' id='word_1_438' title='bbox 1180 3094 1299 3170; x_wconf 82' lang='lat' dir='ltr'><strong>gratia,</strong></span> <span class='ocrx_word' id='word_1_439' title='bbox 1324 3094 1410 3166; x_wconf 89' lang='lat' dir='ltr'><strong>odio,</strong></span> <span class='ocrx_word' id='word_1_440' title='bbox 1434 3096 1486 3157; x_wconf 89' lang='lat' dir='ltr'><strong>vel</strong></span> <span class='ocrx_word' id='word_1_441' title='bbox 1515 3097 1633 3158; x_wconf 90' lang='lat' dir='ltr'><strong>timore</strong></span> <span class='ocrx_word' id='word_1_442' title='bbox 1658 3097 1896 3171; x_wconf 88' lang='lat' dir='ltr'><strong>subtraxerint,</strong></span> <span class='ocrx_word' id='word_1_443' title='bbox 1919 3113 1982 3176; x_wconf 88' lang='lat' dir='ltr'><strong>per</strong></span> 
     </span>
     <span class='ocr_line' id='line_1_74' title="bbox 1180 3191 1981 3273; baseline 0.007 -21"><span class='ocrx_word' id='word_1_444' title='bbox 1180 3205 1355 3252; x_wconf 85' lang='lat' dir='ltr'><strong>censuram</strong></span> <span class='ocrx_word' id='word_1_445' title='bbox 1366 3191 1645 3266; x_wconf 73' lang='lat' dir='ltr'><strong>ecclesiasticam,</strong></span> <span class='ocrx_word' id='word_1_446' title='bbox 1654 3195 1876 3271; x_wconf 89' lang='lat' dir='ltr'><strong>appellatione</strong></span> <span class='ocrx_word' id='word_1_447' title='bbox 1891 3199 1981 3273; x_wconf 88' lang='lat' dir='ltr'><strong>post·</strong></span> 
     </span>
     <span class='ocr_line' id='line_1_75' title="bbox 1180 3288 2020 3366; baseline 0.005 -18"><span class='ocrx_word' id='word_1_448' title='bbox 1180 3288 1301 3364; x_wconf 85' lang='lat' dir='ltr'><strong>posita,</strong></span> <span class='ocrx_word' id='word_1_449' title='bbox 1311 3289 1561 3366; x_wconf 90' lang='lat' dir='ltr'><strong>compescendo.</strong></span> <span class='ocrx_word' id='word_1_450' title='bbox 1577 3290 1687 3351; x_wconf 90' lang='lat' dir='ltr'><strong>Nullis</strong></span> <span class='ocrx_word' id='word_1_451' title='bbox 1701 3291 1821 3354; x_wconf 91' lang='lat' dir='ltr'><strong>litteris</strong></span> <span class='ocrx_word' id='word_1_452' title='bbox 1839 3292 1980 3354; x_wconf 89' lang='lat' dir='ltr'><strong>obstan-</strong></span> <span class='ocrx_word' id='word_1_453' title='bbox 2014 3331 2020 3342; x_wconf 85' lang='lat'><strong>·</strong></span> 
     </span>
     <span class='ocr_line' id='line_1_76' title="bbox 1180 3385 1981 3466; baseline 0.005 -20"><span class='ocrx_word' id='word_1_454' title='bbox 1180 3385 1272 3446; x_wconf 88' lang='lat' dir='ltr'><strong>tibus</strong></span> <span class='ocrx_word' id='word_1_455' title='bbox 1291 3386 1409 3446; x_wconf 89' lang='lat' dir='ltr'><strong>harum</strong></span> <span class='ocrx_word' id='word_1_456' title='bbox 1437 3387 1554 3448; x_wconf 85' lang='lat' dir='ltr'><strong>tenore</strong></span> <span class='ocrx_word' id='word_1_457' title='bbox 1573 3387 1674 3450; x_wconf 89' lang='lat' dir='ltr'><strong>tacito</strong></span> <span class='ocrx_word' id='word_1_458' title='bbox 1695 3403 1715 3449; x_wconf 86' lang='lat' dir='ltr'><strong>a</strong></span> <span class='ocrx_word' id='word_1_459' title='bbox 1734 3389 1817 3450; x_wconf 87' lang='lat' dir='ltr'><strong>sede</strong></span> <span class='ocrx_word' id='word_1_460' title='bbox 1836 3391 1981 3466; x_wconf 76' lang='lat' dir='ltr'><strong>aposto-</strong></span> 
     </span>
     <span class='ocr_line' id='line_1_77' title="bbox 1181 3481 1980 3563; baseline 0.006 -20"><span class='ocrx_word' id='word_1_461' title='bbox 1181 3481 1246 3544; x_wconf 91' lang='lat' dir='ltr'><strong>lica</strong></span> <span class='ocrx_word' id='word_1_462' title='bbox 1261 3483 1458 3560; x_wconf 86' lang='lat' dir='ltr'><strong>impetratis,</strong></span> <span class='ocrx_word' id='word_1_463' title='bbox 1475 3497 1537 3544; x_wconf 90' lang='lat' dir='ltr'><strong>nec</strong></span> <span class='ocrx_word' id='word_1_464' title='bbox 1550 3483 1711 3557; x_wconf 90' lang='lat' dir='ltr'><strong>obstante,</strong></span> <span class='ocrx_word' id='word_1_465' title='bbox 1728 3486 1813 3563; x_wconf 91' lang='lat' dir='ltr'><strong>quod</strong></span> <span class='ocrx_word' id='word_1_466' title='bbox 1827 3486 1927 3548; x_wconf 80' lang='lat' dir='ltr'><strong>merit</strong></span> <span class='ocrx_word' id='word_1_467' title='bbox 1943 3487 1980 3548; x_wconf 91' lang='lat' dir='ltr'><strong>in</strong></span> 
     </span>
     <span class='ocr_line' id='line_1_78' title="bbox 1181 3579 1980 3658; baseline 0.005 -18"><span class='ocrx_word' id='word_1_468' title='bbox 1181 3580 1302 3642; x_wconf 90' lang='lat' dir='ltr'><strong>litteris</strong></span> <span class='ocrx_word' id='word_1_469' title='bbox 1318 3579 1469 3657; x_wconf 86' lang='lat' dir='ltr'><strong>jamdicti</strong></span> <span class='ocrx_word' id='word_1_470' title='bbox 1498 3581 1604 3642; x_wconf 88' lang='lat' dir='ltr'><strong>nostri</strong></span> <span class='ocrx_word' id='word_1_471' title='bbox 1630 3583 1886 3658; x_wconf 75' lang='lat' dir='ltr'><strong>predecessoris</strong></span> <span class='ocrx_word' id='word_1_472' title='bbox 1923 3598 1980 3645; x_wconf 87' lang='lat' dir='ltr'><strong>ex·</strong></span> 
     </span>
     <span class='ocr_line' id='line_1_79' title="bbox 1180 3677 1984 3756; baseline 0.005 -20"><span class='ocrx_word' id='word_1_473' title='bbox 1180 3692 1342 3753; x_wconf 90' lang='lat' dir='ltr'><strong>pressum,</strong></span> <span class='ocrx_word' id='word_1_474' title='bbox 1360 3679 1396 3738; x_wconf 90' lang='lat' dir='ltr'><strong>ut</strong></span> <span class='ocrx_word' id='word_1_475' title='bbox 1416 3677 1535 3739; x_wconf 81' lang='lat' dir='ltr'><strong>littarae</strong></span> <span class='ocrx_word' id='word_1_476' title='bbox 1549 3679 1733 3756; x_wconf 88' lang='lat' dir='ltr'><strong>impetratae</strong></span> <span class='ocrx_word' id='word_1_477' title='bbox 1748 3678 1873 3756; x_wconf 88' lang='lat' dir='ltr'><strong>absque</strong></span> <span class='ocrx_word' id='word_1_478' title='bbox 1888 3695 1984 3740; x_wconf 91' lang='lat' dir='ltr'><strong>con-.</strong></span> 
     </span>
     <span class='ocr_line' id='line_1_80' title="bbox 1180 3775 1985 3850; baseline 0.007 -16"><span class='ocrx_word' id='word_1_479' title='bbox 1180 3789 1281 3834; x_wconf 87' lang='lat' dir='ltr'><strong>sensu</strong></span> <span class='ocrx_word' id='word_1_480' title='bbox 1301 3775 1445 3850; x_wconf 90' lang='lat' dir='ltr'><strong>partium</strong></span> <span class='ocrx_word' id='word_1_481' title='bbox 1470 3791 1535 3836; x_wconf 92' lang='lat' dir='ltr'><strong>non</strong></span> <span class='ocrx_word' id='word_1_482' title='bbox 1563 3776 1724 3838; x_wconf 77' lang='lat' dir='ltr'><strong>valerent.</strong></span> <span class='ocrx_word' id='word_1_483' title='bbox 1749 3777 1841 3849; x_wconf 90' lang='lat' dir='ltr'><strong>Quod</strong></span> <span class='ocrx_word' id='word_1_484' title='bbox 1860 3777 1890 3838; x_wconf 92' lang='lat' dir='ltr'><strong>si</strong></span> <span class='ocrx_word' id='word_1_485' title='bbox 1909 3792 1985 3848; x_wconf 85' lang='lat' dir='ltr'><strong>non.</strong></span> 
     </span>
     <span class='ocr_line' id='line_1_81' title="bbox 1180 3872 1989 3946; baseline 0.004 -16"><span class='ocrx_word' id='word_1_486' title='bbox 1180 3885 1305 3937; x_wconf 91' lang='lat' dir='ltr'><strong>omnes,</strong></span> <span class='ocrx_word' id='word_1_487' title='bbox 1342 3872 1404 3934; x_wconf 88' lang='lat' dir='ltr'><strong>etc.</strong></span> <span class='ocrx_word' id='word_1_488' title='bbox 1439 3873 1558 3933; x_wconf 87' lang='lat' dir='ltr'><strong>Datum</strong></span> <span class='ocrx_word' id='word_1_489' title='bbox 1594 3873 1745 3946; x_wconf 89' lang='lat' dir='ltr'><strong>Viterbii‚</strong></span> <span class='ocrx_word' id='word_1_490' title='bbox 1768 3875 1868 3936; x_wconf 87' lang='lat' dir='ltr'><strong>tertio</strong></span> <span class='ocrx_word' id='word_1_491' title='bbox 1902 3874 1989 3936; x_wconf 88' lang='lat' dir='ltr'><strong>idus.</strong></span> 
     </span>
     <span class='ocr_line' id='line_1_82' title="bbox 1180 3966 1978 4048; baseline 0.008 -22"><span class='ocrx_word' id='word_1_492' title='bbox 1180 3966 1376 4040; x_wconf 88' lang='lat' dir='ltr'><strong>decembris,</strong></span> <span class='ocrx_word' id='word_1_493' title='bbox 1398 3969 1609 4046; x_wconf 77' lang='lat' dir='ltr'><strong>pontificatus</strong></span> <span class='ocrx_word' id='word_1_494' title='bbox 1621 3971 1727 4032; x_wconf 89' lang='lat' dir='ltr'><strong>nostri</strong></span> <span class='ocrx_word' id='word_1_495' title='bbox 1744 3985 1832 4034; x_wconf 87' lang='lat' dir='ltr'><strong>anno</strong></span> <span class='ocrx_word' id='word_1_496' title='bbox 1847 3973 1978 4048; x_wconf 85' lang='lat' dir='ltr'><strong>quarto.</strong></span> 
     </span>
    </p>
   </div>
   <div class='ocr_carea' id='block_1_8' title="bbox 1230 4119 1938 4415">
    <p class='ocr_par' dir='ltr' id='par_1_9' title="bbox 1230 4119 1938 4415">
     <span class='ocr_line' id='line_1_83' title="bbox 1230 4119 1938 4318; baseline 0.006 -14"><span class='ocrx_word' id='word_1_497' title='bbox 1230 4245 1282 4304; x_wconf 85' lang='lat' dir='ltr'><strong>Ad</strong></span> <span class='ocrx_word' id='word_1_498' title='bbox 1302 4246 1498 4304; x_wconf 77' lang='lat' dir='ltr'><strong>Volmarcm</strong></span> <span class='ocrx_word' id='word_1_499' title='bbox 1515 4119 1708 4318; x_wconf 50' lang='grc' dir='ltr'><strong>ξιξῠΙαξιιινι</strong></span> <span class='ocrx_word' id='word_1_500' title='bbox 1718 4201 1938 4310; x_wconf 67' lang='lat' dir='ltr'><strong>aserenam</strong></span> 
     </span>
     <span class='ocr_line' id='line_1_84' title="bbox 1286 4341 1876 4415; baseline 0.005 -13"><span class='ocrx_word' id='word_1_501' title='bbox 1286 4341 1321 4402; x_wconf 86' lang='lat' dir='ltr'><strong>et</strong></span> <span class='ocrx_word' id='word_1_502' title='bbox 1339 4344 1582 4404; x_wconf 81' lang='lat' dir='ltr'><strong>Burcdardum</strong></span> <span class='ocrx_word' id='word_1_503' title='bbox 1597 4343 1749 4415; x_wconf 59' lang='lat' dir='ltr'><strong>tratrem</strong></span> <span class='ocrx_word' id='word_1_504' title='bbox 1762 4357 1876 4405; x_wconf 79' lang='lat' dir='ltr'><strong>summ.</strong></span> 
     </span>
    </p>
   </div>
   <div class='ocr_carea' id='block_1_9' title="bbox 1181 4453 1986 5698">
    <p class='ocr_par' dir='ltr' id='par_1_10' title="bbox 1181 4453 1978 4894">
     <span class='ocr_line' id='line_1_85' title="bbox 1442 4453 1802 4511; baseline 0.003 -1"><span class='ocrx_word' id='word_1_505' title='bbox 1442 4454 1477 4511; x_wconf 77' lang='lat'><strong>12</strong></span> <span class='ocrx_word' id='word_1_506' title='bbox 1491 4453 1619 4510; x_wconf 89' lang='lat' dir='ltr'><strong>decemb.</strong></span> <span class='ocrx_word' id='word_1_507' title='bbox 1635 4454 1716 4511; x_wconf 79' lang='lat' dir='ltr'><strong>lala</strong></span> <span class='ocrx_word' id='word_1_508' title='bbox 1800 4473 1802 4478; x_wconf 94' lang='lat'>·</span> 
     </span>
     <span class='ocr_line' id='line_1_86' title="bbox 1290 4559 1869 4624; baseline -0.007 -12"><span class='ocrx_word' id='word_1_509' title='bbox 1290 4559 1445 4624; x_wconf 72' lang='lat' dir='ltr'><strong>[Schapflim</strong></span> <span class='ocrx_word' id='word_1_510' title='bbox 1458 4559 1524 4610; x_wconf 80' lang='lat' dir='ltr'><strong>illst.</strong></span> <span class='ocrx_word' id='word_1_511' title='bbox 1541 4573 1592 4612; x_wconf 77' lang='lat' dir='ltr'><strong>aaa</strong></span> <span class='ocrx_word' id='word_1_512' title='bbox 1604 4559 1732 4620; x_wconf 79' lang='lat' dir='ltr'><strong>Beudena,</strong></span> <span class='ocrx_word' id='word_1_513' title='bbox 1745 4560 1788 4620; x_wconf 85' lang='lat' dir='ltr'><strong>lV,</strong></span> <span class='ocrx_word' id='word_1_514' title='bbox 1802 4559 1869 4624; x_wconf 80' lang='lat' dir='ltr'><strong>lla]</strong></span> 
     </span>
     <span class='ocr_line' id='line_1_87' title="bbox 1181 4655 1978 4730; baseline 0.001 -15"><span class='ocrx_word' id='word_1_515' title='bbox 1181 4658 1421 4730; x_wconf 74' lang='lat' dir='ltr'><strong>compositionem</strong></span> <span class='ocrx_word' id='word_1_516' title='bbox 1436 4655 1472 4714; x_wconf 90' lang='lat' dir='ltr'><strong>de</strong></span> <span class='ocrx_word' id='word_1_517' title='bbox 1484 4657 1548 4730; x_wconf 87' lang='lat' dir='ltr'><strong>jnrc</strong></span> <span class='ocrx_word' id='word_1_518' title='bbox 1562 4665 1729 4729; x_wconf 80' lang='lat' dir='ltr'><strong>potronatus</strong></span> <span class='ocrx_word' id='word_1_519' title='bbox 1741 4657 1827 4714; x_wconf 87' lang='lat' dir='ltr'><strong>trium</strong></span> <span class='ocrx_word' id='word_1_520' title='bbox 1841 4657 1978 4716; x_wconf 87' lang='lat' dir='ltr'><strong>ecclesia·</strong></span> 
     </span>
     <span class='ocr_line' id='line_1_88' title="bbox 1218 4744 1977 4818; baseline 0.003 -17"><span class='ocrx_word' id='word_1_521' title='bbox 1218 4760 1291 4814; x_wconf 89' lang='lat' dir='ltr'><strong>rum,</strong></span> <span class='ocrx_word' id='word_1_522' title='bbox 1316 4744 1459 4803; x_wconf 87' lang='lat' dir='ltr'><strong>mediante</strong></span> <span class='ocrx_word' id='word_1_523' title='bbox 1476 4746 1685 4805; x_wconf 78' lang='lat' dir='ltr'><strong>constantiensi</strong></span> <span class='ocrx_word' id='word_1_524' title='bbox 1705 4747 1841 4818; x_wconf 87' lang='lat' dir='ltr'><strong>episcopo</strong></span> <span class='ocrx_word' id='word_1_525' title='bbox 1863 4745 1977 4814; x_wconf 75' lang='lat' dir='ltr'><strong>lectam,</strong></span> 
     </span>
     <span class='ocr_line' id='line_1_89' title="bbox 1216 4834 1377 4894; baseline -0.012 0"><span class='ocrx_word' id='word_1_526' title='bbox 1216 4834 1377 4894; x_wconf 80' lang='lat' dir='ltr'><strong>confirmat.</strong></span> 
     </span>
    </p>

    <p class='ocr_par' dir='ltr' id='par_1_11' title="bbox 1181 4941 1980 5212">
     <span class='ocr_line' id='line_1_90' title="bbox 1221 4941 1980 5020; baseline 0.001 -17"><span class='ocrx_word' id='word_1_527' title='bbox 1221 4943 1399 5013; x_wconf 88' lang='lat' dir='ltr'><strong>Honorius,</strong></span> <span class='ocrx_word' id='word_1_528' title='bbox 1416 4942 1493 5013; x_wconf 84' lang='lat' dir='ltr'><strong>etc,</strong></span> <span class='ocrx_word' id='word_1_529' title='bbox 1508 4941 1637 5004; x_wconf 93' lang='lat' dir='ltr'><strong>dilectis</strong></span> <span class='ocrx_word' id='word_1_530' title='bbox 1652 4941 1896 5004; x_wconf 82' lang='lat' dir='ltr'><strong>ssliisVolmaro</strong></span> <span class='ocrx_word' id='word_1_531' title='bbox 1908 4943 1980 5020; x_wconf 84' lang='lat' dir='ltr'><strong>ple-</strong></span> 
     </span>
     <span class='ocr_line' id='line_1_91' title="bbox 1181 5037 1975 5112; baseline 0 -12"><span class='ocrx_word' id='word_1_532' title='bbox 1181 5037 1269 5100; x_wconf 88' lang='lat' dir='ltr'><strong>bano</strong></span> <span class='ocrx_word' id='word_1_533' title='bbox 1284 5038 1516 5110; x_wconf 84' lang='lat' dir='ltr'><strong>deKilcbeim,</strong></span> <span class='ocrx_word' id='word_1_534' title='bbox 1534 5041 1567 5100; x_wconf 90' lang='lat' dir='ltr'><strong>et</strong></span> <span class='ocrx_word' id='word_1_535' title='bbox 1578 5039 1770 5101; x_wconf 90' lang='lat' dir='ltr'><strong>Burchardo</strong></span> <span class='ocrx_word' id='word_1_536' title='bbox 1786 5039 1882 5101; x_wconf 83' lang='lat' dir='ltr'><strong>fratri</strong></span> <span class='ocrx_word' id='word_1_537' title='bbox 1904 5055 1975 5112; x_wconf 91' lang='lat' dir='ltr'><strong>suo,</strong></span> 
     </span>
     <span class='ocr_line' id='line_1_92' title="bbox 1182 5135 1896 5212; baseline -0.003 -14"><span class='ocrx_word' id='word_1_538' title='bbox 1182 5137 1322 5198; x_wconf 86' lang='lat' dir='ltr'><strong>salutem</strong></span> <span class='ocrx_word' id='word_1_539' title='bbox 1341 5138 1375 5196; x_wconf 92' lang='lat' dir='ltr'><strong>et</strong></span> <span class='ocrx_word' id='word_1_540' title='bbox 1389 5136 1605 5212; x_wconf 87' lang='lat' dir='ltr'><strong>apostolicam</strong></span> <span class='ocrx_word' id='word_1_541' title='bbox 1620 5135 1896 5198; x_wconf 85' lang='lat' dir='ltr'><strong>benedictionem.</strong></span> 
     </span>
    </p>

    <p class='ocr_par' dir='ltr' id='par_1_12' title="bbox 1183 5231 1986 5698">
     <span class='ocr_line' id='line_1_93' title="bbox 1221 5231 1978 5308; baseline -0.003 -14"><span class='ocrx_word' id='word_1_542' title='bbox 1221 5235 1239 5294; x_wconf 85' lang='lat' dir='ltr'>J</span> <span class='ocrx_word' id='word_1_543' title='bbox 1244 5232 1326 5294; x_wconf 89' lang='lat' dir='ltr'><strong>ustis</strong></span> <span class='ocrx_word' id='word_1_544' title='bbox 1336 5232 1518 5307; x_wconf 88' lang='lat' dir='ltr'><strong>petentium</strong></span> <span class='ocrx_word' id='word_1_545' title='bbox 1526 5231 1843 5308; x_wconf 79' lang='lat' dir='ltr'><strong>desideriisdignum</strong></span> <span class='ocrx_word' id='word_1_546' title='bbox 1854 5232 1905 5294; x_wconf 89' lang='lat' dir='ltr'><strong>est</strong></span> <span class='ocrx_word' id='word_1_547' title='bbox 1916 5245 1978 5292; x_wconf 85' lang='lat' dir='ltr'><strong>nos</strong></span> 
     </span>
     <span class='ocr_line' id='line_1_94' title="bbox 1183 5327 1977 5406; baseline 0 -17"><span class='ocrx_word' id='word_1_548' title='bbox 1183 5329 1315 5392; x_wconf 76' lang='lat' dir='ltr'><strong>facilem</strong></span> <span class='ocrx_word' id='word_1_549' title='bbox 1331 5327 1480 5406; x_wconf 84' lang='lat' dir='ltr'><strong>praebere</strong></span> <span class='ocrx_word' id='word_1_550' title='bbox 1494 5345 1692 5391; x_wconf 90' lang='lat' dir='ltr'><strong>consensum</strong></span> <span class='ocrx_word' id='word_1_551' title='bbox 1704 5330 1738 5391; x_wconf 90' lang='lat' dir='ltr'><strong>et</strong></span> <span class='ocrx_word' id='word_1_552' title='bbox 1751 5329 1839 5402; x_wconf 87' lang='lat' dir='ltr'><strong>vota,</strong></span> <span class='ocrx_word' id='word_1_553' title='bbox 1863 5345 1936 5406; x_wconf 89' lang='lat' dir='ltr'><strong>quae</strong></span> <span class='ocrx_word' id='word_1_554' title='bbox 1956 5345 1977 5389; x_wconf 91' lang='lat' dir='ltr'><strong>a</strong></span> 
     </span>
     <span class='ocr_line' id='line_1_95' title="bbox 1183 5425 1980 5498; baseline 0.003 -12"><span class='ocrx_word' id='word_1_555' title='bbox 1183 5425 1323 5488; x_wconf 88' lang='lat' dir='ltr'><strong>rationis</strong></span> <span class='ocrx_word' id='word_1_556' title='bbox 1355 5427 1488 5488; x_wconf 87' lang='lat' dir='ltr'><strong>tramite</strong></span> <span class='ocrx_word' id='word_1_557' title='bbox 1522 5441 1590 5487; x_wconf 91' lang='lat' dir='ltr'><strong>non</strong></span> <span class='ocrx_word' id='word_1_558' title='bbox 1621 5426 1831 5498; x_wconf 88' lang='lat' dir='ltr'><strong>discordant,</strong></span> <span class='ocrx_word' id='word_1_559' title='bbox 1859 5425 1980 5488; x_wconf 79' lang='lat' dir='ltr'><strong>ellectu</strong></span> 
     </span>
     <span class='ocr_line' id='line_1_96' title="bbox 1185 5522 1981 5601; baseline 0.003 -17"><span class='ocrx_word' id='word_1_560' title='bbox 1185 5525 1403 5601; x_wconf 85' lang='lat' dir='ltr'><strong>prosequente</strong></span> <span class='ocrx_word' id='word_1_561' title='bbox 1419 5523 1597 5599; x_wconf 89' lang='lat' dir='ltr'><strong>complere.</strong></span> <span class='ocrx_word' id='word_1_562' title='bbox 1611 5525 1656 5583; x_wconf 84' lang='lat' dir='ltr'><strong>Ea</strong></span> <span class='ocrx_word' id='word_1_563' title='bbox 1671 5526 1815 5600; x_wconf 89' lang='lat' dir='ltr'><strong>propter,</strong></span> <span class='ocrx_word' id='word_1_564' title='bbox 1826 5522 1935 5585; x_wconf 92' lang='lat' dir='ltr'><strong>dilecti</strong></span> <span class='ocrx_word' id='word_1_565' title='bbox 1945 5524 1981 5586; x_wconf 91' lang='lat' dir='ltr'><strong>in</strong></span> 
     </span>
     <span class='ocr_line' id='line_1_97' title="bbox 1184 5620 1986 5698; baseline -0.006 -16"><span class='ocrx_word' id='word_1_566' title='bbox 1184 5621 1322 5684; x_wconf 82' lang='lat' dir='ltr'><strong>Domino</strong></span> <span class='ocrx_word' id='word_1_567' title='bbox 1346 5621 1418 5690; x_wconf 88' lang='lat' dir='ltr'><strong>lilii,</strong></span> <span class='ocrx_word' id='word_1_568' title='bbox 1442 5621 1563 5683; x_wconf 87' lang='lat' dir='ltr'><strong>vestris</strong></span> <span class='ocrx_word' id='word_1_569' title='bbox 1581 5621 1681 5698; x_wconf 87' lang='lat' dir='ltr'><strong>justis</strong></span> <span class='ocrx_word' id='word_1_570' title='bbox 1701 5620 1986 5698; x_wconf 87' lang='lat' dir='ltr'><strong>postulationibus.</strong></span> 
     </span>
    </p>
   </div>
   <div class='ocr_carea' id='block_1_10' title="bbox 0 0 2154 6389">
    <p class='ocr_par' dir='ltr' id='par_1_13' title="bbox 0 0 2154 6389">
     <span class='ocr_line' id='line_1_98' title="bbox 0 0 2154 6389; baseline 0 0"><span class='ocrx_word' id='word_1_571' title='bbox 0 0 2154 6389; x_wconf 95' lang='lat' dir='ltr'><strong> </strong></span> 
     </span>
    </p>
   </div>
  </div>
 </body>
</html>
