4250 6404
325 307 382 368 159

322 463 559 544 providendum
575 462 609 523 in
621 461 857 525 ecclesiasticis
869 461 1120 523 beneflciisdic-

321 564 364 625 tis
377 561 508 624 clericis
519 560 715 622 auctoritate
727 559 917 637 apostoliea
933 572 997 620 nun
1019 575 1121 635 coga-

321 663 381 723 ris.
411 661 529 721 Datum
565 659 720 720 Laterani
748 659 864 735 quintu
890 656 964 717 idus
993 658 1117 730 martii,

322 775 410 820 auno
422 757 533 819 tertio.

690 863 751 949 ct.

469 1001 522 1060 Ad
530 997 761 1072 prepositum
781 998 822 1056 ule
836 997 974 1056 Selbout.

609 1112 639 1168 ll
660 1116 743 1166 murt.
758 1110 835 1167 1219.

415 1217 571 1283 [Wurtvein
584 1215 660 1268 Dima.
673 1216 830 1279 ilopuutiua,
847 1215 893 1266 lib.
904 1216 948 1273 lll,
961 1215 1027 1279 aaa]

322 1317 366 1377 illi
378 1316 529 1376 ecclesiam
544 1315 580 1374 de
590 1313 695 1372 Griuda
712 1313 977 1387 preposituroeejus
988 1312 1076 1370 libare
1092 1314 1119 1369 in

358 1412 547 1479 augmentum
563 1402 781 1478 praebendarum
799 1403 949 1462 collectam
963 1401 1000 1459 ab
1015 1401 1118 1460 Frede-

358 1497 417 1552 rico
432 1509 502 1568 rege
518 1493 661 1562 collatam,
677 1490 837 1552 coufirmat.

362 1602 542 1673 Honorius,
556 1605 631 1673 etc,
658 1600 777 1662 dilecto
801 1599 870 1661 filio
888 1599 1065 1678 praeposito
1080 1598 1120 1660 de

324 1700 469 1772 Selbold,
485 1698 628 1761 salutem
655 1699 689 1760 et
716 1697 932 1774 apostolicam
963 1695 1122 1758 benedic-

322 1799 458 1862 tionem.

361 1895 466 1958 Justis
493 1894 676 1971 petentium
703 1892 878 1956 desideriis
907 1891 1043 1968 dignum
1070 1895 1121 1954 est

324 2009 387 2054 uos
396 1992 527 2054 facilem
543 1989 691 2068 praebere
703 2005 900 2052 consensum
913 1991 946 2051 et
957 1991 1034 2050 vota
1047 2005 1119 2067 quae

322 2107 342 2152 a
365 2089 505 2150 rationis
526 2089 659 2150 tramite
681 2103 747 2147 non
771 2085 971 2158 discordant,
1000 2085 1119 2148 effectu

322 2187 541 2264 prosequente
565 2184 741 2261 complere.
767 2187 814 2244 Ea
833 2185 977 2260 propter,
1001 2183 1120 2245 dilecte

322 2283 518 2344 innomine
543 2281 601 2353 illi,
636 2281 702 2343 tuis
719 2281 819 2358 Justis
841 2280 1120 2358 postulationibus

323 2382 419 2456 grato
445 2380 680 2440 concurrentes
703 2395 853 2449 assensu,
884 2377 1059 2440 ecclesiam
1078 2379 1119 2439 de

323 2477 448 2540 Griuda
470 2477 701 2538 acharissimo
716 2476 751 2536 in
766 2475 897 2537 Christo
913 2475 982 2537 illio
996 2477 1120 2538 Frede-

320 2575 391 2638 riuo
402 2575 525 2636 illustri
540 2589 619 2648 rege
632 2573 756 2634 Siciliae
769 2573 804 2634 in
818 2576 1042 2635 Romanorum
1055 2574 1120 2634 im-

318 2674 505 2751 peratorem
519 2672 624 2734 electu
637 2686 676 2732 ac
691 2669 875 2732 venerabili
891 2671 995 2734 tratre
1004 2675 1118 2734 nostro

317 2770 513 2846 Mogontinu
528 2769 779 2846 archiepiscopo
794 2767 847 2829 sui
859 2769 1000 2845 capituli
1021 2784 1120 2830 acce-

319 2867 416 2930 dente
430 2881 606 2936 eunsensu‚
623 2867 689 2926 tuae
713 2866 943 2941 praepositura
964 2865 1069 2927 libere
1083 2867 1118 2926 in

318 2964 532 3040 augmentum
558 2961 811 3039 praebeudarum
833 2962 1006 3034 collatam,
1032 2963 1119 3023 siout

318 3075 391 3123 eam
410 3061 499 3137 juste
517 3058 666 3136 possides
691 3059 725 3120 et
743 3058 864 3136 quiete,
880 3058 940 3120 tibi
957 3074 996 3120 ac
1011 3075 1070 3136 per
1085 3062 1118 3120 te

318 3159 383 3235 ipsi
399 3155 625 3235 praepositurae
638 3155 1031 3232 auctoritatehpostulica
1043 3173 1118 3218 con-

320 3256 489 3316 tlrmamus
524 3253 557 3315 et
582 3253 756 3331 praesentis
784 3252 899 3329 scripti
931 3255 1116 3330 patrocinio

318 3352 570 3414 communimus.
587 3349 679 3411 Nulli
695 3365 773 3426 ergo
789 3351 923 3411 omniuo
946 3351 1115 3412 bominum

318 3450 418 3511 liceat
441 3449 528 3510 hauc
543 3448 697 3525 paginam
712 3447 835 3508 nostrae
855 3447 1115 3510 confirmationis

319 3547 501 3622 intringere
516 3546 568 3606 vel
583 3546 613 3606 ei
630 3561 713 3606 ausu
735 3546 912 3606 temerarie
936 3545 1113 3607 contraire.

320 3645 354 3705 Si
371 3643 444 3720 quis
459 3643 569 3704 autern
594 3641 658 3705 hoe
676 3640 839 3703 attentare
855 3644 1112 3720 praesumpserit,

318 3740 579 3815 indignationem
593 3739 891 3816 omnipotentisbei
901 3742 934 3800 et
942 3739 1113 3802 beatorum

317 3838 409 3900 Petri
433 3839 465 3898 et
488 3836 584 3897 Pauli
607 3836 832 3912 apostulorum
852 3837 924 3913 eJus
947 3852 982 3898 se
1006 3853 1113 3898 nove-

317 3935 361 3997 rit
389 3935 612 3996 inoursurum.
649 3933 767 3995 Datum
796 3934 953 3994 Laterani
976 3935 1007 3996 11
1038 3934 1113 3995 idus

317 4033 441 4105 martii,
458 4031 669 4109 pontificatus
685 4030 789 4093 nostri
804 4047 892 4092 anno
909 4030 1018 4094 tertio.

677 4200 758 4287 cil

335 4337 388 4396 Ad
415 4337 622 4408 episcopum,
640 4337 806 4393 decucurri
828 4334 864 4394 et
881 4337 1093 4410 meptstrum

381 4433 575 4492 albericum
589 4433 793 4490 auricalcum
810 4433 1050 4493 Currtotcuscs.

597 4541 629 4599 ll
649 4549 730 4600 mart.
755 4543 833 4599 lala.

332 4651 450 4716 [Regcst.,
468 4649 513 4701 lib.
527 4649 570 4706 lll,
585 4647 658 4712 epist.
673 4646 729 4698 329.
742 4647 797 4698 llas.
809 4649 843 4699 La
861 4649 937 4701 Porta
953 4649 987 4700 du
1000 4650 1095 4718 Theti]

315 4755 432 4818 blandai
450 4763 481 4813 ut
500 4753 607 4812 iaciant
622 4755 740 4812 tirmiter
758 4755 904 4812 observari
918 4756 1062 4818 decretum
1076 4759 1111 4818 ab

350 4848 384 4904 Α.
412 4845 559 4917 capellano
585 4843 727 4916 pontilicis
741 4845 829 4902 latum
848 4861 933 4918 super
948 4851 1112 4921 receptione

351 4933 514 5007 presbyteri
541 4934 703 5004 praesentati
724 4933 760 4990 ad
780 4935 931 4992 eeclesiam
960 4947 1111 4996 vacantem

350 5023 379 5078 in
394 5021 511 5078 dioecesi
523 5021 744 5079 cenomanensi.

354 5129 532 5201 Honorius,
558 5131 633 5202 eto,
659 5129 843 5192 venerabili
859 5131 991 5193 tratri...
1015 5134 1108 5212 epis·

313 5245 395 5306 copo
417 5229 450 5288 et
464 5227 593 5289 dilectis
613 5227 729 5288 tiliis...
746 5227 883 5302 decane,
901 5231 934 5290 et
950 5231 1109 5306 magistro

312 5326 466 5390 hiberico
482 5323 642 5386 canonico
659 5327 835 5386 Caruoten.

361 5425 506 5487 Dilectus
518 5423 643 5483 lilius...
660 5427 698 5483 A.
711 5421 945 5497 subdiaconus
955 5424 989 5485 et
1003 5426 1109 5502 capel-

940 303 1114 365 HONORII
1138 303 1182 363 111
1205 303 1352 364 OPERA.

1913 303 1971 364 luo

1175 461 1406 523 Bartholomeo
1414 461 1617 539 praesbytero
1626 461 1969 538 cenomanen...apud

1176 559 1293 620 Sedem
1302 559 1526 636 Apostolicam
1537 560 1723 622 constitutis
1734 577 1754 621 a
1767 559 1862 621 nobis
1870 561 1972 620 luerit

1175 657 1270 718 datus
1285 657 1426 730 auditor,
1440 657 1526 718 idem
1540 657 1722 735 praesbyter
1735 658 1905 734 proposuit
1918 675 1971 718 co·

1174 771 1246 816 ram
1271 771 1321 826 eo,
1346 754 1521 833 quodcum
1545 755 1585 816 ad
1601 757 1774 816 vacantem
1794 755 1971 817 ecclesiam
2048 763 2051 769 '

1176 851 1973 928 SanctiRigurnaridessuscoceuomanen.dioece-

1176 949 1223 1010 sis
1236 949 1351 1011 tuisset
1365 949 1406 1011 ab
1422 949 1539 1011 abbate
1554 950 1586 1011 et
1602 952 1765 1013 conventu
1780 950 1820 1011 de
1835 951 1971 1011 Cultura

1175 1037 1409 1120 cenomanen,
1421 1047 1476 1124 qui
1486 1052 1541 1125 jus
1558 1047 1591 1108 ln
1601 1063 1640 1108 ea
1654 1048 1802 1109 obtinent
1814 1051 1973 1125 patrona-

1174 1145 1240 1217 tus,
1251 1145 1388 1222 praesato
1403 1146 1558 1222 episcopo
1579 1160 1637 1222 per
1649 1145 1777 1206 litteras
1790 1145 1973 1222 praesenta-

1174 1241 1239 1315 tus,
1250 1243 1336 1304 idem
1349 1242 1523 1320 episcopus
1538 1245 1644 1320 ipsum
1658 1243 1698 1304 ad
1712 1258 1785 1304 eam
1798 1243 1972 1304 admittere

1175 1356 1234 1417 pro
1252 1355 1321 1402 suae
1341 1341 1521 1402 voluntatis
1546 1336 1684 1402 arbitrio
1708 1342 1885 1412 recusavit,
1903 1341 1967 1402 ad-

1171 1438 1292 1515 jiciens
1319 1437 1404 1516 quod
1428 1435 1530 1499 abbas
1557 1437 1590 1499 et
1611 1440 1793 1499 conventus
1816 1439 1971 1516 praedicti

1176 1551 1234 1613 per
1259 1551 1337 1597 suas
1364 1534 1460 1596 nubis
1478 1535 1606 1597 litteras
1626 1534 1823 1598 intimarunt
1846 1553 1881 1598 se
1904 1537 1971 1615 ipsi

1175 1633 1368 1712 presbytero
1387 1633 1558 1709 praelatam
1578 1633 1753 1694 ecclesiam
1777 1634 1967 1696 contulisse.

1177 1730 1268 1791 Unde
1288 1745 1361 1790 cum
1375 1745 1417 1792 ex
1432 1729 1502 1791 sula
1520 1731 1776 1809 praesentatione
1791 1731 1970 1806 pradictu-

1175 1844 1248 1889 rum
1270 1826 1399 1888 abbatis
1423 1829 1457 1888 et
1475 1829 1723 1903 couventusjus
1748 1829 1779 1889 ei
1804 1828 1857 1900 sit,
1885 1829 1972 1890 sient

1175 1924 1305 1996 asserit,
1318 1925 1415 2001 juxta
1441 1925 1630 1986 sanctiones
1650 1925 1830 1988 canonicas
1855 1927 1973 2002 acqui-

1175 2021 1285 2093 situm,
1303 2021 1343 2082 ad
1360 2021 1581 2098 receptionem
1598 2038 1691 2082 suam
1705 2023 1778 2098 cogi
1796 2021 1970 2100 praelatum

1175 2119 1363 2196 episcopum
1380 2119 1569 2196 postulavit.
1585 2120 1661 2180 Fuit
1673 2121 1784 2182 autem
1794 2121 1836 2181 ad
1847 2121 1918 2181 haec
1929 2121 1970 2182 ab

1175 2217 1279 2293 ipsius
1291 2217 1438 2294 episcopi
1448 2219 1662 2294 procuratore
1673 2234 1870 2296 responsum
1883 2219 1970 2296 quod

1175 2313 1261 2375 idem
1275 2314 1450 2391 episcopus
1472 2329 1532 2390 per
1552 2314 1709 2376 dilectum
1723 2315 1829 2376 illium
1844 2317 1972 2392 magis-

1173 2413 1261 2472 trum
1286 2413 1324 2474 R.
1349 2411 1588 2473 subdiaconum
1608 2413 1641 2474 et
1664 2413 1872 2490 capellanum
1891 2429 1972 2473 nos-

1174 2512 1271 2582 trum,
1291 2524 1387 2588 quern
1398 2526 1417 2571 a
1430 2509 1525 2570 nobis
1537 2508 1725 2572 obtinuerat
1733 2510 1820 2572 idem
1832 2510 1971 2588 presby-

1173 2605 1224 2666 ter
1236 2603 1433 2676 auditorem,
1443 2602 1484 2664 ab
1499 2605 1732 2680 impetratione
1745 2606 1851 2682 ipsius
1861 2606 1971 2666 extitit

1174 2701 1355 2773 absolutus
1370 2701 1567 2778 adjungens,
1581 2702 1666 2778 quod
1679 2718 1744 2762 nun
1760 2701 1869 2764 luerat
1882 2703 1968 2763 idem

1174 2798 1382 2876 presbyter...
1398 2799 1688 2877 archipresbytero
1711 2800 1780 2861 et...
1797 2800 1969 2861 archidia-

1177 2912 1261 2958 cono
1290 2898 1513 2958 cenomanen.
1537 2896 1718 2957 secundum
1744 2898 1967 2958 cenomanen.

1173 2993 1603 3056 ecclesiaeconsuetudlnem
1615 2997 1853 3071 praesentatus;
1868 3011 1968 3072 quum

1172 3091 1214 3152 ad
1237 3107 1293 3152 eos
1315 3095 1402 3152 esset
1424 3092 1635 3168 praesentatio
1656 3091 1896 3168 praemittenda,
1912 3093 1968 3168 qui

1173 3189 1364 3265 praesentati
1379 3204 1553 3264 personam
1567 3190 1770 3259 examinant,
1788 3189 1820 3250 et
1839 3191 1970 3250 exauri-

1172 3287 1286 3345 uatum
1322 3285 1476 3362 episcopo
1511 3287 1763 3360 repraesentant,
1806 3285 1968 3362 oinciens

1172 3381 1321 3458 quaedam
1353 3381 1615 3444 contradictum
1645 3382 1884 3460 presbyterum,
1909 3401 1970 3460 por

1171 3479 1353 3556 quasillum
1377 3479 1538 3556 repellere
1558 3479 1735 3542 nitebatur.
1753 3480 1801 3542 Ad
1818 3482 1889 3564 haec
1905 3483 1969 3544 luit

1171 3592 1213 3636 ex
1237 3578 1330 3653 parte
1354 3578 1528 3638 memorati
1552 3578 1737 3656 presbyteri
1755 3579 1963 3656 replicatum,

1170 3673 1255 3751 quud
1280 3690 1299 3734 a
1322 3674 1480 3751 praedicto
1509 3677 1667 3750 magistro
1695 3677 1733 3738 R.
1755 3692 1965 3754 nequaquam

1170 3769 1278 3833 luerat
1294 3771 1328 3832 in
1344 3772 1448 3848 ipsius
1464 3788 1564 3834 causa
1579 3789 1772 3849 processum
1788 3790 1847 3850 pru
1862 3789 1901 3834 eo
1915 3775 1968 3834 vi-

1169 3868 1289 3931 delicet
1312 3870 1397 3947 quod
1417 3870 1488 3946 ipse
1507 3869 1775 3946 praesentationis
1791 3887 1859 3932 suae
1876 3871 1969 3932 litte-

1168 3980 1224 4026 ras
1253 3965 1372 4027 missas
1398 3968 1572 4044 episcopo,
1596 3969 1654 4044 qui
1678 3969 1757 4028 tuuc
1778 3970 1850 4028 erat
1878 3969 1966 4046 apud

1170 4063 1287 4124 Sedem
1297 4064 1531 4140 Apostolicam,
1541 4079 1605 4125 uun
1615 4065 1767 4136 habebat,
1780 4064 1964 4126 destinatas

1168 4160 1208 4221 ad
1239 4177 1300 4222 nos
1323 4161 1451 4224 litteras
1479 4161 1632 4224 sulficere
1657 4163 1721 4223 sibi
1745 4161 1894 4224 credens.
1926 4165 1966 4225 Et

1169 4255 1246 4319 licet
1259 4259 1465 4335 postmodnm
1479 4259 1607 4320 litteras
1621 4275 1721 4336 super
1735 4259 1798 4320 hoc
1811 4257 1967 4322 habuerit

1168 4355 1208 4416 ad
1225 4355 1375 4416 eumdem
1396 4356 1588 4434 episcopum
1602 4356 1643 4417 ad
1664 4357 1727 4418 boc
1741 4356 1827 4434 apud
1848 4355 1965 4417 Sedent

1167 4453 1390 4528 apostolicam
1417 4455 1632 4516 constitutum
1666 4452 1752 4514 idem
1779 4456 1889 4514 tamen
1912 4453 1968 4530 ip-

1168 4565 1240 4609 surn
1257 4567 1315 4627 pro
1336 4567 1405 4612 suae
1420 4551 1599 4612 voluntatis
1620 4551 1758 4612 arbitrio
1774 4567 1840 4612 nou
1855 4551 1968 4612 admi-

1168 4645 1220 4708 sit.
1238 4648 1517 4709 Consuetudinem
1540 4663 1619 4709 veru
1634 4647 1826 4724 praedictam
1842 4664 1915 4711 esse
1930 4649 1965 4710 iu

1168 4745 1390 4806 cenomanen.
1407 4744 1548 4804 ecclesia
1559 4759 1594 4804 se
1609 4744 1765 4820 ignorare
1780 4745 1962 4824 respondit,

1167 4841 1457 4920 praesentationem
1473 4840 1658 4902 faciendam
1675 4843 1829 4920 episcopo
1845 4859 1966 4904 secun-

1166 4939 1243 4999 dum
1253 4941 1308 5016 jus
1324 4938 1519 5000 canonicum
1535 4954 1743 5011 asseverans,
1766 4956 1826 5000 nec
1842 4956 1964 5002 neces-

1166 5036 1291 5096 sarium
1306 5035 1456 5098 extitisse
1471 5037 1579 5113 ipsum
1600 5035 1692 5114 prius
1705 5035 1890 5098 examinari
1906 5054 1966 5116 per

1165 5131 1490 5222 archipresbyterum
1505 5137 1539 5195 et
1555 5133 1829 5196 archidiaconum
1851 5152 1967 5212 supra·
2004 5167 2009 5178 ·

1164 5227 1281 5299 dictos,
1309 5245 1384 5292 cum
1410 5247 1514 5308 usque
1541 5231 1623 5292 adeo
1648 5231 1691 5293 sit
1719 5232 1875 5308 episcopo
1899 5233 1965 5310 ipsi

1164 5327 1275 5400 notus,
1304 5325 1390 5405 quod
1428 5329 1513 5405 ipse,
1540 5329 1625 5406 quod
1652 5329 1684 5389 ei
1711 5327 1811 5405 objici
1840 5329 1963 5402 valeat,

1164 5423 1261 5501 plene
1288 5425 1373 5488 sciat
1395 5427 1428 5488 et
1450 5427 1589 5503 siquod
1611 5424 1716 5487 veluit
1736 5425 1808 5503 jam
1830 5425 1963 5503 objecit.

310 5521 409 5585 lanus
435 5523 558 5593 noster,
577 5521 731 5598 exposuit
755 5536 867 5582 curam
892 5520 998 5594 nobis,
1022 5523 1106 5600 quod
1166 5523 1258 5585 Unde
1269 5523 1310 5584 ad
1322 5523 1475 5585 ultimum
1495 5521 1708 5600 supplicavit,
1726 5522 1761 5583 ut
1772 5522 1963 5585 demiseri-

313 5635 386 5680 cnm
418 5617 601 5681 venerabili
631 5617 726 5680 fratri
752 5619 865 5679 nostro
893 5619 1047 5696 episcopo
1076 5623 1107 5682 et
1164 5621 1277 5684 cordia
1301 5621 1552 5698 provideremus
1572 5619 1695 5692 eidem,
1717 5635 1759 5682 ne
1787 5621 1964 5682 occasione
