4280 6404
213 297 273 356 237
828 295 1058 356 EPIS'l'OLAE.
1081 297 1159 356 nis.
1183 297 1239 357 111.
1796 297 1856 358 238

194 453 366 516 ornatam
392 452 571 516 monilibus
599 453 633 515 et
663 452 826 515 varietate
860 452 1006 516 circum·
1061 453 1338 532 postulationibus
1352 456 1450 532 grato
1465 421 1700 518 concurrentes
1715 471 1854 518 assensu

212 549 335 612 amicta
347 548 527 611 illustrium
537 550 697 612 virtutum
707 548 842 612 exbibet
856 550 1007 626 majesta·
1060 549 1271 614 diffinitivam
1282 553 1592 629 sententiam,quam
1602 552 1714 614 dilecti
1722 552 1853 614 tiliiT...

211 649 290 719 tem,
311 649 346 710 et
361 647 447 724 quod
468 646 601 709 tandem
622 648 658 708 in
677 662 714 710 re
735 645 880 719 habebit,
892 647 928 708 in
948 663 1007 724 spe
1061 649 1153 725 prior
1174 649 1370 712 Sanctorum
1386 652 1524 712 Marinae
1542 649 1575 712 et
1589 649 1715 712 iuliani
1733 651 1774 712 de
1790 653 1855 712 Ur-

210 759 329 820 gerere
348 759 385 806 sa
408 743 586 806 ostendens
600 744 773 806 veritatem
801 743 927 806 indicat
947 760 1006 822 per
1059 745 1167 818 banis,
1183 747 1217 807 et
1231 745 1390 823 plebanus
1405 747 1518 808 Sancti
1532 747 1630 808 Pauli
1649 746 1690 808 de
1705 748 1853 810 venetiis

212 842 364 918 liguram.
382 844 490 915 Quare
503 839 604 904 Sedes
621 841 810 918 Apostolica
826 843 933 902 mater
944 857 1004 902 ec·
1059 843 1254 905 auctoritate
1268 845 1383 906 nostra
1397 860 1457 920 pro
1476 843 1569 906 vobis
1584 846 1699 906 contra
1718 860 1854 906 monas-

211 939 389 1000 clesiarum
415 939 564 1000 omnium
595 939 628 1001 et
662 939 820 1014 magistra
846 938 1004 1000 ecclesias
1058 940 1179 1004 terium
1211 941 1323 1003 Sancti
1348 941 1453 1002 Firmi
1477 941 1517 1002 de
1536 943 1669 1004 Verona
1693 957 1791 1018 super
1813 957 1852 1003 eo

211 1035 297 1098 alias
304 1037 464 1113 tanquam
477 1035 740 1098 adolescentulas
751 1051 829 1097 suas
842 1035 1004 1098 bonorum
1056 1037 1181 1112 quod...
1196 1037 1298 1099 abbas
1313 1039 1347 1099 et
1361 1039 1542 1101 conventus
1554 1041 1583 1116 ej
1589 1039 1702 1100 usdern
1717 1055 1852 1100 monas-

211 1132 399 1210 insignibus
435 1133 576 1216 libenter
607 1132 748 1196 adornat
782 1147 841 1209 pro
877 1121 1026 1195 meritis
1058 1134 1134 1195 terii
1157 1136 1303 1196 vestram
1327 1135 1502 1196 ecclesiam
1527 1135 1567 1196 ad
1594 1152 1630 1197 se
1657 1136 1753 1212 pleno
1773 1139 1851 1212 jure

211 1231 431 1306 singularum,
448 1245 586 1308 sperans
600 1230 637 1291 ut
648 1230 773 1292 ornatae
783 1231 875 1292 tanto
891 1245 926 1291 se
941 1230 1006 1292 im-
1058 1230 1224 1305 pertinere
1247 1230 1409 1302 dicebant,
1436 1231 1468 1292 et
1489 1231 1588 1292 rebus
1605 1232 1682 1293 aliis
1696 1223 1851 1308 eligente

210 1327 394 1388 maculatas
413 1328 601 1389 accuratius
620 1327 774 1390 studeant
792 1343 1001 1400 conservare,
1054 1329 1184 1404 Justitia
1200 1328 1453 1404 promulgarunt
1465 1329 1611 1390 sicutest
1620 1330 1711 1406 justa
1724 1331 1756 1392 et
1767 1329 1852 1404 legi-

209 1424 336 1502 quanto
355 1425 551 1502 propensius
573 1425 729 1487 tenentur
743 1425 882 1501 diligere
904 1426 1003 1487 decus
1056 1424 1153 1496 tima,
1181 1426 1416 1501 provocatione
1446 1441 1620 1501 suspensa,
1652 1427 1850 1488 auctoritate

210 1521 381 1600 proprium
395 1521 428 1583 et
448 1521 600 1584 decorem
616 1523 715 1584 :binc
729 1523 781 1585 est
795 1523 880 1600 quod
895 1523 1003 1585 salicis

210 1619 379 1681 memoriae
390 1619 588 1680 Caelestinus
600 1635 685 1697 papa
694 1619 1003 1697 praedeoessornos·

210 1718 262 1780 ter
284 1717 400 1778 volens
420 1716 569 1778 solemne
589 1717 828 1778 monasterium
856 1719 1003 1779 vestrum

209 1813 376 1876 bonorare
397 1829 436 1874 ac
451 1829 572 1876 ornare
586 1813 742 1876 decenter
757 1813 930 1875 abbatibus
945 1815 1002 1890 qui

209 1925 270 1988 pro
278 1913 425 1988 tempore
437 1909 557 1981 forent,
569 1927 664 1972 usum
675 1910 913 1987 pontificalium
922 1926 1003 1972 con-

208 2007 310 2070 cessit
330 2007 510 2084 insignium
523 2009 555 2072 et
566 2007 705 2071 indulsit
716 2008 885 2071 licentiam
899 2008 1003 2070 bene-

210 2104 342 2166 dicendi
357 2103 578 2166 sacerdotalia
587 2103 901 2181 indumenta,prout
910 2107 1002 2181 ejus-

209 2201 284 2264 dem
306 2202 561 2279 praedecessoris
576 2201 681 2264 nostri
703 2201 822 2265 litterae
841 2201 1001 2277 plenariae

209 2299 422 2376 presentant.
441 2297 534 2360 Unde
548 2313 622 2360 cum
635 2297 758 2360 unione
767 2297 1001 2360 Bathcniensis

208 2396 243 2457 et
276 2394 515 2457 Glastoniensis
543 2394 777 2467 ecclesiarum,
809 2409 868 2472 per
902 2407 1000 2471 quam

208 2493 448 2555 monasterium
481 2491 629 2554 vestrum
662 2491 822 2568 dignitate
859 2490 1000 2552 abbatie

208 2591 374 2668 privatum
393 2589 511 2663 iuerat,
536 2589 669 2667 penitus
692 2589 863 2660 dissolute,
893 2588 1000 2650 cidem

208 2687 373 2764 dignitati,
385 2687 580 2749 auctoritate
593 2683 784 2764 Apostolica
798 2685 996 2747 restitutum.

208 2787 277 2848 Nos
291 2785 410 2847 vestris
430 2783 727 2861 supplicationibus
744 2783 896 2844 inclinati
917 2798 1000 2844 con-

208 2882 393 2944 cessionem
421 2882 595 2943 memorati
618 2879 873 2958 praedecessoris
894 2880 1000 2942 nestri

208 2979 315 3041 ratam
326 2979 485 3040 babentes
499 2978 695 3039 auctoritate
710 2976 900 3054 Apostolica
915 2993 999 3038 con-

208 3073 1000 3152 firmamusetpraesenusscripupatrocinioeom-

207 3174 386 3234 munimus.
404 3173 497 3234 Nulli
511 3187 591 3248 ergo
612 3171 747 3233 omnino
764 3170 934 3232 bominum
953 3171 997 3230 li-

207 3271 280 3333 ceat
305 3271 391 3332 banc
414 3270 570 3348 paginam
592 3269 714 3332 nostrae
737 3267 999 3332 confirmationis

205 3367 398 3444 intringere,
414 3367 469 3431 rel
479 3367 510 3428 ei
529 3364 805 3428 ausutemerario
820 3363 1002 3427 contraire..

207 3465 332 3541 Siquis
351 3453 461 3526 autem
478 3463 541 3525 boc
559 3463 723 3526 adeamne
736 3461 997 3540 presumpserit,

206 3560 467 3638 indignationem
496 3560 555 3621 Dei
590 3560 623 3622 et
646 3559 817 3621 beatorum
844 3558 935 3620 Petri
967 3558 1000 3620 et

207 3658 304 3720 Pauli
318 3657 541 3734 apostolorum
552 3659 625 3734 ejus
641 3672 678 3718 se
695 3655 826 3718 noverit
839 3655 997 3716 incursu·

206 3771 291 3816 rum.
318 3755 437 3817 Datum
461 3757 573 3816 Romae
593 3753 678 3830 apud
694 3754 851 3815 Sanctum
865 3754 999 3814 Petrum

208 3854 253 3916 ΙΙΙ
264 3851 330 3912 kal.
338 3851 438 3929 junii,
451 3851 660 3928 pontificatus
671 3850 775 3914 nostri
787 3865 874 3910 anno
885 3849 997 3911 tertio.

511 4044 698 4132 dcxxix

245 4183 297 4242 Ad
318 4179 473 4242 abbatem
492 4179 526 4240 et
539 4183 745 4239 concentum
760 4178 800 4237 de
815 4179 958 4238 meino.

497 4299 533 4358 ³0
546 4299 613 4356 maii
626 4298 705 4355 lala.

291 4415 442 4481 [liittaralli
452 4415 520 4466 dnn.
530 4412 654 4470 camald,
666 4411 708 4469 iv,
722 4409 831 4476 append.
844 4409 912 4474 390]

205 4523 359 4585 Contirmat
381 4523 553 4580 sententiam
568 4517 748 4578 diltinitivam
768 4532 853 4590 anper
878 4522 1004 4574 conten·-

242 4614 317 4671 tione
326 4609 654 4669 excitaiaaconventus.
664 4604 826 4664 Firmiuide
836 4607 961 4665 Verona.

245 4729 413 4790 Honorius
425 4727 728 4803 episcopusservus
743 4738 914 4784 servorum
925 4723 997 4790 Dei,

1056 1521 1246 1598 apostolica
1266 1522 1512 1584 confirmamus.

1096 1617 1216 1679 Datum
1249 1620 1361 1680 Romae
1394 1617 1480 1694 apud
1515 1619 1673 1680 Sanctum
1701 1618 1847 1690 Petrum,

1057 1715 1103 1773 ΙΙΙ
1113 1711 1180 1774 kal.
1187 1713 1286 1790 junii,
1300 1713 1510 1791 pontificatus
1521 1715 1723 1777 nostrianno
1736 1712 1856 1776 tertio.'

1369 1914 1533 2000 CCXXX

1115 2049 1167 2108 Ad
1187 2046 1389 2122 identidem
1413 2047 1568 2109 abactam
1585 2048 1792 2109 morumtertt
1889 2048 1896 2062 ⁴

1325 2147 1363 2206 tn
1384 2147 1576 2220 neuburg.

1345 2264 1379 2322 31
1396 2265 1463 2322 maii
1480 2265 1558 2322 1819.

1212 2369 1309 2432 [Kolb.,
1319 2370 1415 2435 Aquila
1427 2375 1534 2428 carmus,
1546 2370 1648 2421 docum.
1659 2369 1697 2435 4.]

1165 2476 1350 2549 Privilegium
1363 2476 1537 2534 monasterio
1552 2490 1734 2535 conoessum.

1094 2593 1260 2654 Honorius
1268 2591 1453 2668 episcopus,
1468 2607 1584 2656 servus
1592 2607 1768 2654 seruorum
1776 2593 1845 2666 Dei,

1031 2687 1183 2758 dilectis
1219 2687 1298 2750 liliis
1327 2686 1480 2749 Meffrido
1515 2685 1627 2748 abbati
1654 2687 1849 2750 monasterii

1054 2784 1236 2860 Arnsburg,
1254 2787 1391 2861 eJusque
1415 2783 1573 2846 iratribus
1591 2784 1659 2846 tam
1675 2786 1850 2862 praeseuti-

1054 2881 1115 2942 bus
1143 2895 1243 2959 quam
1270 2881 1405 2954 tuturis,
1430 2882 1625 2958 regularem
1641 2881 1749 2944 vitam·
1766 2899 1848 2974 pro-

1055 2977 1162 3038 sessis.

1096 3074 1300 3150 Religiosam
1310 3075 1412 3136 vitam
1421 3073 1848 3151 eligentibusApostolicmn
1916 3081 1929 3086 “

1054 3172 1209 3235 convenit
1229 3172 1346 3234 adesse
1370 3171 1631 3249 praesidiumue
1651 3171 1735 3234 forte
1750 3174 1849 3234 cuili-

1053 3271 1108 3334 bet
1120 3269 1320 3332 temeritatis
1331 3269 1486 3330 incursus
1499 3271 1556 3330 aut
1570 3285 1632 3330 eos·
1644 3285 1664 3330 a
1679 3271 1848 3347 proposito

1053 3367 1204 3440 reuocet,
1218 3368 1276 3428 aut
1296 3365 1415 3439 robur,
1425 3366 1518 3444 quod·
1529 3366 1626 3438 absit,
1643 3383 1748 3428 sacrae
1763 3367 1848 3428 reli-

1052 3465 1167 3541 gionis·
1184 3463 1356 3539 inlbingat.
1373 3463 1574 3540 eapropter,
1591 3463 1702 3526 dilecti
1727 3465 1762 3526 in
1777 3467 1847 3525 Do-

1054 3563 1143 3623 mino
1159 3561 1231 3634 ulii,
1244 3561 1363 3622 vestris
1374 3561 1476 3637 justis
1491 3560 1849 3637 postulationibusole-

1054 3659 1180 3720 menter
1194 3657 1373 3719 annuimus
1382 3656 1602 3733 etpraesatum·
1611 3659 1848 3720 monasterium

1055 3756 1184 3816 Sanctae
1204 3753 1264 3815 Dei
1279 3754 1457 3815 Genitricis
1469 3754 1661 3830 etVirginis
1676 3757 1795 3816 Mariae
1807 3755 1848 3816 de

1053 3850 1245 3926 arnaburg,
1277 3851 1312 3910 in
1342 3865 1407 3927 quo
1435 3851 1550 3912 divino
1579 3852 1663 3913 estis
1688 3851 1847 3929 obsequio

1053 3948 1243 4026 mancipati,
1260 3947 1321 4008 sub
1336 3947 1425 4010 beati
1440 3947 1532 4008 Petri
1544 3950 1576 4008 et
1590 3948 1703 4009 nostra
1713 3950 1846 4026 proteo-

1055 4047 1142 4110 tiona
1156 4044 1367 4120 suscipimus,
1383 4044 1417 4105 et
1427 4045 1602 4120 praesentis
1617 4045 1731 4122 scripti
1748 4046 1849 4122 privi-

1054 4143 1140 4216 legio
1155 4141 1407 4202 communimus.

1093 4241 1132 4299 ln
1156 4237 1272 4314 primis
1299 4236 1461 4313 siquidem
1483 4236 1684 4308 statuentes,
1707 4238 1744 4299 ut
1765 4237 1845 4299 ordo

1054 4333 1267 4403 monasticus,
1287 4332 1344 4410 qui
1372 4331 1553 4392 secundum
1577 4335 1680 4394 Deum
1702 4334 1735 4395 et
1759 4332 1848 4396 beati

1054 4429 1225 4493 Benedicti
1240 4428 1390 4506 regulam
1403 4429 1502 4506 atque
1521 4429 1761 4492 institutionem
1770 4431 1847 4492 Cis·

1053 4527 1268 4590 terciensium
1289 4527 1430 4588 fratrum
1454 4527 1488 4586 in
1508 4526 1624 4588 eodem
1646 4528 1848 4590 monasterio

1054 4626 1225 4688 institutus
1238 4639 1311 4684 esse
1323 4623 1540 4699 dignoscitur,
1548 4623 1848 4698 perpetuisibidem

1054 4720 1257 4797 temporibus
1272 4719 1511 4782 inviolabiliter
1526 4719 1729 4780 observatur.
1756 4723 1850 4782 Prae-

205 4827 334 4889 dilecti
345 4825 460 4886 filiis...
473 4823 582 4884 abbati
593 4821 810 4884 etconventui
820 4821 861 4882 de
870 4820 999 4881 Follina
1053 4815 1849 4895 tereaquascumquepossessiones,quaecumque

205 4920 569 4986 Cisterciensisordinis
582 4919 766 4982 salutemet
781 4917 999 4996 apostolicam
1053 4914 1139 4976 bona
1163 4914 1253 4974 idem
1274 4912 1512 4974 monasterium
1537 4911 1572 4972 in
1594 4913 1848 4989 praesentiarum

203 5018 478 5083 benedictionem.
1050 5015 1140 5090 juste
1154 5027 1193 5072 ac
1208 5009 1373 5072 canonice
1385 5008 1542 5086 possidet,
1568 5009 1626 5070 aut
1647 5010 1682 5070 in
1702 5009 1849 5072 futurum

244 5117 426 5179 cumillius
439 5116 547 5177 locum
563 5114 641 5176 licet
653 5113 808 5174 immeriti
824 5113 998 5174 teneamus
1054 5108 1269 5170 concessione
1286 5105 1490 5183 pontificum,
1522 5106 1699 5181 largitione
1733 5122 1850 5183 regum

203 5214 364 5286 interris,
382 5213 439 5290 qui
454 5228 522 5272 non
535 5212 586 5273 est
595 5213 683 5272 Deus
696 5209 926 5281 dissensionis,
940 5209 997 5270 sed
1054 5206 1106 5269 uel
1122 5205 1320 5282 principum,
1337 5201 1505 5264 oblatione
1520 5202 1677 5271 fidelium,
1694 5219 1753 5264 seu
1774 5205 1850 5264 aliis

202 5315 307 5392 pacis,
334 5311 386 5372 his
407 5324 468 5371 nos
483 5307 639 5370 convenit
656 5307 759 5368 robur
771 5306 998 5385 apostolicum
1050 5303 1151 5379 justis
1176 5300 1295 5373 modis,
1319 5300 1497 5377 praestante
1519 5300 1668 5371 Domino,
1697 5300 1850 5375 poteritis

202 5409 361 5472 adhibere
376 5423 449 5484 quae
467 5405 645 5483 aliquando
663 5404 699 5464 in
718 5404 929 5468 contentione
941 5417 999 5464 re·
1054 5397 1206 5476 adipisci,
1222 5397 1318 5458 firma
1340 5395 1435 5459 vobis
1458 5397 1645 5474 vestrisque
1672 5411 1850 5458 successo·

194 5493 300 5571 ducta
314 5504 440 5584 judicio
456 5505 533 5566 sunt
546 5503 600 5565 vel
616 5499 793 5563 concordia
808 5499 996 5562 terminata.
1055 5496 1158 5568 ribus,
1168 5494 1337 5558 etillibata
1351 5494 1578 5571 permaneant.
1596 5495 1633 5554 ln
1646 5491 1765 5568 quibus
1778 5493 1851 5556 haec

202 5605 396 5684 Eapropter,
420 5600 533 5664 dilecti
561 5599 596 5662 in
619 5597 759 5662 Domino
785 5597 858 5670 dlii,
879 5596 999 5659 vestris
1055 5593 1199 5672 propriis
1223 5591 1379 5655 duximus
1403 5589 1573 5654 uocabulis
1606 5590 1851 5667 exprimenda:
