4300 6392
163 348 225 408 aas
429 320 433 332 ’
784 341 1192 403 benesonantem.
1250 383 1253 390 ,
1753 337 1811 398 aaa

162 505 229 584 ipsi
251 507 320 568 tam
339 503 561 582 appellatione
584 517 683 580 quam
709 499 960 578 exceptionibus
1016 501 1137 572 autem
1165 500 1227 561 etc.
1258 500 1376 561 Datum
1404 498 1555 572 viterbii,
1584 497 1701 576 guamo
1735 497 1810 558 idus

163 604 284 666 vestris
296 618 356 680 pro
367 617 426 662 sua
437 601 607 662 voluntate
616 600 821 676 contemptis,
831 614 962 675 proces·
1017 595 1188 668 iebrderii,
1201 596 1411 673 pontificatus
1424 597 1529 658 nostri
1541 611 1630 657 anno
1640 596 1770 672 quarto.

164 701 280 762 serunt
292 701 333 760 ad
350 699 461 760 omnia
477 695 686 774 supradicta;
704 711 806 774 quare
830 695 962 773 petebat

163 795 298 858 illorum
314 809 507 872 processum
518 793 650 854 irritum
667 792 825 863 caudari,
852 793 884 854 et
901 791 962 851 ab·
1349 773 1487 860 LXXX

165 893 251 954 solvi
265 909 324 954 vos
341 908 361 952 a
376 891 535 968 petitione
553 888 669 951 clerici
687 889 871 950 memorati.
893 889 961 949 Nos
1019 910 1070 968 Ad
1094 909 1224 969 sperum
1253 909 1325 969 pam
1352 910 1504 970 civicam
1527 921 1632 983 quam
1659 909 1816 969 dioeces-is

166 990 279 1068 igitur,
288 989 330 1050 iis
338 988 455 1050 staltis
462 988 641 1064 propositis
651 989 685 1048 et
696 985 839 1048 ostensis
847 999 960 1046 coram
1282 1006 1557 1081 menn-nem

166 1087 320 1149 auditore
341 1085 499 1162 predicto
523 1083 656 1160 plenius
674 1081 863 1154 intellectis,
885 1083 962 1159 quia
1317 1125 1351 1183 ¹3
1366 1121 1411 1184 leb
1439 1125 1508 1184 ¹²²⁰

166 1183 317 1245 constitit
334 1176 490 1258 praefatas
514 1179 645 1242 litteras
660 1179 777 1240 tuisse
800 1193 860 1256 per
885 1178 964 1240 ialsi
1416 1171 1421 1184 '
1511 1169 1517 1182 ’

168 1279 413 1356 suggestionem
450 1277 612 1348 obtentas,
643 1264 772 1338 litteras
797 1277 899 1353 ipsas,
930 1277 964 1337 et
1114 1239 1275 1304 [Wartweng
1290 1240 1724 1308 N⁰V⁸⁸¹²h⁸⁵ffi⁸dii¹n¹¹¹b²⁴³d

168 1375 319 1438 habitum
334 1389 448 1435 aarum
462 1373 638 1435 occasione
648 1387 839 1450 processum
852 1371 968 1434 decre·
1021 1356 1094 1430 lpeis
1117 1359 1234 1416 remittit
1248 1357 1415 1416 Vloeiimiiii
1436 1373 1455 1459 θ,
1471 1359 1596 1460 Ψῡρὶἰῑθ
1621 1359 1751 1459 &aaran
1767 1373 1817 1432 lii⁰

169 1473 279 1534 vimus
293 1484 360 1534 nou
374 1471 498 1542 valere,
512 1486 572 1533 vos
587 1469 628 1531 ab
643 1469 850 1547 impetitione
875 1483 965 1546 prae’·
1140 1448 1234 1505 Tem
1252 1448 1364 1504 samm
1377 1445 1506 1506 ⁸⁰¹³⁸¹d¹⁰
1525 1455 1699 1520 ¹¹¹¹P⁰⁸¹¹⁸¹¹³·

64 1640 67 1652 ,
171 1568 231 1632 iatl
259 1569 375 1631 clerici
403 1567 623 1630 absolventes.
650 1569 768 1629 Datum
803 1565 965 1639 viterbii,
1062 1573 1240 1645 Honorius,
1269 1573 1343 1644 stc,
1360 1573 1490 1635 dilectis
1517 1573 1595 1634 tiliis
1630 1571 1668 1635 a.
1700 1573 1819 1650 majori

172 1666 318 1730 secundo
332 1681 439 1729 nonas
453 1664 626 1736 februarii,
643 1661 967 1742 pontificatusnostri
1022 1670 1210 1747 praeposito,
1231 1673 1264 1731 et
1278 1675 1316 1731 A.
1332 1672 1471 1748 majoris
1493 1669 1644 1733 ecclesiae
1659 1672 1820 1732 canonico

165 1774 261 1826 anno
276 1763 405 1840 cuano.
1022 1767 1056 1826 et
1067 1769 1102 1826 Β.
1120 1768 1232 1828 Sancti
1249 1767 1338 1828 Petri
1360 1769 1499 1839 custodi,
1514 1770 1662 1844 Argent,
1679 1769 1820 1830 salutem

491 1881 650 1972 LXXIX
1023 1864 1056 1925 et
1067 1863 1282 1940 apostolicam
1293 1863 1568 1927 benedictionem.

963 2021 969 2033 ,
1063 1959 1226 2022 Exhibitus
1236 1961 1329 2022 nobis
1341 1977 1383 2023 ex
1396 1964 1490 2038 parte
1498 1962 1699 2024 venerabilis
1708 1962 1822 2024 iratris

171 2023 391 2096 Adprwrem
404 2019 797 2178 θΐδῖθῖξῖἑῖζέἓῑξαίθη
810 2021 969 2082 Momm
1023 2039 1130 2119 nostri
1141 2058 1395 2133 argentinensis
1411 2059 1557 2136 episcopi
1578 2063 1611 2120 et
1626 2059 1822 2122 dilectorum

1024 2154 1169 2214 illiorum
1191 2155 1272 2216 cleri
1295 2158 1395 2232 atque
1426 2157 1494 2218 tam
1528 2156 1684 2226 civitatis,
1724 2173 1823 2235 quam

473 2229 508 2287 ¹⁰
519 2227 574 2286 seb·
589 2229 669 2287 ¹²²⁰·
840 2325 843 2332 ,
1024 2251 1177 2312 dioecesis
1187 2253 1451 2328 argentinensis,
1466 2254 1585 2315 litterae
1597 2253 1821 2326 continebant,

212 2331 774 2440 [Βοςοα.,ὶὼ.1ν,ῗρ.θ57.υεε.ιενοπω
791 2334 825 2384 ‘¹1¹
836 2335 930 2399 risit]
1025 2349 1111 2424 quod
1126 2365 1166 2410 eo
1181 2351 1390 2426 suggerente,
1406 2349 1461 2428 gui
1474 2351 1571 2412 bonis
1587 2351 1761 2413 consuevit
1772 2367 1824 2412 ac·

173 2438 479 2512 stautuuouodoam,
491 2453 541 2513 pro
550 2440 754 2498 nonachorum
764 2441 970 2499 sustentatione
1024 2445 1112 2508 tibus
1127 2448 1288 2518 invidere,
1305 2455 1325 2508 a
1340 2449 1487 2523 tempore
1498 2447 1637 2509 concilii
1650 2450 1819 2524 generalis

194 2527 312 2603 provide
327 2527 443 2597 lactum,
455 2529 623 2586 crebritate
633 2529 795 2600 apostolica
810 2529 968 2586 mndrmat.
1025 2545 1155 2619 guerris
1177 2545 1343 2605 continuis
1371 2545 1518 2620 regionis
1539 2541 1653 2607 afflicti
1675 2546 1824 2622 graviter

215 2645 392 2714 Honorius,
420 2644 496 2715 etc„
510 2643 640 2706 dilectis
669 2643 784 2705 tiliis...
810 2646 914 2720 priori
939 2645 972 2706 et
1026 2643 1059 2702 et
1077 2641 1238 2718 oppressi,
1264 2655 1303 2703 ac.
1330 2643 1414 2702 alias
1440 2641 1568 2718 rapinis
1594 2643 1626 2704 et
1654 2643 1820 2704 incendiis

176 2741 357 2803 conventui
373 2739 566 2802 monasterii
580 2742 692 2804 Sancti
707 2740 857 2802 Medendi
871 2743 972 2802 Sues·
1026 2737 1253 2815 multipliciter
1280 2738 1438 2811 lacessiti,
1460 2739 1587 2800 tantam
1610 2741 1821 2802 sterilitatem

179 2839 322 2909 sionem,
341 2837 492 2910 salutem,
505 2839 567 2900 etc.
1026 2837 1061 2896 in
1077 2851 1165 2898 anno
1176 2836 1341 2898 sustinere
1357 2837 1524 2911 praesenti,
1540 2837 1625 2914 quod
1639 2839 1740 2898 vitam
1754 2837 1824 2899 ino-

219 2933 309 2995 Solet
323 2949 471 2996 annuere
486 2936 589 2996 Sedes
603 2937 792 3012 apostolica
806 2937 870 3014 piis
885 2937 971 2998 votis
1027 2949 1101 3009 pem
1117 2931 1316 2996 deducentes
1329 2935 1387 2995 vix
1407 2933 1534 3010 possint
1549 2933 1590 2994 de
1612 2935 1659 2995 tot
1678 2933 1821 2996 calami-

180 3032 215 3093 et
242 3031 390 3092 honestis
415 3033 596 3107 petentium
620 3031 795 3094 desideriis
824 3033 971 3095 savorem
1025 3025 1149 3088 tatibus
1182 3027 1360 3104 respirare.
1397 3028 1491 3090 Unde
1524 3027 1619 3090 nobis
1656 3043 1700 3090 ex
1730 3033 1824 3104 parte

175 3127 372 3188 benevolum
381 3127 557 3204 impertiri.
571 3131 762 3206 Eapropter,
775 3129 887 3191 dilecti
898 3113 970 3202 ciii,
1027 3124 1199 3186 memorati
1213 3124 1293 3185 cleri
1309 3139 1369 3201 per
1382 3141 1442 3186 vos
1453 3123 1590 3186 dilectos
1602 3125 1688 3185 tilios
1700 3129 1738 3186 A.
1754 3138 1822 3186 ma·

177 3225 297 3286 vestris
319 3225 473 3301 precibus
496 3227 691 3299 annuentes,
714 3239 872 3303 personas
891 3243 971 3288 ves·
1023 3222 1108 3298 joris
1123 3223 1272 3284 ecolesiae
1286 3224 1536 3294 canonicum,et
1550 3225 1585 3283 Β.
1603 3224 1716 3283 Sancti
1731 3221 1820 3284 Petri

175 3320 258 3390 tras,
288 3321 321 3380 et
345 3317 583 3380 monasterium
607 3320 645 3384 in
669 3329 733 3396 quo
758 3319 870 3382 divino
890 3321 971 3382 estis
1028 3319 1199 3380 custodem
1211 3320 1498 3394 argentinensem,
1508 3319 1548 3380 ad
1563 3319 1825 3395 bocspecialiter

175 3415 333 3492 obsequio
360 3415 550 3492 mancipati,
580 3432 654 3477 oum
683 3418 835 3478 omnibus
861 3417 969 3490 bonis,
1029 3415 1824 3493 destinatosluithumilitersupplicatum,utcunl

176 3527 251 3588 quae
263 3513 298 3572 in
308 3511 814 3589 praesentiarumrationabiliter
826 3515 973 3591 posside
1027 3516 1161 3590 propter
1175 3513 1347 3590 praemissa
1362 3516 1395 3574 et
1405 3514 1471 3574 alia
1482 3513 1717 3590 impedimenta
1727 3516 1825 3591 Juxta

176 3610 230 3681 tis,
245 3611 303 3670 aut
324 3609 358 3669 in
374 3605 521 3671 futurum
537 3612 637 3686 justis
655 3613 772 3683 modis,
794 3615 972 3689 praestante
1027 3609 1158 3686 praefati
1168 3610 1291 3671 statuta
1301 3610 1440 3670 concilii
1455 3610 1649 3671 vicesimam
1663 3626 1730 3670 uon
1745 3626 1824 3687 per·-

175 3706 326 3779 Domiuo,
344 3706 494 3783 poteritis
517 3703 672 3783 adipisci,
686 3709 747 3769 sub
769 3712 805 3769 B.
830 3710 919 3771 Petri
941 3711 973 3772 et
1027 3707 1199 3778 solverint,
1231 3723 1271 3767 ac
1295 3708 1401 3769 velint
1419 3707 1454 3768 in
1481 3708 1823 3784 recompensationem

174 3804 290 3864 nostra
326 3803 532 3880 protectione
563 3805 772 3882 suscipimus.
790 3809 896 3878 Quum
911 3823 973 3868 au·
1028 3803 1132 3880 ipsius
1146 3805 1270 3865 certam
1283 3805 1413 3866 solvere
1426 3805 1576 3880 pecuniae
1591 3806 1820 3881 quantitatem,

176 3901 254 3971 tem,
281 3901 366 3962 sicut
389 3901 483 3962 vobis
508 3901 730 3965 referentibus
745 3904 972 3966 intelleximus
1027 3901 1155 3964 scilicet
1171 3902 1472 3963 ducentasmarcas
1487 3902 1823 3976 argenti,secundu1n

173 3997 329 4073 erigente
361 3998 522 4067 utilitate,
547 3999 740 4072 honestate,
776 4015 816 4062 ac
851 4017 971 4063 neces·
1028 3998 1217 4060 mandatum
1227 4002 1374 4061 nostrum
1383 3998 1597 4076 prosubsidio
1606 4001 1824 4060 TerraeSano·

176 4093 273 4156 sttats
302 4095 497 4156 monasterii
526 4097 642 4169 vestri,
674 4097 715 4175 de
743 4099 847 4160 vestri
875 4098 974 4160 abba·
1026 4097 1081 4168 tae,
1097 4111 1139 4157 ne
1156 4097 1321 4157 sententia
1337 4093 1689 4156 excommunicationis
1711 4093 1744 4155 in
1761 4096 1823 4156 do-

174 4190 218 4252 tis
238 4205 390 4262 assensu,
415 4191 578 4252 duxeritis
604 4194 825 4266 statuendum,
851 4197 888 4256 ut
913 4211 972 4272 pro
1026 4194 1173 4254 teniores
1188 4193 1293 4269 ipsius
1309 4193 1476 4254 vicesimas
1496 4193 1704 4270 promulgata
1719 4192 1823 4268 ligen-

175 4286 323 4347 vestibus
351 4289 384 4348 et
412 4287 488 4347 aliis
515 4289 686 4362 honestis,
712 4293 745 4352 st
770 4293 972 4354 necessariis
1026 4292 1091 4362 tur,
1108 4290 1283 4367 providere
1298 4290 1339 4352 de
1365 4290 1569 4366 benignitate
1597 4291 1691 4353 sedis
1717 4293 1824 4367 Apos-

175 4383 292 4444 usibus
305 4384 426 4444 vestris
441 4386 614 4446 annuatim
628 4389 711 4448 certi
726 4388 874 4464 ejusdem
895 4407 971 4450 mo·
1026 4387 1135 4450 tolicae
1154 4388 1381 4464 dignaremur.
1406 4390 1474 4450 Nos
1496 4389 1599 4464 igitur
1618 4389 1725 4465 ipsius
1742 4389 1822 4450 cleri

174 4481 316 4542 casterii
331 4480 479 4542 redditus
504 4481 712 4560 deputentur,
737 4488 771 4546 et
792 4487 878 4562 quod
904 4487 973 4548 tant
1027 4485 1196 4547 miseriam
1210 4486 1470 4548 misericorditer
1479 4487 1687 4558 miserantes,
1701 4489 1736 4548 et
1744 4501 1824 4564 pane

175 4576 325 4653 praedictt
351 4594 450 4654 quam
474 4579 607 4656 quidam
633 4580 692 4641 alii
717 4581 865 4644 redditus
889 4598 971 4660 quos
1028 4583 1148 4660 portati
1159 4584 1406 4660 compatientes,
1421 4584 1526 4661 ipsius
1537 4583 1681 4646 oblatam
1692 4599 1751 4661 per
1762 4599 1823 4647 vos

174 4674 314 4742 emistis,
334 4689 477 4736 necnon
501 4677 719 4752 quarumdam
738 4680 923 4753 vinearum,
940 4682 974 4743 et
1026 4685 1065 4742 it.
1090 4683 1173 4743 etB.
1200 4681 1340 4743 nuncios
1363 4683 1539 4758 pecuniam
1565 4683 1820 4758 acceptavimus,

175 4770 316 4832 aliarum
330 4773 576 4846 possessionum
589 4777 769 4851 proventus
783 4777 972 4850 collativo·
1027 4779 1134 4840 eidem
1162 4780 1316 4856 episcopo
1345 4779 1468 4840 nostris
1496 4779 1612 4841 dantes
1638 4779 1759 4842 litteris
1788 4781 1822 4841 in

174 4865 381 4943 bis,pietatis
395 4868 717 4947 intuitu,provestri
737 4873 918 4936 reiectione
933 4891 972 4937 ac
1027 4877 1221 4953 preceptis,
1249 4876 1286 4937 ut
1313 4873 1405 4938 viros
1432 4877 1570 4938 idoneos
1603 4878 1635 4938 et
1663 4877 1821 4940 honestos

174 4963 251 5024 aliis
274 4966 474 5026 necessariis
499 4967 659 5044 deputati,
691 4970 726 5030 in
749 4971 859 5032 nullos
892 4987 972 5033 usus
1027 4973 1220 5035 decivitate
1241 4987 1282 5036 ac
1304 4973 1439 5036 dioecesi
1465 4973 1667 5050 supradictis
1695 4975 1822 5053 eligere

175 5059 260 5122 aiios
285 5062 541 5136 transferantur,
577 5081 638 5126 nos
667 5068 828 5129 statutum
854 5069 973 5146 liujus
1003 5119 1004 5124 ,
1027 5071 1157 5132 studeat
1172 5072 1365 5143 sinemora,
1386 5073 1442 5149 qul
1459 5070 1674 5134 facultatibus
1696 5074 1822 5134 statiis

40 5227 46 5244 ‚
175 5157 276 5227 modi,
293 5158 379 5220 siout
409 5159 547 5235 provide
567 5177 607 5224 ac
627 5163 753 5225 utiliter
772 5164 970 5237 factumest,
1027 5167 1285 5231 circumstantiis
1299 5167 1538 5246 ipsiusclerici
1553 5163 1748 5244 diligentius
1763 5171 1820 5231 in-

174 5255 209 5316 st
229 5254 264 5315 in
288 5253 446 5316 coniectis
472 5257 594 5320 exinde
622 5259 743 5322 litteris
767 5264 970 5336 continetur,
1026 5265 1156 5340 degatis
1169 5269 1288 5329 taxare
1311 5267 1475 5337 studeant,
1499 5265 1576 5342 quid
1601 5265 1823 5328 desolatione

173 5351 371 5414 auctoritato
380 5353 570 5430 Apostolica
585 5356 821 5419 confirmamus
839 5362 872 5421 et
886 5377 974 5437 praa·
1026 5362 1132 5438 ipsius
1147 5363 1298 5440 pecuniae
1311 5365 1480 5440 contingat
1496 5361 1676 5440 quemlibet
1686 5377 1823 5424 eorum-⁶

174 5449 279 5510 sentis
289 5449 404 5524 scripti
415 5450 601 5525 patrocinio
612 5455 864 5516 communimus.
880 5457 971 5518 Nulli
1026 5459 1110 5519 dem.
1137 5460 1292 5537 Idemque
1316 5462 1406 5538 ipsos
1427 5463 1516 5522 inira
1539 5460 1725 5538 quindecim
1750 5461 1838 5522 dies'

174 5559 266 5620 ergo,
278 5545 453 5618 etc.,banc
463 5549 619 5624 paginam
629 5553 974 5627 nostraaprotectionis
1026 5557 1100 5632 post
1109 5555 1331 5632 receptionem
1341 5557 1702 5634 praesentium,sublato
1713 5561 1821 5635 cujus·

173 5644 208 5702 at
234 5642 497 5705 confirmationis
520 5645 716 5723 intringere,
743 5653 806 5711 etc.
833 5650 868 5711 si
896 5651 971 5726 quis
1025 5652 1106 5713 libet
1118 5653 1391 5716 contradictionis
1406 5659 1439 5716 et
1460 5655 1693 5732 appellationis
1709 5655 1823 5718 obsta-

318 5796 432 5838 riraol.
453 5797 526 5840 rinna
545 5787 594 5842 lll.
1647 5797 1679 5852 irl
