4300 6392
304 277 362 338 499
922 275 1097 337 HONORII
1120 277 1164 336 111
1185 277 1331 338 OPERA.
1891 277 1950 338 500

300 438 517 500 transmisisti
545 439 586 499 ad
615 439 725 516 partes
753 439 1006 510 transmarinas,
1034 443 1095 513 per
1151 435 1365 512 pertransire,
1404 437 1616 512 praesentium
1652 433 1712 495 tibi
1747 431 1949 497 auctoritaie

304 535 424 598 tratres
452 533 580 597 militiae
618 537 756 613 Templi,
792 535 951 598 tredecim
991 535 1096 596 millia
1152 534 1357 604 maneamne,
1384 533 1545 610 quatenus
1570 533 1728 593 statutum
1750 533 1941 609 hujusmodi

303 647 490 696 marcarum
503 635 644 710 argenti,
661 635 748 695 sicut
759 649 819 710 per
832 633 906 695 tuas
919 633 1014 694 nobis
1034 632 1094 693 lit-
1152 629 1282 706 publice
1314 629 1514 690 denuntians
1542 629 1674 689 irritum
1708 627 1742 689 31
1769 630 1881 699 inane,
1909 645 1949 692 ac

303 730 393 792 teras
406 729 577 798 intimasti,
595 745 694 807 quum
708 733 819 792 tamen
832 745 933 808 super
955 731 1018 792 boc
1034 744 1097 790 nec
1152 726 1306 788 inhibens
1319 727 1402 804 ipsis
1414 725 1572 801 anglicis,
1584 741 1627 786 ne
1640 725 1693 786 131
1706 723 1872 787 inhaerere
1885 726 1946 797 illi,

304 827 376 898 tibi,
390 841 452 888 nec
472 828 542 899 alii,
559 827 693 905 aliquod
715 828 948 889 demandatam
973 827 1097 888 leceri—
1152 824 1204 885 131
1220 824 1328 884 simile
1342 824 1382 884 de
1399 825 1520 885 cetero
1545 819 1709 884 attentare
1732 825 1946 899 praesumant.

305 939 390 995 mus,
406 941 604 1001 quamquam
620 925 660 985 de
676 928 789 986 nostro
810 926 910 988 luerit
934 925 1097 1002 benepla-
1153 917 1946 997 Η1113111131133331311333,33113311133333133-

306 1021 372 1082 cito
397 1022 483 1099 quod
515 1022 598 1083 citra
626 1035 718 1084 mare
746 1023 934 1084 deterretur
969 1023 1097 1098 Angliae
1154 1019 1208 1079 tiae
1221 1019 1338 1079 merita
1350 1017 1586 1094 suffragantur,
1598 1016 1772 1078 denunties
1783 1016 1824 1077 ad
1836 1017 1951 1080 eccle-

305 1118 463 1178 vicesima
486 1119 518 1181 31
542 1132 644 1196 penes
670 1122 702 1182 te
732 1119 873 1182 tideliter
896 1121 1096 1190 servaretur,
1154 1115 1308 1176 siasticas
1324 1113 1514 1191 dignitates,
1532 1113 1561 1174 si
1585 1113 1682 1176 electi
1698 1114 1859 1176 canonice
1873 1113 1949 1176 lue-

306 1215 566 1278 doneonostram
576 1215 637 1278 tibi
652 1217 898 1294 aperuissemus
913 1218 1098 1294 opportuno
1152 1213 1231 1280 rint,
1249 1210 1353 1273 libere
1368 1211 1599 1273 admittendos.

306 1313 726 1388 temporevoluntatemut
736 1315 869 1392 quidem
885 1331 985 1393 quum
996 1315 1098 1374 Terra
1192 1311 1311 1370 Datum
1332 1308 1418 1386 apud
1439 1307 1561 1370 Urbem
1583 1307 1747 1378 Veterem,
1775 1307 1851 1368 Vlll
1875 1307 1949 1368 idus

307 1410 464 1486 praedicta
480 1411 668 1486 competens
681 1427 700 1472 a
714 1412 808 1472 nobis
823 1413 994 1488 bucusque
1010 1425 1100 1471 rece·
1153 1407 1296 1482 augusti,
1314 1405 1525 1482 pontillcatus
1540 1405 1645 1466 nostri
1658 1419 1747 1465 anno
1760 1403 1885 1481 quinto.

308 1507 411 1583 pisset
425 1507 619 1580 subsidium,
634 1511 667 1570 31
686 1523 746 1586 pro
769 1511 971 1570 necessitate
990 1509 1111 1584 ipsius·

308 1605 579 1666 evacuaverimus
607 1621 772 1668 cameram
808 1609 967 1678 nostram,
1003 1621 1098 1665 suum
1516 1557 1588 1641 XV

308 1701 438 1762 33313113
457 1704 600 1780 negotiis
615 1705 841 1780 praeferentes
868 1718 935 1765 non
958 1703 1100 1780 expedi·
1193 1683 1245 1742 Aa
1261 1681 1472 1756 miiitum
1496 1680 1661 1741 Jacoeem
1682 1683 1905 1758 capadocum.

307 1799 402 1862 verat
413 1800 605 1862 vicesimam
619 1801 813 1874 sicelltmdi,
832 1817 874 1863 ne
889 1817 963 1862 cum
980 1816 1100 1860 neces·
1431 1794 1446 1850 7
1466 1797 1580 1865 sugast.
1598 1791 1678 1849 1110.

308 1896 433 1957 surium
449 1897 492 1959 sit
504 1898 661 1976 frequens
674 1899 838 1960 auxilium
854 1899 895 1960 ad
910 1897 1099 1975 hujusmodi
1264 1895 1395 1964 stisiam,
1405 1899 1469 1948 1133.
1479 1897 1583 1948 idibem.
1594 1902 1620 1947 31
1635 1897 1742 1955 Scolon,
1754 1911 1779 1961 p.
1789 1897 1839 1960 le]

309 1995 477 2070 negotium
503 1997 772 2073 promovendum,
808 2013 875 2058 non
903 1994 1100 2056 habentibus
1156 1995 1255 2054 Eidem
1275 1997 1382 2070 legato,
1402 2003 1433 2054 ut
1460 2010 1577 2054 causam
1606 1995 1708 2068 prioris
1735 2003 1764 2052 et
1792 2002 1949 2052 conventus

309 2091 406 2152 nobis
418 2094 504 2154 unde
516 2109 687 2170 POSgemus
698 2096 761 2157 hoc
772 2095 893 2166 facere,
903 2092 995 2154 multi
1007 2107 1101 2168 pepu.
1215 2086 1310 2142 Sancti
1326 2083 1448 2142 Andreae
1462 2083 1498 2142 de
1509 2085 1602 2142 Scotto
1619 2083 1754 2141 audiatet
1765 2082 1887 2140 decidat.

307 2191 418 2252 131331
433 2205 492 2252 nos
507 2189 693 2254 inconsulte
706 2192 883 2270 plurimum
896 2192 959 2252 boc
979 2190 1098 2266 egisse.
1132 2257 1133 2262 ἵ
1195 2192 1361 2254 Η31131113
1372 2193 1557 2270 episcopus,
1568 2206 1864 2253 servusservorum
1875 2193 1946 2264 Dei,

349 2289 454 2358 Quum
470 2288 579 2349 autem
601 2290 810 2351 contineatur
830 2291 866 2350 in
893 2286 1102 2351 transmissis
1155 2289 1275 2352 dilecto
1299 2289 1368 2352 lilio
1391 2291 1549 2366 magistro
1572 2287 1891 2365 Jacob0,capellano
1915 2289 1948 2349 31

309 2383 562 2459 adnoslltteris
580 2387 658 2457 tuis,
676 2386 707 2448 te
728 2387 787 2448 illa
809 2385 969 2449 tredecim
995 2383 1101 2446 millia
1155 2387 1403 2464 poenitentiario
1443 2389 1575 2459 nostro,
1612 2385 1811 2463 Apostolicae
1850 2384 1944 2446 Sedis

308 2494 494 2543 marcarum
507 2485 636 2561 argenti
652 2499 695 2546 ex
710 2486 825 2547 nostro
841 2485 1006 2562 praecepto
1020 2483 1102 2542 mis·
1155 2485 1276 2559 legato,
1292 2483 1443 2553 salutem,
1466 2484 1528 2545 etc.

309 2580 403 2652 sisse,
420 2581 574 2642 volumus
588 2582 785 2644 auctoritate
798 2581 859 2643 tibi
886 2579 1100 2658 praesentium
1195 2586 1245 2644 Ex
1259 2585 1354 2660 parte
1369 2582 1564 2643 dilectorum
1582 2581 1764 2643 dliorum...
1779 2579 1901 2657 prioris
1916 2581 1950 2641 et

309 2678 533 2754 injungentes,
568 2680 604 2741 ut
628 2678 756 2742 litteras
789 2679 855 2740 tale
893 2677 1101 2740 continentes
1156 2679 1337 2741 conventus
1366 2679 1479 2740 Sancti
1508 2679 1648 2740 Andreae
1675 2677 1716 2740 de
1747 2677 1858 2739 Scotia
1886 2674 1951 2738 tuit

308 2777 509 2852 praeceptum
525 2776 566 2837 ad
580 2777 725 2838 nostram
742 2777 875 2838 studeas
888 2773 1102 2853 praesentiam
1134 2829 1137 2839 .
1156 2777 1251 2848 uobis
1264 2775 1434 2838 humiliter
1449 2776 1681 2852 supplicatum,
1695 2775 1813 2836 uicum
1825 2773 1948 2835 adver-

309 2871 488 2933 destiuare.
516 2873 677 2934 Caeterum
712 2873 907 2935 discretioni
940 2871 1008 2934 tuae
1043 2884 1102 2947 per
1156 2891 1249 2935 sus...
1266 2875 1456 2951 episcopum
1472 2889 1568 2934 suum
1582 2873 1614 2934 et
1626 2871 1784 2951 quosdam
1808 2871 1949 2932 clericos

309 2967 497 3046 Apostolica
540 2971 663 3046 scripta
702 2969 842 3032 firmiter
878 2967 1101 3046 praecipiendo
1156 2971 1196 3032 de
1210 2973 1242 3032 S.
1259 2971 1391 3032 Andrea
1406 2971 1462 3048 qui
1478 2969 1614 3031 Keledei
1630 2968 1813 3045 vulgariter
1827 2968 1939 3045 appel·
1992 3005 2003 3014 -

309 3063 515 3139 mandamns,
537 3068 699 3144 quatenus
723 3067 808 3128 nihil
832 3067 1037 3128 transmittas
1061 3065 1101 3137 de
1135 3060 1139 3072 '
1157 3069 1332 3141 lentur,ac
1347 3053 1505 3144 magistro
1519 3069 1559 3128 Η.
1574 3068 1614 3128 13
1629 3065 1831 3131 Meleburne.
1844 3066 1959 3128 Adam

309 3165 429 3226 caetero
444 3163 485 3225 de
494 3164 664 3237 vicesima,
675 3165 730 3227 131
741 3164 781 3225 13
792 3164 868 3225 31113
878 3163 920 3224 ad
930 3175 991 3224 nos
1002 3176 1101 3238 spec·
1157 3165 1309 3228 Ovidium
1322 3166 1354 3226 et
1366 3165 1470 3226 Adam
1485 3162 1525 3225 de
1541 3167 1647 3225 Scene
1660 3179 1698 3224 ac
1714 3163 1893 3224 Heuricum
1907 3161 1963 3222 da.
2084 3212 2087 3218 ,

308 3259 465 3333 tantibus,
482 3259 640 3338 quidquid
655 3274 755 3336 super
768 3259 890 3321 talibus
903 3258 963 3321 tibi
982 3257 1100 3318 bacte-
1157 3262 1270 3324 Weles
1297 3263 1331 3324 et
1358 3266 1468 3337 Roger
1495 3261 1535 3322 de
1571 3259 1764 3322 Huntinteld
1796 3258 1947 3328 clericos,

308 3374 371 3426 nus
386 3357 664 3428 mandaverimus,
688 3355 755 3422 nisi
780 3357 820 3418 de
846 3371 931 3416 11313
958 3370 977 3416 3
1006 3354 1102 3416 nobis
1157 3369 1324 3420 necnon...
1354 3359 1543 3436 episcopum
1572 3359 1641 3419 et...
1677 3357 1949 3418 archidiaconum

309 3469 409 3530 super
428 3455 491 3516 boc
517 3454 707 3518 mandatum
748 3453 915 3529 reciperes
944 3452 1099 3528 speciale.
1157 3455 1434 3529 Dumblanensem
1450 3457 1518 3516 et...
1531 3454 1675 3534 priorem
1691 3453 1731 3515 de
1748 3455 1837 3525 Man,
1854 3457 1890 3514 1).
1908 3453 1964 3514 da.

309 3553 427 3612 Datum
459 3551 545 3627 apud
577 3551 697 3624 Urbem
725 3551 890 3622 1131313111,
921 3552 995 3612 Vlll
1025 3549 1101 3610 idos
1157 3553 1400 3621 Pertmilitem,
1418 3549 1761 3628 HugonamdeNidin
1777 3549 1949 3612 311131111-

308 3648 452 3724 augusti,
474 3649 701 3726 annoquinto.
1158 3667 1232 3713 cum
1259 3649 1428 3710 dominum
1455 3649 1495 3710 de
1522 3649 1700 3721 lncbetort,
1731 3651 1766 3709 et
1792 3647 1950 3724 quosdam

1157 3747 1242 3809 alios
1258 3747 1397 3808 clericos
1409 3748 1441 3807 et
1452 3745 1555 3806 laicos
1566 3745 1678 3807 Sancti
1690 3744 1831 3808 Andreae
1842 3743 1950 3804 Aber-

662 3807 755 3902 X-IV
1158 3845 1314 3905 dunensis
1330 3845 1362 3906 et
1378 3843 1632 3904 Dumblanensis
1652 3840 1831 3902 dioecesum
1853 3855 1952 3917 super

348 3943 399 4003 lid
422 3941 633 4019 naptarum
648 3944 810 4003 Jccobune
832 3943 1056 4015 capellanum.
1158 3941 1318 4013 ecclesiis,
1328 3938 1605 4019 possessionibus,
1617 3937 1843 4018 pensionibus,
1857 3937 1954 3999 aliis-

585 4053 824 4128 congustum.
1158 4055 1221 4116 que
1242 4037 1436 4110 redditibus,
1453 4037 1671 4108 libertatibus,
1689 4035 1835 4113 praediis,
1859 4050 1965 4112 prae-r

409 4162 537 4227 sphgw,
553 4161 620 4212 qo„
637 4161 738 4212 ffiqm,
750 4166 776 4210 ,q
787 4161 894 4217 Scotor,
909 4173 935 4224 p,
950 4157 1000 4223 pq]
1156 4133 1284 4209 bondis,
1299 4135 1408 4206 terrie,
1424 4131 1633 4204 molendinis
1646 4135 1723 4209 jure
1744 4131 1949 4209 patronatus,

308 4259 390 4321 Sedis
412 4259 584 4334 apostolice
606 4259 713 4332 legato,
738 4265 769 4316 11
794 4259 922 4330 iniquum
945 4256 1104 4328 anglorum
1158 4233 1336 4310 inlectiffle
1363 4242 1520 4291 manuum
1546 4229 1692 4290 ἾΪΟῙθῐὶῖθ
1728 4229 1762 4288 in
1791 4227 1950 4305 ll¹¹⁰⁸d³m

344 4356 481 4406 statutum
495 4349 532 4405 da
542 4361 599 4403 non
612 4343 794 4404 adrnittendis
810 4343 942 4402 Hibernis
952 4352 1101 4415 quantom-
1158 4330 1315 4407 ipsorum,
1333 4329 1365 4389 31
1378 4327 1476 4389 relius
1489 4327 1566 4387 31113
1582 4325 1781 4402 multiplices
1805 4323 1949 4384 babeant

343 4435 578 4494 vislitteratisad
595 4434 751 4507 dignitates
766 4432 1103 4490 ecclesiasticasomnino
1158 4425 1368 4503 quaestiones,
1385 4439 1485 4502 super
1500 4434 1639 4501 quarum
1655 4421 1851 4500 quibusdam
1873 4421 1951 4481 licet

345 4526 452 4582 irritum
468 4523 593 4580 declarat
606 4529 634 4579 et
649 4521 772 4578 11101111-
1048 4573 1050 4578 .
1158 4523 1299 4584 diversae
1315 4521 1562 4582 commissionis
1574 4519 1693 4588 littera⁴
1708 4535 1728 4580 a
1743 4517 1827 4580 sede
1840 4521 1949 4594 Apos-

349 4626 1102 4708 llonoriusepiscopus,sernusservorumllei,
1158 4620 1258 4682 tolica
1277 4619 1476 4690 emanarint,
1494 4617 1628 4695 propter
1655 4618 1766 4679 tamen
1791 4615 1952 4676 desidiam

310 4733 429 4793 dilecto
450 4729 519 4790 lilio
544 4728 703 4802 magistro
728 4723 852 4788 Jacobo
874 4723 1047 4800 capellano
1072 4726 1105 4785 et
1154 4718 1315 4796 judicum,
1332 4731 1391 4777 seu
1412 4715 1679 4776 adversariorum
1701 4713 1882 4775 versutiam
1892 4715 1951 4790 jus

310 4827 561 4907 poenitentiario·
601 4825 730 4896 nostro,
766 4821 965 4900 spostolicae
1010 4819 1104 4882 Sedis
1159 4831 1254 4876 suum
1270 4812 1430 4874 hactenus
1443 4813 1576 4888 assequi
1591 4811 1823 4889 nequiverunt,
1838 4826 1954 4871 eorum

309 4927 429 5002 legate,
447 4924 598 4994 salutem,
617 4922 678 4983 313.
1159 4912 1334 4992 providere
1344 4911 1413 4987 juri
1426 4907 1554 4988 ‘pariter
1572 4911 1605 4970 et
1621 4909 1735 4986 quieti,
1753 4907 1954 4985 quaestiones

349 5023 507 5086 Pervenit
530 5021 571 5082 ad
593 5019 797 5081 audientiam
822 5018 982 5085 nostram,
998 5032 1103 5094 quos·
1159 5013 1249 5088 ipsas
1261 5009 1318 5070 1113
1334 5008 1481 5069 examini
1497 4998 1740 5077 committenda,
1758 5003 1952 5066 misericor·

309 5125 385 5186 daru
400 5121 557 5197 anglicos
581 5117 740 5178 inauditae
753 5114 954 5178 temeritatis
964 5113 1105 5176 audacia
1160 5107 1245 5169 diter
1260 5107 1485 5182 dignaremur.
1498 5105 1567 5165 Nos
1582 5097 1784 5180 igiturtaut'o
1794 5097 1951 5162 libentius

309 5221 479 5290 statuisse,
505 5219 541 5278 ut
567 5215 679 5276 nullus
708 5212 850 5274 clericus
879 5212 919 5272 de
944 5209 1105 5272 Hibernia
1160 5205 1306 5267 tanmem
1318 5201 1541 5280 apostolicum
1557 5199 1795 5278 impendentes,
1809 5199 1912 5276 priori
1923 5199 1958 5260 et

309 5319 608 5398 quantumcumque
622 5311 787 5374 litteratus
803 5311 836 5372 31
846 5309 1006 5370 honestus
1018 5307 1105 5368 exis·
1161 5301 1319 5365 tratribus
1333 5300 1537 5371 memoratis
1555 5299 1677 5376 quanto
1688 5295 1954 5358 eorumecclesia

309 5417 366 5489 131,
389 5415 430 5476 31
455 5413 602 5490 aliquam
630 5409 823 5486 dignitatem
847 5405 1106 5467 ecclesiasticam
1162 5399 1280 5477 majori
1295 5399 1416 5459 dicitur
1431 5395 1592 5474 religione
1608 5383 1740 5466 llorere,
1758 5392 1954 5454 discretioni

310 5514 508 5576 assumatur.
523 5509 681 5570 Nolentes
698 5507 800 5582 igitur
813 5505 913 5565 tantae
933 5502 1108 5564 temerita-
1163 5500 1226 5559 ura
1243 5511 1301 5574 per
1313 5495 1501 5572 apostolica
1519 5493 1642 5570 scripta
1655 5491 1960 5566 mandamus,qua-

312 5613 353 5672 tis
383 5613 415 5672 31
441 5606 626 5686 iniquitatis
656 5605 795 5666 aluisum
827 5599 936 5661 surdis
972 5598 1107 5661 auribus
1163 5599 1258 5656 tenus
1289 5593 1415 5655 vocatis
1448 5589 1646 5666 supradictis
1681 5591 1714 5650 et
1749 5587 1837 5658 aliis,
1873 5600 1967 5664 quos.
