4250 6404
474 883 652 982 vanno
691 839 913 981 ιιιιιιιι
950 882 1011 981 111
1049 883 1419 982 ἰιιιιιιιιιιι
1441 885 1623 1035 Ιιιιιι

1050 1205 1055 1220 t

881 1239 897 1246 ,,
1020 1239 1078 1263 'MN'

210 1598 366 1672 Postquam
386 1613 403 1656 a
426 1597 576 1660 Theodoro
598 1599 745 1660 comneno
767 1599 887 1658 ιιιιιίι
913 1598 966 1658 Co·
1054 1587 1092 1660 ·Ῐι
1106 1591 1210 1658 mem
1226 1611 1340 1673 quoque
1361 1612 1438 1658 enno
1457 1588 1620 1672 prodigium
1640 1595 1750 1656 naturas
1763 1592 1818 1656 init

174 1688 283 1758 lumna,
295 1685 382 1746 card.
402 1688 574 1760 Apostolicro
593 1687 675 1748 Sedis
695 1689 818 1762 legatus,
833 1687 969 1746 liberatus
1023 1686 1285 1761 qucdv‘regionihus
1307 1687 1406 1746 rusie
1428 1686 1565 1745 damnum
1589 1687 1682 1746 attulit
1701 1685 1814 1744 incudi·

175 1773 286 1844 inisset,
300 1787 367 1832 eum
382 1774 525 1832 lionorius
537 1777 576 1832 iii
591 1775 866 1848 Constantinopolim
880 1775 968 1844 misit,
1022 1780 1094 1832 tum.
1115 1775 1189 1834 ilum
1204 1775 1354 1847 plusquam
1368 1781 1483 1833 centum
1498 1775 1586 1834 miliia
1599 1774 1749 1832 huminum
1762 1789 1815 1847 pe·

175 1868 289 1936 mortuo
302 1860 417 1934 quidem
435 1861 608 1934 imperatore
622 1864 707 1920 Petro
722 1861 771 1935 (de
785 1861 970 1936 courtenay).
1024 1860 1142 1931 aierunt,
1161 1877 1271 1921 oceano
1295 1863 1511 1932 intumescente,
1528 1869 1558 1922 et
1577 1869 1668 1920 terras
1685 1869 1715 1919 et
1730 1861 1818 1920 urbes

174 1951 245 2009 Viro
259 1948 387 2022 provido,
403 1949 527 2023 sapienti
541 1955 570 2006 et
590 1951 749 2020 constanti,
770 1964 844 2023 opus
862 1957 924 2009 erat
941 1951 971 2008 in
1024 1948 1188 2008 invadente.
1205 1950 1296 2022 liuius
1314 1950 1404 2008 cladis
1425 1965 1542 2008 caruem
1561 1949 1658 2008 tribuit
1676 1951 1816 2008 annalista

174 2033 223 2094 his
232 2034 410 2112 regionibus,
426 2035 474 2106 qui
488 2032 605 2093 ιιιιὶιὶι
615 2041 800 2107 componeret
813 2035 887 2092 inter
898 2035 971 2092 Lati·
1024 2037 1177 2110 sacriiegio
1190 2037 1339 2111 cuiusdam
1354 2039 1408 2096 viri
1422 2037 1493 2096 ebrii
1515 2038 1573 2111 qui,
1589 2037 1656 2096 dum
1670 2038 1819 2112 presbyter

173 2139 230 2182 nos
244 2131 274 2182 et
288 2123 415 2192 aracos,
427 2123 617 2182 interclerum
628 2123 784 2180 stolorum.
796 2123 832 2180 iii
847 2135 971 2194 namque
1024 2123 1149 2184 deterret
1165 2132 1377 2184 sacramentum
1396 2125 1517 2183 muliere
1531 2126 1693 2198 aegrotanti,
1708 2124 1817 2186 hostiae

175 2217 335 2270 recentera
349 2210 505 2270 schismate
522 2209 559 2268 ad
573 2209 765 2268 obedientiam
780 2210 902 2268 illiorum
918 2209 968 2268 ad·

175 2299 265 2371 ducti,
280 2314 339 2358 non
355 2306 524 2372 spontanee,
541 2297 684 2357 interdum
703 2297 868 2358 sanationes
881 2312 968 2356 cano-

175 2388 260 2446 nicas
276 2386 453 2462 rejiciebant,
473 2393 503 2446 et
517 2395 621 2446 contra
640 2387 786 2445 stimulum
806 2386 970 2446 recalcitra·

175 2476 256 2536 bant
277 2477 342 2546 iili,-
352 2476 435 2549 qnasi
449 2475 538 2534 armis
551 2481 691 2548 potentes,
705 2473 869 2548 superbiam
883 2473 970 2533 allec·

175 2564 287 2628 ubam
303 2563 384 2624 Unde
397 2562 515 2637 pacifice
528 2562 564 2621 ad
578 2563 713 2634 invicem,
732 2577 790 2622 non
803 2563 883 2622 omni
896 2570 968 2621 tem·

1024 2224 1110 2284 super
1129 2212 1325 2284 pavimentum
1346 2209 1491 2284 dispersit,
1508 2211 1576 2270 dum
1600 2211 1731 2285 pyxidem
1750 2225 1817 2270 curn

1025 2313 1077 2357 suo
1091 2297 1200 2372 scypho
1213 2298 1360 2359 cerevisia
1373 2299 1459 2372 pleno
1472 2299 1622 2372 percussit.

1060 2385 1116 2448 Sed
1130 2387 1224 2446 obitus
1242 2389 1328 2445 etiam
1343 2386 1487 2446 notandus
1504 2385 1625 2446 Othonis
1639 2389 1679 2447 iv
1694 2388 1817 2461 impera·

1025 2475 1104 2544 toris,
1122 2475 1152 2532 in
1169 2476 1402 2548 annovigesimo
1426 2477 1509 2550 regni
1528 2475 1584 2546 eui,
1603 2475 1633 2533 in
1654 2483 1748 2534 castro
1765 2479 1819 2535 iia·

1002 2562 1157 2637 *tersburg
1175 2563 1350 2622 decedentis.
1372 2566 1416 2632 is,
1440 2564 1563 2636 primum
1585 2563 1615 2622 in
1638 2565 1759 2636 imperio
1782 2563 1819 2622 ab

178 2667 249 2728 pere
274 2650 479 2726 regerebant.
509 2649 686 2724 Quapropter
718 2651 828 2712 litterae
861 2651 973 2724 accepit
1026 2652 1182 2709 innocente
1202 2653 1244 2710 iii
1267 2651 1462 2721 confirmatus,
1487 2659 1585 2724 postea
1613 2652 1747 2710 inimicus
1768 2650 1821 2710 iuit
1860 2634 1871 2659 ⁸

177 2742 292 2814 legatus
314 2739 394 2798 omni
415 2739 556 2812 sapientia
578 2738 751 2809 redolentes,
772 2739 802 2798 in
824 2738 927 2812 quibus
945 2739 973 2798 ei
1026 2737 1166 2810 Pontiilei,
1183 2745 1212 2796 et
1229 2745 1319 2796 totam
1338 2739 1450 2798 italiam
1470 2738 1613 2797 debellare
1626 2746 1747 2798 conatus
1764 2746 1818 2797 est.

178 2829 270 2888 multo
286 2827 482 2886 moderamine
495 2826 644 2897 umndum,
660 2841 711 2900 pro
732 2835 861 2901 tempore
875 2834 904 2887 et
915 2827 970 2884 eir·
1026 2827 1095 2897 Qus
1108 2841 1195 2886 eausa
1210 2825 1263 2887 iuit
1275 2827 1580 2886 excommunicationis
1592 2827 1621 2885 in
1635 2827 1730 2900 ipsum
1743 2827 1818 2897 latae,

178 2917 361 2978 oumstantiis
375 2913 506 2974 Pontiiex
524 2915 604 2974 dixit.
622 2915 782 2974 Pienariam
802 2921 972 2988 potestatem
1026 2915 1244 2974 etexoltationis
1257 2913 1400 2974 Frederioi
1411 2917 1439 2974 11
1455 2932 1462 2973 :
1479 2915 1530 2974 iilo
1544 2914 1627 2984 Otho,
1641 2914 1716 2989 apud
1734 2916 1818 2974 Bovi-

179 3007 298 3080 insuper
315 3005 348 3062 oi
369 3003 467 3062 tribuit
491 3004 644 3072 Honorius,
671 3004 719 3076 qui
744 3003 859 3062 aliunde
878 3018 973 3062 rorem
1026 3017 1089 3073 nas,
1109 3017 1175 3062 enm
1189 3005 1301 3063 ioanne
1319 3017 1390 3076 rege
1406 3003 1530 3076 angliae,
1546 3011 1646 3062 contra
1660 3003 1821 3077 Philippum

179 3094 283 3167 gratier
297 3093 327 3150 in
340 3091 480 3166 quosdam
502 3090 611 3161 eiiudit,
630 3099 658 3150 et
676 3091 753 3164 pallii
771 3106 855 3150 usum
874 3091 970 3150 Corin·
1028 3093 1200 3150 Francorum
1215 3106 1316 3165 regom
1330 3092 1482 3166 pugnavit,
1497 3098 1526 3149 et
1541 3091 1626 3150 ambo
1639 3089 1729 3166 fugati
1743 3099 1820 3151 sunt.

179 3182 288 3240 thiensi
316 3180 533 3254 archiepiscopo
565 3181 717 3238 concessit
746 3181 872 3240 Noverat
896 3180 974 3238 enirn
1027 3179 1136 3238 Deinde
1152 3181 1241 3238 vitam
1260 3182 1331 3238 satis
1347 3179 1499 3238 obscuram
1516 3187 1546 3238 et
1563 3180 1751 3253 ingloriosum
1769 3179 1821 3240 de·

180 3271 282 3343 quanti
304 3270 387 3342 pretii
409 3275 486 3327 esset
506 3267 724 3328 adsubsidiunr
745 3269 839 3326 Terrae
863 3268 975 3326 sancus

181 3372 285 3432 pacem
299 3357 424 3438 stabilire
435 3356 644 3432 apudGraecos.
654 3359 754 3430 Neque
769 3357 898 3416 Ponbiici
912 3355 976 3414 dee·

182 3454 229 3506 rat
243 3446 323 3504 zelus
345 3445 448 3504 domus
466 3446 607 3518 Itei,.qao
625 3445 813 3504 vehementer
830 3445 975 3515 incensus,

182 3543 299 3608 propter
317 3534 424 3592 bonum
441 3534 606 3592 animarum
627 3533 699 3592 nihil
717 3547 774 3591 non
796 3532 976 3603 moliebatur,

181 3631 243 3680 tam
263 3622 293 3681 in
310 3622 419 3680 oriente
440 3636 527 3695 quam
548 3623 577 3679 in
598 3621 759 3692 occidente,
778 3622 824 3679 vel
842 3622 873 3678 in
894 3621 978 3679 terris

183 3709 469 3784 septentrionalibus.

220 3796 262 3857 Gi.
273 3805 344 3856 tom.
361 3799 400 3867 ii,
411 3798 465 3855 col.
479 3797 543 3868 iii,
552 3796 601 3854 ubi
611 3796 646 3855 de
656 3795 805 3855 Theodoro
819 3797 976 3858 comneno.

222 3886 286 3944 Aila
304 3885 452 3956 nonnullo,
472 3885 512 3943 ait
530 3884 674 3958 itaynald,
692 3891 775 3944 erunt
795 3885 882 3944 etism
906 3883 976 3948 atie·

185 3973 294 4044 rendae,
302 3987 367 4046 que
376 3975 500 4032 maxime
508 3972 648 4032 pontificii
660 3975 787 4032 muneris
796 3979 872 4031 sunt.
879 3973 980 4033 Οιιιιι-

185 4070 252 4121 ιιιι
272 4061 355 4120 ncbis
369 4061 509 4134 imprimis
528 4075 591 4135 que
605 4061 635 4119 in
650 4061 776 4135 liegesto
788 4063 929 4123 Vaticano
943 4061 979 4120 de

187 4149 380 4224 episcopieab
394 4150 520 4208 Honorio
531 4150 622 4208 sacris
638 4148 850 4209 Ponohcaiibus
862 4150 981 4208 initiatis

188 4238 348 4309 traduntur,
370 4237 417 4295 his
434 4237 529 4296 verbis
551 4253 558 4293 :
584 4241 658 4296 istos
680 4237 813 4297 dominus
838 4238 981 4296 Honorius

187 4329 266 4400 Papa
285 4329 326 4386 iii
341 4325 520 4384 consecravit
534 4338 610 4383 anno
625 4325 810 4383 Ponuflcatus
824 4326 868 4383 sui
886 4325 980 4395 tertio,

186 4415 363 4488 Nepesinum
382 4414 560 4487 episcopum,
582 4413 770 4486 syponunum
787 4410 978 4486 archiepisco·

186 4517 268 4576 pum,
287 4501 474 4560 'iudertinum
494 4500 671 4574 episcopum,
695 4502 881 4559 Portuenscm
903 4500 980 4574 epis·

187 4603 303 4664 capum,
318 4588 509 4646 Tusculanum
528 4588 706 4660 episcopum,
725 4587 911 4647 colocensem
935 4601 980 4646 ar·

188 4678 418 4751 chlepiscopum‚
441 4677 645 4737 carnotensem
670 4676 853 4749 episcopum,
879 4677 983 4735 Pensa-

189 4766 358 4824 curiensem.

226 4855 335 4914 Eodem
351 4869 441 4926 anno,
466 4860 531 4927 post
555 4855 654 4912 initam
680 4868 794 4927 pacem,
814 4855 844 4911 in
866 4852 983 4927 Anglia,

190 4945 265 5000 inter
274 4943 429 5001 ilenriaum
443 4957 543 5016 regem
558 4950 587 5001 et
600 4941 786 5013 ludovicum,
803 4942 881 5015 regis
893 4945 981 5001 liran-

191 5045 291 5088 corum
308 5030 571 5104 Philippi-Augusti
593 5037 704 5102 natum,
730 5031 852 5088 Gualoni
876 5031 983 5103 iegato,

191 5118 228 5177 de
248 5119 313 5192 ipso
332 5117 469 5176 Pontiiice
495 5119 570 5177 bene
591 5120 704 5188 merito,
725 5125 895 5192 potestatem
919 5116 985 5176 iecit

191 5205 346 5276 redeundi,
371 5204 539 5278 Pondulpho
556 5207 736 5265 Norvvicensi
757 5208 788 5264 in
807 5207 870 5279 ejus
890 5207 985 5264 locum

192 5293 322 5353 suffecto.
338 5295 451 5354 Certum
464 5300 508 5352 est
518 5291 596 5352 hunc
613 5295 770 5354 Guaionem
786 5295 908 5353 ilenrico
923 5295 986 5369 regi

194 5381 346 5441 admodum
355 5381 466 5457 juveni,
483 5387 680 5456 postmortem
695 5383 783 5456 patris
797 5385 841 5441 eui
855 5384 984 5454 ioannis,

194 5473 349 5530 maximum
365 5470 450 5529 robur
462 5469 601 5541 attulisse,
614 5477 643 5528 et
657 5471 739 5544 quasi
754 5471 849 5545 ipsum
864 5486 986 5545 regnum

195 5559 328 5619 detulisse
340 5559 400 5632 jam
412 5559 562 5634 perditum.

1028 3267 1126 3340 gebat,
1143 3266 1211 3326 dum
1232 3267 1333 3326 morbo
1354 3267 1485 3328 allicitur.
1505 3269 1584 3336 liare,
1599 3267 1629 3326 in
1651 3269 1718 3328 Vita
1735 3269 1821 3327 iaaa-

1029 3357 1112 3414 aeattt
1125 3357 1182 3424 iii,
1196 3359 1301 3416 iiurter
1313 3364 1419 3426 narrat,
1433 3363 1453 3414 t.
1470 3359 1521 3428 iii,
1537 3371 1565 3428 p.
1581 3357 1644 3426 282,
1660 3355 1706 3414 ed.
1720 3357 1823 3428 Paria,

1031 3444 1099 3502 1867
1115 3460 1122 3503 :
1138 3466 1149 3496 ι
1165 3445 1259 3514 Stans,
1275 3451 1342 3502 ante
1361 3445 1507 3515 lectulum,
1523 3444 1620 3504 omnia
1640 3459 1692 3504 sua
1707 3453 1824 3519 peccata

1030 3531 1179 3590 consessus
1189 3539 1242 3591 est.
1255 3533 1308 3603 Qui
1318 3532 1388 3591 dixit
1400 3539 1500 3606 postea
1516 3548 1524 3591 :
1540 3533 1674 3606 Quisquis
1689 3533 1823 3593 socerdo-

1031 3628 1091 3679 tum
1108 3621 1230 3694 accipiat
1243 3635 1361 3694 scopam
1384 3620 1483 3696 (quam
1502 3619 1539 3679 de
1555 3621 1644 3680 salice
1658 3620 1752 3680 afferri
1767 3623 1827 3695 jus·

1032 3708 1131 3784 serat).
1157 3711 1194 3768 Et
1212 3709 1299 3780 intus,
1319 3708 1490 3780 denudatus,
1509 3710 1662 3783 prostravit
1681 3725 1724 3781 se,
1739 3717 1768 3768 et
1786 3711 1827 3769 in·

1032 3804 1125 3871 coepto
1137 3813 1148 3854 .·
1161 3797 1297 3858 dhaere
1309 3797 1374 3867 mei,
1392 3797 1520 3868 Domine,
1541 3797 1668 3871 quandiu
1681 3797 1825 3870 cantabat,

1032 3899 1134 3944 omues
1146 3886 1233 3944 simui
1247 3887 1342 3959 ipsum
1360 3885 1562 3957 verberabant,
1577 3893 1606 3944 ιι
1620 3885 1693 3944 inter
1707 3885 1826 3946 verbera

1032 3973 1196 4032 clamabat:
1213 3974 1280 4032 Eiat
1296 3974 1435 4046 percutite
1451 3973 1550 4032 durius
1569 3989 1617 4032 rue
1634 3983 1825 4047 peccatorem.

1034 4064 1069 4121 iit
1080 4061 1225 4121 absolutus
1237 4061 1387 4134 expiravit.
1404 4064 1458 4120 Por
1475 4063 1634 4121 Ecclesiam
1650 4069 1678 4120 et
1691 4077 1757 4120 cunt
1770 4065 1824 4123 Ec·

1033 4151 1132 4218 ciceia,
1155 4150 1196 4207 ait
1217 4148 1344 4222 quidam,
1365 4163 1491 4223 magnus
1505 4149 1547 4219 ot,
1567 4163 1652 4222 quem
1673 4163 1725 4207 sna
1746 4151 1826 4209 stolia

1036 4237 1185 4310 dereliquit
1199 4252 1287 4310 quum
1303 4236 1440 4295 adversus
1452 4251 1517 4295 eam
1530 4244 1561 4296 et
1573 4251 1659 4312 supra
1671 4237 1748 4296 iiiam
1763 4251 1828 4297 sese

1035 4325 1170 4383 extoliere
1182 4331 1282 4384 tentat.
1296 4357 1302 4366 ·

1070 4415 1103 4472 in
1116 4412 1205 4472 Gallia
1218 4419 1330 4472 mortno
1345 4420 1426 4486 patre
1440 4411 1612 4484 blandonia,
1626 4415 1786 4474 Amairicus
1800 4417 1827 4474 ei

1035 4507 1222 4560 successerat.
1238 4501 1289 4560 Cui
1305 4501 1485 4561 confirmavit
1499 4503 1643 4562 Honorius
1655 4518 1770 4562 omnem
1782 4503 1826 4562 di·

1036 4591 1143 4650 tionem
1158 4591 1250 4663 J'ama
1270 4591 1373 4649 Sancta
1391 4589 1465 4649 Sede
1481 4591 1590 4649 Simoni
1609 4591 1784 4662 attributam,
1799 4590 1828 4650 id

1036 4685 1080 4738 est
1093 4679 1244 4748 Biterren.‚
1257 4678 1477 4748 carcassonen„
1492 4685 1522 4736 et
1534 4679 1670 4753 albigen.
1688 4680 1828 4752 civitates,

1038 4781 1073 4824 ιι
1089 4765 1161 4824 alias
1179 4765 1377 4825 hereticomm
1392 4773 1483 4825 terras
1497 4781 1569 4840 quas
1588 4767 1727 4826 Dominus
1741 4767 1827 4826 tradi·

1037 4855 1119 4912 derat
1132 4857 1161 4912 in
1176 4855 1309 4913 manibus
1321 4855 1427 4913 inclite
1443 4855 1648 4914 recordationis
1663 4855 1828 4916 Monticrtii.

1038 4943 1090 5000 Ast
1112 4941 1274 5001 aimelricus
1291 4949 1370 5001 tauto
1389 4949 1493 5000 ettam
1513 4941 1602 5000 arduo
1622 4941 1713 5002 labori
1738 4953 1830 5004 semet

1039 5033 1179 5104 imparem
1194 5030 1349 5103 judicabat,
1365 5038 1394 5087 et
1408 5030 1481 5089 alius
1495 5031 1626 5099 surrexit,
1640 5045 1675 5088 eo
1689 5038 1829 5105 tempore,

1040 5119 1175 5178 Ecclesia
1189 5118 1332 5187 defensor,
1344 5119 1391 5176 aui
1404 5125 1536 5191 potentes
1554 5133 1612 5176 non
1623 5117 1742 5179 deerant
1754 5135 1831 5178 exer·

1039 5208 1123 5264 citus.
1138 5208 1212 5264 Nam
1230 5206 1327 5265 statuit
1343 5221 1393 5264 rer
1407 5206 1555 5279 Phiiippus
1568 5205 1716 5265 catholicis
1732 5206 1831 5265 subve

1040 5296 1102 5352 nire
1117 5302 1146 5352 ιι
1159 5295 1271 5368 regiam
1283 5300 1451 5368 potestatem
1464 5295 1494 5351 in
1509 5295 1564 5352 iliis
1578 5295 1731 5368 provinciis
1742 5301 1833 5352 osten·

1040 5383 1109 5441 dere
1122 5381 1171 5441 uhi
1183 5382 1311 5441 haeretici
1323 5397 1379 5440 non
1391 5391 1502 5440 tantum
1517 5383 1684 5440 Pontiiicem
1698 5389 1725 5440 ιι
1738 5383 1832 5441 Eccle-

1040 5472 1125 5542 siam,
1140 5470 1234 5529 sedet
1250 5485 1351 5544 regern
1374 5472 1465 5545 ipsum
1486 5471 1633 5543 aspernari
1652 5469 1830 5529 videbantur.

962 5607 965 5612 i
1041 5558 1122 5618 linde
1146 5559 1288 5618 Honorius
1309 5561 1466 5632 qratiamm
1487 5561 1613 5618 actiones
1637 5559 1696 5631 egit
1713 5561 1781 5629 lieo,
1803 5561 1831 5616 in
