4248 6410
334 313 396 376 695

336 469 624 534 emorutionmus
639 469 830 542 invitamus,
842 467 943 531 ostioli
955 469 1060 530 nostri
1073 468 1133 528 de-

335 568 437 631 hilam
446 567 867 646 prosequentesactionem,
877 581 939 628 nec
948 565 989 626 ad
999 565 1062 627 hoo
1072 581 1132 626 vos

337 665 504 728 credimus
514 664 667 726 difficiles
682 663 846 734 invenire,
862 679 963 741 quum
978 663 1012 723 id
1022 661 1132 724 iacere

337 761 582 840 dignoscamur,
605 777 672 822 non
695 761 803 822 solum
828 761 957 822 meritis
979 775 1133 839 persona·

337 875 424 931 rum,
436 859 493 920 sed
508 859 630 920 intuitu
642 857 785 936 pietatis.
804 857 888 920 Hinc
906 860 956 919 est
972 856 1058 934 quod
1073 871 1132 932 pro

338 955 458 1018 dilecto
483 955 550 1017 tilio
577 957 720 1032 Rogare,
750 956 873 1016 clerico
902 953 1130 1024 catalaunen,

337 1053 464 1114 nullum
479 1053 598 1124 adhuc,
617 1052 704 1114 sicut
718 1053 851 1124 asserit,
871 1051 1133 1112 ecclesiasticum

336 1149 707 1221 beneficiumassecuto,
718 1147 971 1210 universitatem
989 1149 1133 1208 vestram

337 1247 521 1324 rogandam
536 1246 693 1307 duximus
707 1247 741 1307 et
753 1244 951 1308 monendam
963 1260 1022 1322 per
1033 1247 1135 1321 Apos-

336 1344 439 1406 tolica
449 1345 573 1421 scripta
589 1342 797 1414 mandantes,
808 1343 1049 1419 quatenusnon
1061 1341 1135 1401 obs·

337 1443 430 1502 tante
463 1440 549 1518 quod
579 1455 638 1518 pro
668 1440 746 1502 aliis
772 1438 866 1500 vobis
890 1438 1132 1516 scripserimus,

339 1553 440 1615 quum
456 1536 497 1598 ob
506 1537 728 1599 reverentiam
737 1535 825 1598 beati
832 1535 921 1596 Petri
930 1537 962 1596 et
973 1537 1131 1606 nostram,

338 1633 367 1694 si
382 1633 522 1696 idonens
533 1635 594 1706 est,
609 1634 779 1712 recipiatis
794 1633 829 1694 in
842 1633 1040 1696 canonicum
1055 1633 1089 1692 et
1101 1632 1135 1692 in

337 1731 485 1794 tratrem.
516 1733 634 1794 Datum
658 1731 826 1802 Laterani,
852 1730 950 1793 tertio
965 1744 1071 1791 nonas
1086 1728 1136 1790 le-

338 1828 476 1900 bruarii,
494 1827 708 1906 pontificatus
718 1829 824 1891 nostri
842 1843 930 1890 anno
946 1827 1072 1905 quinto.

340 2169 392 2228 ita
410 2167 566 2229 abbatem
585 2167 780 2228 Watdarbac
800 2163 833 2226 et
857 2167 899 2226 ae
915 2165 1024 2224 Horae
1042 2162 1075 2222 et
1096 2165 1137 2222 ac

379 2267 484 2339 dorp.
491 2263 962 2339 praepositosliattspoocnats
973 2260 1007 2322 et
1019 2261 1137 2321 Saite

379 2363 539 2438 berbena.
556 2363 691 2422 atoecea.

636 2481 653 2540 3
673 2479 744 2538 febr.
762 2479 841 2539 liii.

471 2587 555 2654 [nied.
567 2586 629 2638 God.
643 2587 750 2651 diplom.
766 2585 903 2650 Ratispoo.
917 2583 937 2644 l,
947 2583 1015 2650 dii]

343 2693 460 2754 ilandat
481 2702 511 2752 ut
530 2693 666 2751 inducant
686 2693 839 2750 ilenricum
857 2689 892 2748 de
907 2691 1073 2762 0rtempere
1087 2703 1135 2746 co·

377 2785 477 2842 mitem
492 2781 528 2840 ad
543 2779 775 2839 satisfaciendum
795 2779 924 2837 ecclesias
937 2777 1137 2852 Ratisponensi

376 2887 427 2946 pro
439 2870 553 2928 damnis
569 2869 604 2927 ab
619 2867 783 2926 hominibus
793 2865 856 2940 ejus
871 2867 1013 2940 irrogatis.

387 2987 555 3050 Honorius
564 2986 748 3064 episcopus,
758 3001 875 3046 servus
886 2983 1134 3054 servorumliei,

343 3085 474 3148 dilectis
494 3083 572 3144 liliis
601 3083 712 3146 abbati
736 3082 777 3143 de
791 3078 990 3142 Waiderbac
1010 3081 1079 3142 et...
1097 3078 1136 3142 de

344 3187 448 3246 Howe
459 3184 528 3246 et...
540 3181 580 3243 de
590 3184 688 3258 (larg.
698 3179 895 3258 praepositis,
905 3177 1136 3256 Ratisponens.

342 3283 376 3344 et
391 3279 642 3356 salseburgens.
659 3277 805 3348 dioeces,
821 3276 973 3347 salutem,
991 3277 1054 3337 etc.

383 3375 593 3438 Venerabilis
620 3375 724 3436 irater
750 3374 863 3436 noster
879 3371 1055 3450 episcopus
1071 3373 1139 3433 Ra-

343 3473 545 3552 tisponensis
565 3489 625 3534 sua
645 3471 740 3534 nobis
762 3470 1000 3550 conquestione
1021 3483 1139 3529 mons-

344 3571 456 3642 travit,
482 3569 568 3650 quod
593 3569 744 3630 homines
768 3567 889 3630 nobilis
914 3567 979 3629 viri
1003 3565 1140 3628 Heariol

345 3668 474 3732 comitis
500 3667 540 3729 de
568 3669 758 3744 ortempere
782 3665 953 3728 Patavien.
973 3663 1138 3730 diocesis,

345 3765 539 3845 diripientes
564 3764 651 3826 bona
680 3763 831 3826 ecciesiae
856 3780 936 3834 suae,
962 3762 1082 3822 damna
1109 3759 1139 3820 ei

345 3863 463 3942 gravia
486 3861 677 3940 irrogarunt
695 3862 727 3923 et
755 3861 907 3938 irrogant
919 3859 1138 3930 incessanter,

346 3977 428 4039 quos
441 3959 482 4022 ad
501 3958 770 4023 satisfaciendum
786 3959 893 4020 eidem
904 3959 937 4020 et
948 3956 989 4018 ad
1005 3970 1142 4017 cessan-

346 4059 424 4120 dum
439 4057 480 4121 ab
488 4056 677 4138 hujusmodi
688 4055 939 4133 gravaminibus
951 4069 1060 4115 comes
1070 4053 1140 4130 ipse

349 4171 415 4218 non
426 4157 521 4218 curat
531 4155 730 4233 compellere
741 4153 932 4214 multotiens
943 4149 1139 4229 requisitum

346 4254 487 4331 ideoque
516 4251 709 4314 discretioni
730 4251 851 4312 veetrae
878 4264 937 4328 per
951 4247 1141 4324 apostolica

346 4344 1141 4430 scriptamandamus,quatenusdictumcomitem

346 4447 509 4512 moneatis
523 4447 712 4524 prudenter,
724 4446 757 4506 et
768 4443 949 4506 efficaciter
963 4440 1140 4507 inducatis,

349 4547 383 4608 ut
398 4546 438 4609 de
454 4543 584 4607 damnis
598 4542 640 4604 ab
657 4543 730 4620 ejus
750 4538 941 4602 hominibus
957 4538 1019 4615 ipsi
1035 4538 1144 4600 ecole-

350 4644 409 4706 siae
422 4641 580 4719 irrogatis
593 4638 699 4700 eidem
716 4635 872 4699 satisfieri
887 4635 989 4696 iaciat
1010 4649 1144 4712 compe-

347 4740 508 4808 tenter,et
519 4733 818 4814 ipsoshominesab
830 4732 977 4810 ejusdem
992 4731 1142 4794 ecclesiae

349 4827 1143 4909 indebitavexationecompescat;quodsilacere

349 4949 416 4995 non
432 4929 610 5002 curaverit,
627 4944 685 4991 vos
701 4929 852 4990 homines
865 4928 955 5005 ipsos
971 4926 1056 4988 adid
1073 4941 1145 4987 mo—

348 5029 476 5093 nitione
489 5027 660 5106 praemissa
673 5040 919 5103 percensuram
934 5023 1143 5087 eeclesiasti-

349 5145 422 5192 cam
451 5125 674 5206 appellatione
701 5125 829 5185 remota
856 5123 986 5185 ratione
1019 5119 1144 5197 praevia

348 5223 565 5304 compellatis.
590 5221 727 5294 Quodsi
750 5236 816 5284 non
839 5234 953 5282 omnes
974 5219 1026 5278 his
1042 5231 1144 5278 exse-

349 5323 488 5406 quendis
500 5319 675 5400 potueritis
685 5319 862 5386 interesse,
874 5316 938 5377 duo
949 5315 1094 5376 vestrum
1106 5329 1146 5374 ea

348 5421 566 5485 nihilominus
589 5419 824 5496 exsequantur.
847 5416 964 5476 Datum
976 5409 1144 5483 Laterani,

350 5523 394 5582 lll
406 5533 511 5582 nonas
527 5515 699 5586 februarii,
713 5513 925 5592 pontificatus
939 5511 1045 5573 nostri
1060 5524 1147 5572 antio

350 5619 476 5698 quittto.

956 310 1132 370 floxoitu
1154 311 1199 369 111
1220 311 1369 370 OPERA.

1928 310 1997 368 am

1487 477 1676 564 ccxissi

1214 612 1267 670 Ad
1276 609 1518 686 staffrapanaos
1536 613 1687 671 ecclesia
1694 611 1964 684 amai-ostensis.

1482 721 1584 779 arear.
1601 723 1681 780 1221.

1311 828 1416 892 [laun.
1434 827 1500 893 ltipl.
1519 829 1694 891 sonegiensis,
1710 829 1755 890 Vi,
1772 843 1793 888 t¹
1807 829 1859 894 l7.]

1188 935 1303 992 ilandat
1316 933 1360 991 eis
1371 943 1402 991 ut
1416 949 1482 991 cum
1504 933 1720 992 honorificentia
1737 934 1826 1008 digna
1843 937 1995 1009 recipiant

1222 1023 1446 1096 lt'ydrosiensem
1472 1021 1719 1095 archiepiscopum
1734 1025 1994 1096 llcuopolitanum

1222 1113 1386 1170 visitantem
1402 1126 1485 1168 suam
1500 1112 1686 1183 muncism.

1227 1229 1395 1290 Honorius
1406 1228 1593 1305 episcopus,
1603 1243 1719 1290 servus
1728 1243 1902 1289 servorum
1913 1231 1991 1301 Dei,
2084 1223 2085 1232 ’

1187 1324 1435 1404 venerabilibus
1465 1325 1625 1387 fratribus
1652 1326 1824 1388 universis
1850 1327 1992 1403 Nydro-
2085 1348 2086 1358 ¹

1189 1423 1310 1484 siensis
1333 1422 1485 1484 ecclesia
1511 1423 1747 1499 suffraganeis,
1779 1424 1922 1486 salutem
1954 1429 1990 1486 et

1189 1521 1405 1598 apostolicam
1419 1519 1695 1582 benedictionem.

1229 1619 1310 1678 Cum
1325 1617 1441 1679 deceat
1458 1633 1518 1679 vos
1539 1616 1692 1678 omnibus
1709 1617 1848 1680 reddere
1860 1618 1989 1692 debita,
2087 1630 2088 1636 ’

1190 1716 1243 1778 cui
1271 1715 1441 1786 tributum,
1464 1715 1635 1786 tributum,
1659 1717 1694 1777 et
1726 1716 1780 1776 cui
1812 1715 1989 1790 honorem,

1190 1814 1361 1885 honorem,
1376 1812 1629 1874 universitatem
1642 1813 1787 1874 vestram
1800 1812 1994 1875 sollicitan-

1190 1911 1265 1971 dam
1281 1911 1437 1972 duximus
1461 1911 1494 1971 et
1508 1909 1705 1972 hortandam
1721 1926 1781 1987 per
1793 1911 1991 1988 apostolica

1189 2007 1283 2070 vobis
1294 2009 1417 2085 scripta
1442 2008 1647 2080 mandantes,
1665 2011 1827 2084 quatenus
1842 2025 1990 2070 venera-

1191 2107 1290 2168 bilem
1303 2104 1440 2167 tratrem
1453 2107 1639 2167 nostrum...
1654 2105 1913 2183 Nydrosiensem
1927 2123 1991 2167 ar-

1191 2203 1437 2280 chiepiscopum
1449 2219 1542 2264 suam
1559 2203 1766 2280 provinciam
1780 2204 1987 2276 visitantem,
2091 2199 2092 2202 ’

1190 2301 1314 2361 curetis
1343 2300 1440 2377 prout
1462 2299 1621 2362 tenemini
1643 2317 1717 2361 cum
1732 2300 1990 2362 honoriticentia
2092 2334 2093 2340 κ

1191 2396 1290 2472 digna
1308 2397 1468 2473 recipere,
1485 2397 1581 2475 eique
1594 2397 1844 2474 procurationes
1857 2397 1989 2459 debitas

1191 2493 1375 2556 liberaliter
1389 2495 1559 2566 exhibere,
1577 2495 1683 2572 ipsius
1700 2494 1847 2556 salubria
1862 2497 1989 2558 monita

1192 2593 1353 2654 etstatuta
1363 2593 1560 2670 recipientes
1576 2591 1747 2655 humiliter
1759 2593 1792 2654 et
1801 2595 1987 2654 servantes.

1232 2692 1350 2753 Datum
1365 2690 1534 2762 Laterani,
1545 2693 1590 2754 ΙΙΙ
1604 2707 1711 2754 nonas
1725 2691 1897 2765 februarii,
1910 2707 1991 2770 pon·

1192 2787 1338 2850 tidcatus
1355 2789 1461 2862 nostri
1476 2805 1562 2850 anno
1578 2789 1703 2867 quinto.

1498 2976 1681 3065 GOEUJV

1484 3114 1535 3172 Ad
1549 3113 1695 3174 eosdem.

1489 3224 1507 3280 3
1527 3222 1596 3280 felir.
1615 3225 1694 3282 titi.

1327 3329 1431 3394 [Lars.
1449 3330 1516 3395 bipi.
1532 3329 1707 3394 donadeum,
1719 3331 1761 3392 vi,
1775 3346 1795 3394 i,
1807 3331 1858 3397 ii]

1194 3435 1310 3496 ilandat
1322 3444 1352 3494 ut
1366 3436 1533 3510 impendant
1544 3439 1764 3510 metropolitano
1779 3455 1897 3496 censum
1911 3439 1990 3497 beati

1285 3525 1360 3585 Petri
1377 3526 1531 3584 collectura
1545 3527 1696 3586 consilium
1712 3536 1739 3586 et
1753 3529 1898 3586 auxiiium.

1233 3634 1401 3696 Honorius
1411 3629 1596 3712 episcopus,
1609 3651 1725 3698 servus
1736 3651 1906 3699 servorum
1916 3637 1998 3710 Dei„

1194 3731 1442 3796 venerabilibus
1456 3731 1614 3794 iratribus
1627 3734 1863 3810 Nydrosiensis
1876 3734 1988 3796 eccle-

1195 3829 1253 3892 siae
1280 3829 1514 3906 suffraganeis,
1540 3829 1691 3903 salutern,
1717 3835 1779 3894 etc.

1235 3929 1315 3988 Cum
1334 3926 1520 3988 venerabili
1543 3927 1638 3990 tratri
1664 3928 1828 3990 nostro...
1852 3927 1988 4006 Nydro-

1195 4024 1298 4086 aiensi
1320 4023 1572 4102 archiepiscopo
1599 4025 1852 4104 metropolitano
1878 4027 1991 4088 vestro

1195 4121 1375 4194 incumbat,
1388 4137 1524 4183 consum
1538 4121 1627 4184 beati
1638 4123 1896 4200 Petri-colligere
1907 4124 1994 4185 etad

1197 4219 1315 4282 Setiam
1333 4219 1557 4296 Apostolicam
1583 4219 1761 4293 destinare,
1784 4220 1995 4284 universitati

1195 4317 1317 4378 vestras
1337 4331 1397 4394 per
1417 4315 1606 4393 Apostolica
1633 4317 1758 4394 scripta
1784 4318 1993 4390 mandamus,

1196 4415 1359 4492 quatenus
1375 4413 1416 4474 ad
1437 4413 1469 4474 id
1485 4413 1685 4491 impendatis
1709 4415 1739 4476 ei
1759 4415 1935 4476 consilium
1958 4417 1996 4477 et

1197 4511 1360 4572 auxilium
1398 4512 1631 4588 opportunum.
1667 4512 1785 4573 uatum
1819 4512 1994 4584 Laterani,

1198 4609 1242 4670 lii
1254 4623 1359 4670 nonas
1375 4606 1550 4680 februarii,
1563 4609 1774 4686 pontificatus
1785 4609 1890 4672 nostri
1904 4625 1995 4672 anno

1198 4707 1326 4784 quma

1514 4795 1677 4882 ccxlv

1199 4931 1251 4989 Aci
1261 4929 1544 5002 archiepiscopos,
1553 4932 1737 5004 episcopos,
1745 4929 1892 5000 abbates,
1900 4931 2000 5002 prio-

1238 5039 1308 5095 νος,
1325 5025 1594 5098 arciiidtaooaos,
1611 5027 1757 5088 decorior
1769 5027 1803 5088 et
1814 5029 2008 5101 aiiosproe-

1239 5123 1336 5186 laiac.

1496 5198 1599 5258 liebr.
1617 5199 1696 5258 itii.

1297 5303 1414 5369 [Ripolli
1427 5305 1571 5356 Bullatium
1584 5305 1701 5366 Prodit,
1712 5321 1738 5370 p.
1753 5305 1793 5366 li,
1808 5319 1834 5356 n.
1845 5305 1897 5372 ao]
1970 5350 1976 5360 .

1219 5409 1335 5470 ldandat
1348 5419 1380 5468 ut
1394 5413 1506 5470 Fratres
1523 5411 1739 5482 predicatores,
1758 5427 1830 5485 quos
1848 5413 1993 5472 laudibus·

1343 5500 1478 5570 celebrat,
1490 5499 1615 5558 habeant
1626 5501 1853 5559 commendatos.

1243 5609 1916 5687 Honorius-episcopus,servusssrvorurn
1927 5613 2010 5682 Dei,
