4300 6392
187 285 244 346 421
796 283 1023 354 ERISTOLAE.
1046 287 1126 348 LIB.
1150 289 1203 348 iv.
1776 293 1837 349 422

187 441 281 505 Nulli
294 455 386 521 ergo,
404 444 466 508 etc.
485 439 617 524 Sicula
638 449 760 518 autem,
782 449 846 510 etc.
867 449 984 510 Datum
1043 448 1202 525 magistro
1215 447 1675 526 noluimusanteisrrejuxta
1688 449 1835 511 innatam

187 541 340 616 viterbii,
356 545 418 604 XII
441 544 508 606 isai.
532 546 623 618 maii,
646 545 857 622 pontincatus
877 541 987 608 nostri
1041 544 1322 608 iibiclomantiam
1344 545 1391 608 ita
1412 545 1526 608 favore
1547 546 1640 622 regio
1655 561 1837 624 prosequa-

186 656 276 702 anno
291 642 421 720 quarto.
1041 645 1099 714 ris,
1114 643 1203 722 quod
1218 644 1333 720 etipse
1346 643 1538 707 celsitudini
1551 645 1618 706 tuae
1638 645 1757 706 merito
1772 644 1835 705 de-

529 731 649 818 CXXI
1041 741 1117 802 beat
1131 741 1268 804 devotus
1282 741 1316 803 et
1338 741 1555 818 obsequiosus
1579 741 1736 814 existere,
1757 757 1838 802 nos-

252 863 304 924 Ad
318 861 515 939 ppppppum
533 864 753 926 fumorum
772 877 903 942 reygm,
1042 853 1105 916 qua
1117 835 1325 934 devotionem
1348 840 1475 915 regiam
1499 840 1600 916 digne
1620 841 1786 916 possimus
1800 839 1836 900 in

466 983 501 1043 27
517 984 587 1057 april
619 983 690 1044 mo
1041 936 1181 997 Domino
1202 935 1435 998 commendare
1452 935 1512 1014 (1).
1539 937 1658 998 Datum
1681 935 1834 1007 Viterbii,

230 1088 365 1158 [bouquet.
375 1085 532 1144 Recnaildes
542 1088 616 1150 trist..
626 1095 645 1141 t.
655 1089 724 1149 XIX,
735 1106 762 1158 p.
773 1085 822 1142 osb
829 1091 943 1155 5Regest.
1041 1034 1069 1093 V
1090 1032 1252 1094 kalendas
1275 1049 1367 1106 mali,
1385 1033 1597 1111 pommus
1619 1035 1726 1096 nostrl
1745 1047 1837 1096 amm
1865 1083 1868 1091 ¹

452 1167 719 1236 uc.rv,0prc.ns.]
1042 1131 1172 1207 iubilo·

187 1267 213 1328 d
231 1264 361 1342 Phiiippo
381 1267 581 1326 commendata
598 1269 724 1327 Guaiteri
741 1267 858 1329 Cornuti
877 1267 912 1328 ad
930 1271 984 1328 Pa·
1152 1287 1157 1302 ·
1350 1354 1352 1356 Ι
1371 1221 1512 1307 CXXII

224 1357 374 1416 cirtensem
395 1351 591 1430 episcopatum
613 1352 763 1427 electione,
787 1365 871 1431 rogat
886 1359 983 1416 liono-
1046 1357 1050 1364 '
1104 1343 1155 1404 Ad
1170 1343 1359 1418 capitatum
1373 1343 1589 1406 partilem
1603 1347 1763 1408 800l68iae·

224 1447 283 1503 rius
304 1448 337 1503 ut
357 1458 407 1501 rex
429 1446 523 1502 minus
542 1454 621 1517 aegre
641 1443 723 1514 ierat,
746 1443 821 1517 quod
835 1445 987 1504 Gnatam
1325 1452 1360 1512 28
1375 1455 1456 1529 april,
1474 1454 1553 1515 1220.

222 1531 798 1626 nonadmimnsiverincutusiniocum
816 1535 987 1592 manciari-
1070 1545 1806 1620 [commisissemaegest,rinitepiurint
1900 1615 1901 1618 Ἴ

223 1629 282 1722 m?
296 1626 348 1680 ⁸¹¹⁸
365 1620 528 1722 P‘Qffl
542 1621 878 1722 'igniflffl‘sfffiuelmuu
895 1621 932 1680 ὼ
948 1624 988 1681 si*
1042 1646 1122 1708 irrita
1134 1649 1257 1708 Guaiteri
1271 1649 1388 1708 Cornuti
1413 1647 1448 1707 ad
1470 1651 1663 1709 Parisiensem
1685 1652 1837 1724 episcopc-

223 1711 361 1784 ΝΜ
375 1708 654 1768 Ᾰωιωῡᾱῦῑθωθω
665 1719 842 1783 mmmm·
1077 1743 1137 1795 sim
1152 1738 1295 1796 electione
1319 1733 1403 1807 iacta,
1424 1738 1569 1812 significat
1583 1739 1728 1798 Honorius
1743 1739 1838 1798 eidem

230 1826 398 1888 Honorius
409 1827 720 1903 episcopusservus
730 1835 903 1888 sertorum
913 1828 984 1900 Dei,
1075 1827 1213 1883 Ecclesia
1222 1840 1254 1882 se
1263 1825 1425 1899 prefecisse
1434 1827 1661 1886 Guiileimumde
1669 1827 1836 1902 Signiiiaco,

189 1923 364 1985 carissimo
392 1924 427 1984 tn
454 1921 584 1985 andsto
612 1923 681 1984 nno
713 1923 883 2000 Phiiippo,
914 1924 986 2001 regi
1076 1909 1355 1973 sessiacensem
1367 1915 1545 1988 epscopus.

189 2023 394 2083 Francorum
408 2020 543 2094 illustri,
561 2019 701 2082 miutem
721 2019 756 2082 et
770 2022 986 2098 apostolicam
1081 2021 1249 2084 Honorius
1260 2021 1475 2101 episcopus...
1505 2021 1637 2087 dilectis
1653 2023 1732 2088 tiliis
1744 2027 1839 2105 capl-

188 2117 466 2180 benedictionem.
1041 2121 1111 2182 tulo
1126 2117 1324 2192 Parisiensi,
1343 2119 1495 2183 salutem.

229 2212 309 2277 Earn
323 2215 477 2278 novimus
487 2215 589 2290 regis
601 2213 907 2292 circumspectionis
920 2229 987 2276 mo·
1082 2216 1174 2279 Sicut
1187 2217 1338 2280 ecclcsiae
1356 2220 1478 2280 vestrae
1491 2219 1686 2296 requirebat
1698 2219 1836 2290 utilitas,

188 2312 345 2385 matiam,
380 2311 597 2385 maclarum,
635 2305 722 2390 quod
754 2313 987 2390 aequanimiter
1042 2313 1075 2377 et
1088 2313 1250 2388 sincerus,
1268 2329 1365 2392 quern
1379 2315 1526 2390 gedrum
1541 2315 1583 2378 ad
1598 2317 1758 2389 eamdem,
1776 2333 1839 2380 no·

186 2411 346 2482 sustines,
362 2409 391 2470 si
413 2409 545 2486 quando
557 2411 771 2486 precastuas,
784 2410 915 2488 justitia
930 2425 987 2471 re-
1040 2411 1091 2474 bis
1116 2411 1316 2488 suggerebat
1340 2412 1491 2484 allectus,
1508 2412 1561 2474 lits
1579 2415 1636 2490 qui
1661 2429 1723 2490 pro
1745 2414 1838 2477 elce·
1897 2445 1900 2452 ·

188 2505 352 2583 fragante,
386 2519 453 2568 non
488 2519 664 2583 possumus
695 2507 874 2578 exaudire,
910 2518 986 2569 cum
1039 2509 1130 2572 tione
1149 2509 1315 2572 celebrata
1339 2509 1375 2570 in
1398 2511 1472 2586 ipsa
1490 2509 1633 2573 ecclesia
1654 2509 1695 2573 dc
1713 2511 1836 2574 diiecto

187 2605 289 2673 scias,
302 2603 401 2680 quod,
417 2602 475 2664 ubi
489 2617 544 2664 ros
554 2603 729 2665 deducitur
751 2603 787 2664 in
808 2599 983 2680 judicium,
1041 2606 1110 2668 tilio
1125 2607 1284 2682 magistro
1300 2605 1457 2668 Gualtero
1470 2605 1532 2686 (2),
1549 2607 1591 2669 ad
1613 2609 1762 2670 nostram
1776 2625 1837 2671 ve-

188 2701 306 2764 baberi
318 2699 417 2763 debet
430 2715 499 2778 prae
514 2700 620 2762 oculis
640 2700 731 2763 solus
747 2703 847 2774 Deus,
865 2703 898 2763 et
913 2716 987 2762 ces-
1041 2719 1122 2766 nere
1133 2703 1358 2782 praesentiam,
1372 2703 1577 2767 audientiam
1587 2703 1765 2767 tribuimus
1783 2705 1836 2768 la-

188 2813 265 2860 sare
275 2799 425 2876 acceptio
440 2811 669 2875 personarum,
690 2811 730 2860 eo
745 2797 831 2875 quod
852 2797 986 2860 exblbi-
1041 2801 1137 2862 cilem
1162 2802 1194 2862 et
1218 2800 1406 2878 benignam,
1423 2801 1500 2862 aliie
1521 2801 1656 2864 interim
1679 2819 1836 2882 superse·
1885 2815 1894 2830 ’

187 2897 273 2958 tioni
285 2896 401 2972 gratias
411 2895 471 2958 via
482 2894 708 2972 praecluditur,
719 2893 776 2956 ubl
782 2895 922 2973 justitiae
933 2895 987 2957 de·
1041 2897 1147 2960 dendo
1165 2899 1317 2974 negotiis,
1340 2915 1416 2976 quas
1436 2899 1533 2961 nobis
1550 2900 1653 2962 multa
1673 2901 1707 2962 ei
1730 2902 1835 2964 ardua

188 2993 293 3055 bitum
308 2992 504 3070 postulatur.
522 2993 614 3054 Licet
627 2992 729 3068 igitur
744 2992 897 3070 precibus
918 2993 986 3054 tuis
1041 2995 1270 3057 imminebant.
1283 2995 1413 3056 Auditis
1428 2995 1531 3072 igitur
1544 2997 1577 3058 et
1589 2996 1720 3074 plenius
1732 2998 1835 3061 intel-

189 3106 331 3168 sempcr,
347 3091 507 3167 quantum
522 3090 615 3152 salva
637 3087 841 3152 conscientia
867 3104 986 3166 possu-
1040 3092 1147 3165 lectis,
1162 3107 1236 3168 quac
1248 3106 1349 3169 super
1361 3091 1524 3154 electione
1538 3093 1612 3171 ipsa
1625 3095 1659 3156 et
1672 3110 1831 3171 processu

188 3203 273 3259 mus,
289 3185 564 3259 condescendere,
582 3177 873 3248 tuaesnblimitatis
890 3201 986 3249 man·
1041 3189 1302 3252 confirmationis
1327 3189 1485 3266 ejusdem,
1513 3190 1555 3252 ab
1581 3189 1782 3253 electoribus
1802 3195 1836 3256 et

188 3283 364 3347 suetudine
386 3285 419 3345 id
444 3285 662 3361 promerente,
689 3284 843 3356 velimus,
866 3283 904 3345 in
924 3297 986 3346 ne-
1040 3289 1256 3363 procuratore
1268 3287 1374 3364 ipsius
1389 3287 1539 3364 magistri
1550 3290 1697 3365 exparte
1712 3303 1790 3363 una,
1802 3292 1836 3350 et

187 3381 279 3459 gotio
301 3383 414 3444 tamen
433 3379 546 3443 dilecti
569 3381 633 3442 diii
654 3382 807 3457 magistri
821 3382 981 3455 unalteri,
1040 3382 1160 3445 dilecto
1176 3379 1246 3444 tilio
1261 3386 1398 3445 cantore
1410 3383 1645 3447 Parisiensiac
1664 3385 1741 3448 aliis
1754 3400 1836 3449 con·

188 3477 245 3540 ubi
270 3477 415 3541 debitum
434 3477 645 3556 quaerebatur
664 3477 815 3556 justitiae,
841 3479 984 3556 gratiam
1038 3480 1280 3543 tradicentibus
1306 3481 1453 3558 ejusdem
1475 3483 1628 3558 magistri
1652 3485 1832 3557 exaltem,

188 3588 256 3638 non
266 3577 432 3654 potuimus
440 3575 718 3652 exhiberemus,
729 3575 808 3638 licet
816 3576 904 3638 idem
918 3591 985 3638 ma·
1039 3575 1174 3640 fuerunt
1197 3579 1366 3655 proposita
1386 3593 1499 3639 coram
1521 3577 1634 3653 nobis;
1655 3579 1733 3644 licet
1748 3581 1834 3643 idem

187 3674 333 3750 gisteret
347 3672 496 3734 scientiae
509 3671 633 3750 polleat
648 3673 831 3734 eminentia
851 3674 883 3735 et
904 3673 983 3735 aliis
1039 3674 1199 3752 magister
1217 3676 1250 3737 et
1275 3675 1423 3738 scientiae
1450 3675 1574 3754 polleat
1593 3677 1774 3740 eminentia
1802 3679 1836 3742 et

188 3770 315 3832 clareat
336 3769 442 3832 titulis
462 3771 657 3846 gratiarum,
681 3769 855 3831 electionis
871 3772 983 3832 tamen
1038 3773 1115 3834 aliis
1128 3773 1254 3834 clareat
1267 3771 1371 3835 titulis
1383 3774 1579 3849 gratiarum,
1594 3775 1834 3852 propterinor-

187 3871 223 3928 et
243 3867 506 3929 confirmationis
527 3881 703 3944 processus
730 3865 793 3929 tuit
816 3865 982 3945 multipli-
1038 3869 1187 3931 dinatum
1205 3869 1317 3932 tamen
1335 3871 1484 3947 ipsarum
1506 3871 1678 3932 electionis
1698 3873 1731 3934 et
1753 3889 1835 3935 con-

188 3965 272 4027 citer
285 3965 435 4027 vitiatus.
1038 3967 1236 4028 firmationis
1262 3983 1475 4043 processum,
1506 3965 1547 4028 de
1577 3963 1717 4029 fratrum
1750 3985 1831 4030 nos-

227 4061 621 4138 Gumigitureiectionem
630 4061 833 4123 celebratam
846 4060 887 4122 de
897 4061 980 4139 ipso,
1038 4065 1165 4126 trorum
1176 4061 1316 4125 consilio
1329 4060 1525 4124 electionem
1536 4065 1743 4127 cassavimus
1761 4083 1832 4128 me-

188 4159 230 4222 de
251 4161 440 4221 nostrorum
468 4157 607 4220 fratrum
625 4158 777 4230 consilio,
794 4160 984 4220 cassaveri-
1037 4162 1210 4232 moratam,
1228 4160 1514 4222 confirmationem
1524 4155 1653 4224 irritam
1669 4165 1830 4228 nuntian-

188 4271 273 4330 mus,
294 4257 426 4334 justitia
450 4257 615 4332 exigente,
640 4271 681 4317 ac
705 4266 749 4316 ne
780 4255 981 4317 Parisiensis
1037 4253 1098 4320 tes.
1121 4258 1295 4330 Caeterum,
1312 4273 1356 4319 ne
1370 4259 1463 4320 tanta
1477 4259 1511 4320 et
1529 4255 1607 4321 talis
1622 4259 1834 4323 ecclesiadiu

186 4354 330 4416 eeclesia
345 4353 402 4415 diu
416 4339 603 4416 remaneret
615 4353 758 4430 pastoris
769 4352 889 4413 ¹solatio
900 4353 980 4414 des·
1036 4357 1207 4418 remaneat
1218 4355 1366 4432 pastoris
1381 4353 1500 4418 solatio
1511 4356 1680 4430 destituta,
1692 4374 1835 4422 venera-
1853 4355 1856 4367 ”

187 4453 297 4524 tituta,
321 4451 548 4513 venerabilem
563 4448 701 4511 tratrem
728 4451 878 4510 nostrum
906 4453 979 4513 Au·
1035 4451 1136 4514 bilem
1156 4449 1295 4514 tratrem
1322 4452 1473 4514 nostrum
1510 4453 1833 4518 antissiodorensem

187 4549 457 4612 tissiodorensem
470 4548 673 4624 episcopum,
687 4547 798 4608 virum
807 4547 980 4623 praeclarae
1035 4545 1295 4629 episcopum(3),
1306 4549 1416 4610 virum
1433 4551 1604 4625 praeclarae
1619 4547 1727 4626 iarnae,
1746 4557 1833 4617 notae

186 4645 295 4718 iamae,
313 4647 399 4708 notae
413 4645 558 4716 virtutis,
580 4645 614 4707 et
632 4644 667 4705 in
681 4642 980 4707 multismaniieste
1034 4647 1179 4718 virtutis,
1198 4647 1232 4708 et
1255 4647 1290 4707 in
1313 4647 1427 4709 multis
1449 4645 1624 4710 manifesta
1645 4648 1830 4726 probatum,

186 4743 371 4820 probatum,
388 4758 501 4803 acura
517 4741 549 4803 st
564 4741 788 4803 sollicitudine
809 4741 978 4803 Autissio-
1034 4759 1148 4805 acura
1163 4745 1196 4804 et
1208 4743 1433 4804 sollicitudine
1454 4743 1754 4809 Autissiodorensis
1776 4765 1833 4811 ec-

187 4841 339 4904 dorensis
363 4839 513 4900 ecclesiae
544 4838 765 4911 absolventes,
794 4838 979 4900 Parisiensi
1034 4839 1147 4902 ciesiae
1162 4839 1385 4912 absolventes,
1402 4831 1553 4903 ecciesiae
1567 4846 1688 4905 vestrae
1705 4846 1792 4923 praef
1811 4879 1831 4894 -

187 4937 434 5017 praelecerimus
465 4936 501 4997 in
538 4937 730 5013 pastorem
766 4935 979 4998 serenitatem
1034 4937 1139 4998 cimus
1161 4937 1197 4997 in
1221 4939 1399 5014 pastorem.
1443 4937 1587 5014 ideoque
1620 4941 1830 5006 universitati

185 5039 277 5098 tuam
295 5049 452 5110 rogamus
471 5033 595 5094 attente
610 5034 643 5094 et
654 5031 840 5105 hortamur,
862 5033 980 5110 quate-
1033 5034 1153 5096 vestrae
1169 5049 1229 5111 per
1244 5034 1436 5110 Apostolica
1450 5033 1575 5111 compta
1586 5038 1783 5100 mandamus
1799 5047 1832 5102 et

186 5147 250 5192 nus
272 5127 422 5192 eumdem
438 5129 640 5206 episcopum,
662 5143 760 5205 quem
782 5128 848 5204 ipsi
870 5129 980 5190 eccie-
1033 5131 1069 5191 in
1083 5130 1205 5199 virtute
1226 5128 1422 5192 obedientiae
1436 5131 1586 5194 districte
1605 5135 1827 5212 praecipimns,

186 5229 246 5290 siae
261 5227 509 5304 praeficiendum
524 5225 692 5298 duximus,
709 5221 902 5302 specialiter
916 5223 979 5287 bac
1034 5229 1195 5304 quiamnus
1211 5226 1362 5288 eumdem
1380 5228 1583 5306 episcopum,
1593 5234 1761 5309 umquam
1774 5249 1829 5310 pa·

184 5327 227 5388 de
250 5337 363 5397 caasa,
393 5323 479 5400 quod
503 5308 665 5400 privatam
691 5335 867 5399 porsonam
889 5321 979 5384 dicto
1032 5327 1118 5386 trem
1132 5325 1166 5386 et
1180 5325 1346 5402 pastorem
1360 5326 1520 5395 vestrum,
1534 5330 1571 5389 ut
1585 5327 1689 5400 decet,
1708 5330 1830 5392 solem·

222 5457 263 5530 (i)
283 5457 351 5526 Quae
370 5455 466 5512 omnin
486 5453 617 5525 Phiiippo
639 5453 701 5524 regi
723 5453 841 5509 minime
863 5453 976 5536 piaoue-
1070 5453 1110 5526 (s
1131 5453 1264 5514 Cornuto.

186 5535 261 5596 runt,
277 5527 369 5598 inquit
382 5525 550 5583 actitamus
570 5524 657 5588 miro.
680 5525 711 5580 s
730 5524 921 5580 mustaceus
942 5525 979 5581 aa
1072 5525 1118 5600 (a)
1136 5525 1316 5583 auricomum
1331 5511 1541 5599 desrgnnuco.

185 5597 417 5670 ejmustuvum.
440 5596 605 5668 (Bouquett
