4300 6392
756 312 762 320 “
815 335 1043 395 anteponas.
1068 335 1145 394 nte.
1169 335 1223 395 tv.

198 334 258 396 aaa

196 493 394 564 dicatorum,
418 493 506 555 sicut
524 493 714 565 credimus„
732 492 891 555 Dominus
918 509 993 554 sus-
1046 494 1147 556 tatem
1169 494 1464 555 incontaminatam
1488 493 1522 553 in
1544 490 1637 552 coelis
1651 490 1684 551 et
1699 490 1839 551 immar-

197 590 324 663 citavit,
352 590 409 668 qui
442 605 607 668 nonquae
632 605 693 651 sua
719 591 808 662 suni,
835 591 893 652 sed
919 607 994 668 quse
1047 591 1233 652 possibilem
1258 591 1421 668 adepturi.
1447 590 1653 665 Quapropter
1678 588 1840 648 universi-

197 688 322 750 Christi
350 690 547 765 quaerentes,
571 690 638 750 tam
668 688 782 749 contra
802 688 993 765 profligan·
1045 687 1146 750 tatem
1172 691 1316 750 vestram
1343 687 1515 750 monemus
1550 685 1586 746 in
1617 684 1771 755 bomine,
1807 685 1842 745 et

196 786 267 848 das.
290 785 447 855 haereses,
482 801 581 862 quarn
619 788 735 847 contra
767 787 877 862 pestes
908 786 992 847 alias
1045 786 1229 858 hortamur,
1247 787 1408 863 quatenus
1419 801 1478 846 vos
1493 785 1583 861 ipsos
1595 783 1712 858 dignos
1727 781 1841 844 divina

196 881 387 946 mortiferas
402 881 616 958 extirpandas
631 896 667 943 se
682 882 876 946 dedicarunt
890 898 993 944 evan·
1046 884 1221 944 vocatione
1234 884 1420 955 reddentes,
1439 899 1517 944 cum
1534 881 1624 942 omni
1638 880 1756 941 timore
1770 881 1840 940 Do-

194 980 390 1056 gelizationi
409 979 503 1041 verbi
514 979 573 1040 Dei
588 980 623 1039 in
637 978 823 1056 abjectione
835 979 993 1041 volunta-

91 1135 99 1142 .
153 1157 157 1164 ,
195 1077 257 1140 ries
287 1077 502 1154 paupertatis.
529 1077 597 1137 Nos
623 1077 728 1152 igitur
755 1093 870 1138 eorum
902 1077 992 1152 pium

196 1176 417 1254 propositum,
446 1175 478 1235 et
506 1174 732 1236 necessarium
771 1173 992 1234 ministerium

197 1273 312 1336 lavore
350 1273 597 1348 prosequentes,
627 1270 869 1334 fraternitatem
901 1273 992 1332 tuam

195 1385 257 1447 pro
270 1371 319 1431 eis
336 1369 518 1446 rogandam
538 1369 704 1440 duximus,
730 1369 763 1431 et
782 1368 989 1439 monendam,

196 1483 257 1546 per
269 1467 459 1544 apostolica
474 1465 533 1527 tibi
550 1466 673 1542 scripta
688 1465 894 1538 mandantes,
910 1481 993 1542 qua-

197 1565 294 1630 tenus
315 1564 356 1625 ob
383 1563 610 1625 reverentiam
624 1562 782 1634 divinam,
797 1565 831 1624 et
844 1564 992 1624 nostram

199 1676 256 1723 eos
280 1657 404 1722 habeas
429 1661 581 1723 devotius
608 1660 871 1731 commendatos,
895 1661 931 1722 ut
951 1659 992 1722 ad

198 1759 439 1836 promotionem
457 1774 572 1820 eorum
594 1757 722 1819 ordinis
744 1756 857 1819 taliter
877 1757 990 1818 inten-

198 1857 276 1918 dere
308 1855 452 1927 studeas,
482 1855 568 1932 quod
597 1855 684 1932 apud
716 1858 830 1926 Deum,
861 1855 913 1916 cui
943 1855 992 1916 est

197 1969 312 2028 eorum
342 1953 438 2031 grata
464 1954 600 2030 religio,
628 1953 735 2032 possis
763 1952 992 2030 multipliciter

197 2053 391 2130 promereri,
413 2052 446 2113 et
464 2051 544 2112 dicti
565 2051 685 2112 fratres
703 2066 762 2128 per
781 2050 992 2126 cooperatio-

197 2163 274 2210 nem
287 2150 390 2220 tuam,
401 2149 433 2208 et
443 2147 585 2208 aliorum
598 2146 744 2207 fidelium
756 2145 914 2218 roborati,
923 2162 992 2206 sus·

198 2246 283 2323 cepti
307 2244 484 2314 ministerii
511 2259 644 2305 cursum
671 2241 802 2304 lelicius
831 2259 990 2304 cousum-

198 2344 337 2411 mantes,
354 2343 502 2419 optatum
515 2341 684 2418 reportent
705 2341 757 2401 sui
773 2340 896 2402 laboris
907 2339 991 2401 truc

196 2441 278 2512 tum,
297 2441 330 2501 et
343 2439 455 2510 tinem,
467 2439 607 2501 salutem
621 2437 777 2500 videlicet
791 2437 987 2508 animarum,

197 2553 237 2598 ac
260 2553 321 2598 nos
344 2535 553 2598 devotionem
571 2537 663 2598 tuam
682 2534 803 2596 exinde
824 2535 989 2611 possimus

197 2635 232 2696 in
247 2634 388 2696 Domino
400 2633 643 2696 commendare.

236 2733 356 2793 batum
370 2731 512 2794 viterbii
522 2730 629 2808 pridie
643 2745 748 2792 nonas
759 2729 838 2791 maii
851 2729 991 2806 pontiti-x

198 2829 290 2891 catus
300 2829 406 2892 nostri
421 2842 509 2898 anno
520 2827 649 2905 quarto.

516 2996 680 3082 cxxvi*

195 3134 248 3204 Ad
280 3131 516 3193 Christianum
542 3131 701 3191 Prasstae
729 3130 925 3201 episcopum
955 3128 988 3188 et

214 3243 334 3290 omncs
347 3229 475 3289 Christi
486 3225 601 3300 sidetes
614 3227 750 3287 noviter
765 3225 964 3299 baptizatos.

496 3339 514 3396 8
528 3338 596 3395 maii
612 3339 694 3396 1220.

206 3447 314 3512 [Butler.
324 3447 479 3506 Romanum,
489 3445 530 3495 ed.
542 3445 629 3506 Taua,
637 3445 680 3502 lli,
693 3443 747 3493 369.
760 3443 896 3508 Regnandi,
907 3443 973 3493 dnn.

427 3525 493 3575 Eccl.
508 3524 541 3574 ad
555 3537 598 3574 an.
612 3523 758 3588 iniisti]

194 3626 291 3685 lionet
319 3622 444 3696 pontifex
475 3622 574 3680 iideies
595 3635 678 3679 sacro
699 3621 870 3693 baptismate
897 3636 988 3694 nuper

230 3713 340 3770 ablutos
358 3719 390 3770 ut
412 3719 489 3769 stent
515 3711 632 3768 tirmiter
656 3713 685 3767 in
709 3709 775 3779 ilde,
796 3725 832 3767 ne
851 3710 987 3767 arumnis

229 3799 418 3874 [tangentum
442 3799 510 3872 quin
539 3800 597 3856 imo
617 3798 792 3871 triumphent
811 3797 887 3871 quod
906 3797 987 3872 digni

228 3888 320 3956 hahiti
332 3891 388 3947 siut
402 3889 592 3950 contumelias
606 3889 663 3960 pati
680 3902 730 3960 pro
739 3886 861 3946 Christo.

235 3998 402 4062 Honorius
409 3995 594 4074 episcopus,
603 4011 719 4057 servus
732 4011 903 4058 servorum
914 3996 984 4069 Dei,

192 4094 377 4158 uenerabili
396 4093 491 4157 fratri
507 4094 672 4171 episcopo,
696 4094 730 4154 et
752 4093 883 4154 dilectis
907 4093 986 4154 filiis

193 4193 360 4254 universis
375 4191 498 4254 Christi
513 4189 665 4252 fidelibus
687 4190 819 4251 noviter
837 4189 987 4266 baptiza-

192 4291 237 4353 tis
253 4289 411 4362 Prussiae,
428 4289 568 4351 salutem
587 4291 622 4349 et
641 4287 856 4364 apostolicam
880 4287 985 4348 bene-

191 4388 381 4449 dictionem.

232 4485 363 4546 Gratias
387 4484 517 4559 agimus
538 4479 691 4558 largitori
721 4480 875 4542 omnium.
902 4497 985 4558 gra-

1046 979 1128 1040 mini
1153 981 1247 1042 stetis
1273 981 1309 1040 in
1333 981 1405 1042 iide-
1420 979 1563 1041 viriiiter
1583 979 1617 1040 et
1636 977 1838 1048 constanter,

1046 1077 1232 1139 exercendo
1251 1077 1329 1138 fidei
1350 1091 1451 1154 opera
1465 1078 1500 1138 in
1524 1076 1656 1147 virtute,
1675 1089 1740 1136 non
1756 1089 1841 1135 oon-

1045 1174 1168 1236 tristati
1197 1173 1667 1250 aliquibustribulationibus,
1695 1187 1770 1249 quae
1799 1170 1863 1232 ad*

1046 1270 1175 1348 tempus
1197 1273 1284 1338 sunt,
1302 1273 1359 1332 sed
1383 1271 1487 1332 laetati
1503 1271 1624 1347 potius,
1641 1269 1728 1346 quod
1749 1267 1841 1344 digni

1046 1368 1151 1430 babiti
1171 1369 1250 1430 estis
1271 1384 1331 1446 pro
1361 1368 1495 1430 nomine
1516 1371 1598 1430 Jesu
1622 1365 1841 1428 contumelias

1046 1467 1222 1527 sustinere.
1249 1467 1372 1528 Fidelis
1392 1466 1481 1528 enirn
1505 1468 1592 1526 Deus
1614 1480 1674 1526 nos
1698 1463 1842 1541 patietur

1046 1579 1105 1624 vos
1117 1563 1250 1630 tentari,
1272 1564 1359 1624 ultra
1382 1578 1481 1641 quam
1505 1561 1672 1624 sustinere
1694 1561 1839 1637 posside,

1046 1661 1103 1722 sed
1119 1660 1219 1722 faciet
1233 1676 1307 1721 cum
1326 1660 1510 1722 tentatione
1534 1659 1745 1736 provenium3
1763 1658 1841 1734 quia

1046 1758 1132 1834 quod
1143 1758 1409 1819 momentaneum
1421 1759 1512 1820 estet
1522 1757 1594 1840 leve
1606 1754 1839 1826 tribulationis,

1046 1855 1241 1916 immensum
1263 1855 1359 1916 vobis
1382 1855 1510 1931 pondus
1532 1853 1648 1929 gloriae
1670 1854 1838 1930 operatur.

1047 1952 1101 2013 Sic
1120 1953 1209 2014 enim
1232 1951 1470 2014 clarificabitur
1493 1951 1643 2012 Christus
1673 1951 1708 2012 in
1732 1951 1838 2021 vobis,

1046 2050 1146 2111 sivos
1160 2048 1471 2126 irreprehensibiles
1492 2048 1738 2119 conservantes,
1755 2063 1840 2123 gen-

1044 2148 1110 2208 tem
1125 2147 1280 2218 vestram,
1296 2145 1476 2206 secundum
1487 2160 1633 2216 carnem,
1648 2145 1690 2205 ad
1703 2144 1842 2205 aemula·

1045 2245 1168 2306 tionem
1190 2243 1450 2320 provocaveritis
1476 2241 1644 2314 veritatis,
1671 2242 1708 2304 ut
1739 2243 1774 2302 in
1800 2257 1840 2303 eo

1045 2342 1131 2418 quod
1147 2357 1235 2402 nunc
1251 2342 1292 2402 de
1314 2340 1407 2403 vobis
1423 2343 1581 2416 tanquam
1597 2340 1637 2400 de
1653 2338 1841 2400 malefacto·

1044 2439 1136 2499 ribus
1154 2439 1238 2500 forte
1252 2438 1422 2510 detrectat,
1440 2438 1572 2499 taudem
1590 2453 1633 2497 ex
1651 2435 1747 2498 bonis
1760 2452 1841 2513 ope-

1044 2536 1136 2597 ribus
1163 2551 1222 2598 vos
1251 2535 1466 2596 considerans
1494 2534 1536 2595 ad
1559 2532 1734 2594 Dominum
1758 2549 1840 2596 con-

1043 2633 1203 2704 vertatur,
1212 2633 1244 2694 et
1253 2649 1312 2695 vos
1321 2631 1567 2693 lucrifacientes
1579 2631 1707 2692 animas
1718 2631 1838 2692 multas

1043 2731 1122 2802 Dec,
1140 2745 1295 2791 coronam
1318 2729 1433 2805 gloriae
1448 2727 1644 2789 mereamini
1664 2727 1835 2804 potiorem.

1043 2829 1111 2890 Nos
1124 2829 1246 2899 autern,
1257 2826 1313 2903 qui
1324 2842 1394 2898 vos,
1407 2827 1575 2903 tamquam
1590 2824 1676 2887 tilios
1688 2824 1839 2888 benedic·

1042 2928 1128 2987 tosa
1149 2925 1298 2995 Domine,
1318 2903 1471 3000 gerentes
1495 2925 1530 2983 in
1547 2921 1731 2984 visceribus
1755 2923 1839 2984 cari·

1042 3023 1143 3094 tatis,
1157 3022 1364 3094 confidimus,
1389 3023 1467 3099 quia
1487 3021 1544 3100 qui
1563 3022 1664 3098 coepit
1684 3020 1720 3081 in
1742 3021 1835 3083 vobis

1042 3135 1124 3196 opus
1137 3119 1461 3200 bonum,„perticiet;
1487 3134 1591 3196 usque
1614 3119 1649 3179 iu
1669 3118 1755 3179 diem
1771 3122 1837 3180 Do-

1042 3217 1215 3286 minilesu
1230 3216 1362 3288 Christi,
1376 3216 1470 3278 vobis
1483 3217 1517 3276 in
1532 3215 1696 3283 omuibus,
1717 3216 1835 3294 quibus

1041 3331 1229 3390 possumus,
1256 3313 1475 3375 libentissime
1501 3312 1707 3385 assistemus,
1738 3329 1835 3374 omne
1946 3357 1951 3374 .

1040 3412 1135 3472 vobis
1157 3412 1312 3474 solatium
1337 3412 1371 3473 et
1393 3409 1556 3472 auxilium
1580 3410 1777 3486 impensuri3
1803 3413 1837 3473 et

1041 3524 1116 3569 cum
1134 3509 1167 3569 in
1186 3508 1371 3571 libertatem
1390 3508 1498 3570 vocati
1522 3509 1602 3569 estis
1622 3507 1733 3586 adepti
1753 3523 1835 3584 gra-

1040 3606 1121 3668 tiam
1137 3605 1293 3678 iiiiorum‚
1308 3621 1367 3668 vos
1389 3620 1578 3679 conversos,
1596 3608 1630 3667 et
1643 3608 1781 3668 caeteros
1794 3607 1835 3667 ad

1041 3703 1217 3764 Dominum
1235 3703 1474 3764 convertendos
1496 3703 1532 3763 in
1547 3703 1637 3766 omni
1657 3718 1838 3766 conserva-

1040 3799 1149 3860 bimus
1178 3799 1343 3867 libertate‚
1369 3800 1513 3876 aliisque
1534 3799 1835 3874 dignisiavoribus

1039 3913 1289 3975 prosequemur,
1315 3897 1393 3973 quia
1414 3895 1702 3960 noncommodum
1724 3911 1835 3957 rerum

1040 3994 1283 4070 temporalium,
1298 3994 1383 4070 quod
1397 3995 1462 4055 cito
1475 3993 1609 4068 periret,
1625 3992 1681 4052 sed
1692 3993 1833 4062 lucrum,

1040 4091 1126 4169 quod
1152 4093 1216 4152 erit
1239 4091 1446 4169 perpetuum,
1471 4089 1507 4150 in
1532 4088 1625 4150 vobis
1654 4089 1834 4165 quaerimus

1040 4188 1242 4252 animarum.
1763 4183 1769 4199 ’

1082 4288 1239 4362 supereo
1254 4300 1346 4358 vero,
1363 4285 1448 4362 quod
1474 4301 1540 4346 non
1564 4299 1679 4347 omnes
1698 4285 1833 4346 omnino

1040 4382 1331 4460 petitioneS„quas
1354 4398 1463 4460 nuper
1482 4381 1578 4444 nobis
1590 4383 1729 4445 dilectus
1745 4381 1834 4444 iilius

1040 4481 1205 4542 Heurlcus
1218 4479 1323 4542 irater
1336 4482 1414 4543 tuus
1428 4496 1472 4543 ex
1493 4481 1587 4559 parte
1605 4481 1674 4554 tua,
1690 4497 1834 4544 venera-

189 4580 324 4654 tiarum,
337 4582 395 4659 qul
410 4581 545 4659 propria
560 4580 716 4656 gloriaet
734 4579 857 4644 virtute
871 4579 995 4641 vosde·
1039 4577 1116 4640 bilis
1132 4577 1235 4641 irater
1257 4578 1423 4656 episcope,
1449 4577 1639 4651 destinavit,
1665 4578 1833 4656 potuimus

190 4680 295 4742 variis
310 4694 461 4740 errorum
479 4677 626 4740 tenebris
647 4677 684 4739 in
707 4674 907 4738 admirabile
929 4676 985 4737 lu·
1041 4675 1213 4747 exaudire,
1230 4691 1296 4738 nou
1311 4675 1464 4739 turbetur
1482 4690 1541 4737 cor
1554 4677 1711 4747 vestrum,
1729 4691 1836 4753 neque

190 4792 267 4838 men
282 4776 360 4838 fidei
375 4775 609 4848 advocavit,et
627 4775 661 4836 iu
679 4773 986 4850 regione-habitan·
1039 4772 1204 4841 formidet,
1215 4775 1294 4850 quia
1308 4789 1383 4835 oum
1398 4773 1440 4834 ad
1452 4772 1711 4835 succurrendum
1724 4775 1835 4835 Terrae

190 4874 279 4938 tibus
311 4873 490 4950 aliquando
518 4872 644 4933 umbrae
676 4871 792 4940 mortis
824 4871 987 4932 revelavit
1041 4871 1171 4933 sancte
1186 4871 1226 4932 de
1244 4870 1442 4932 necessitate
1456 4870 1604 4931 totaliter
1617 4885 1706 4933 nunc
1721 4871 1854 4954 inten-u

187 4971 285 5036 vobis
309 4986 369 5049 per
391 4971 559 5048 Spiritum.
573 4971 730 5036 Sanctum
743 4984 829 5040 eum,
856 4969 914 5046 qui
937 4969 987 5030 est
1040 4969 1119 5029 dere
1146 4967 1395 5044 compellamur,
1410 4981 1476 5028 non
1500 4967 1645 5044 expedit,
1662 4969 1699 5030 ut
1717 4984 1835 5030 cruce·

190 5071 251 5131 lux
269 5068 395 5140 mundi,
424 5067 528 5129 illium
552 5083 658 5130 suurn.
672 5065 847 5128 Dominum
872 5069 985 5128 lesum
1040 5065 1246 5140 signatorum
1259 5063 1423 5126 auxilium
1438 5062 1678 5136 dividatur,.ne
1692 5065 1834 5130 divisum

190 5167 368 5239 Ghristum,
387 5167 422 5226 ut
436 5165 481 5228 in.
495 5163 665 5240 agnitione
687 5163 792 5240 ipsius
814 5163 885 5224 vias
909 5163 986 5224 vitae
1040 5163 1247 5225 inveniretur
1268 5161 1400 5232 inutile,
1424 5162 1511 5238 quod
1538 5163 1692 5238 speratur
1715 5162 1834 5224 elflca-

189 5261 615 5330 certissime-ambulantes,
639 5261 696 5338 qui
718 5259 897 5336 aliquando
918 5275 985 5320 non
1040 5259 1222 5332 cissimum,
1239 5260 1375 5324 auctore
1389 5259 1751 5334 Domino,.adunatum;
1777 5261 1835 5323 sed

190 5361 332 5445 populus
345 5358 548 5432 Deiiuistis,
564 5373 651 5418 nnnc
669 5357 810 5434 populus
825 5357 883 5417 Dei
898 5357 983 5428 sitis,
1040 5357 1118 5434 quia
1131 5357 1218 5420 sicut
1236 5357 1272 5421 in
1287 5357 1426 5418 Domino
1441 5356 1647 5426 confidimus,
1665 5356 1836 5430 negotium

189 5461 222 5520 et
242 5458 300 5534 qui
320 5472 388 5518 non
410 5455 579 5518 consecuti
602 5453 876 5524 misericordiam,
896 5470 985 5515 nunc
1040 5457 1151 5516 Terrae
1179 5457 1308 5517 Sauctae
1330 5453 1539 5531 inproximo
1565 5453 1663 5516 duem
1692 5453 1835 5530 accipiet

189 5553 456 5626 misericordiam
482 5551 662 5624 consecuti,
678 5551 810 5629 possitis
831 5535 867 5611 iu
883 5551 987 5628 adop·
1040 5551 1233 5628 gloriosum,
1247 5553 1329 5620 tuno.
1346 5551 1413 5613 tota
1426 5551 1549 5618 virtute
1563 5550 1600 5612 in
1613 5550 1761 5611 vestrum
1774 5551 1836 5612 ad-

188 5655 279 5722 tione
296 5652 439 5714 tiliorum
461 5652 520 5712 Dei
542 5650 660 5712 merito
675 5648 825 5724 gloriari,
843 5649 987 5711 haeredi·
1019 5711 1025 5740 .·
1038 5648 1434 5729 jutoriumiutendemus,
1451 5650 1485 5708 et
1497 5645 1653 5722 vobis,..et
1665 5663 1725 5726 pro
1741 5649 1833 5713 vobis
