4248 6410
161 273 221 332 effi
786 263 1014 326 EPISTOLAE.
1037 264 1114 323 LIB.
1139 263 1177 322 V.
1739 259 1798 321 bas

164 429 257 491 Sedis
272 432 353 506 jugo
373 427 541 488 humiliter
566 424 775 496 submisisse3
802 423 949 499 alioquin
1004 422 1135 482 veniam
1163 419 1384 497 peccatorum.
1427 422 1470 482 Ut
1506 421 1616 481 autem
1658 417 1796 480 collecta

162 542 221 602 pro
245 529 336 590 certo
359 524 531 593 noveritis
558 521 644 598 quod
668 535 728 598 per
753 519 950 580 sententiam
1004 517 1193 594 buJusmodi
1208 517 1248 576 ad
1265 516 1513 578 subventionem
1529 516 1607 577 dicti
1623 515 1747 592 negotii
1761 517 1795 578 ct

162 623 267 694 vobis,
279 623 350 682 sine
360 636 418 698 spe
432 619 664 689 restitutionis,
679 631 836 692 expresse
850 616 949 691 abju-
1004 613 1144 676 salutem
1158 613 1302 674 vestram
1313 613 1418 689 magis
1433 612 1616 689 meliusque
1625 611 1791 688 procedat,

162 718 345 780 dicabimus
357 718 503 780 castrum
515 717 669 775 Furense
683 729 723 774 ac
742 713 827 772 alias
843 714 950 774 terras
1006 709 1180 770 scribimus
1205 708 1387 770 venerabili
1415 709 1511 772 fratri
1533 710 1646 770 nostro
1675 710 1708 768 G.
1737 705 1793 786 (1)

161 819 300 888 vestrae,
318 831 417 892 quum
443 814 589 874 castrum
602 812 711 886 ipsum
739 810 775 871 iri
799 809 950 870 ecclesiae
1004 805 1178 867 Portuensi
1192 806 1356 882 episcopo,
1373 809 1411 867 A.
1430 808 1462 866 S.
1479 805 1599 882 legato,
1614 806 1650 865 ut
1664 805 1735 881 ipse
1752 803 1794 864 ad

162 914 284 976 nostrae
304 912 514 974 commissum
537 907 701 978 inciderit,
727 907 760 967 et
774 905 868 976 alias,
896 919 951 965 se·
1005 902 1038 962 id
1053 917 1166 962 curam
1181 903 1358 978 specialem
1376 900 1558 979 impendat;
1575 917 1677 979 quare
1694 901 1795 961 devo-

162 1009 304 1072 cundum
330 1007 596 1069 constitutionem
622 1002 763 1065 Consilii
786 1000 950 1077 generalis
1004 999 1129 1059 tionem
1141 999 1283 1060 vestram
1299 1013 1468 1059 monemus
1483 999 1516 1061 et
1530 998 1745 1060 exhortamur
1758 997 1793 1058 in

162 1105 401 1183 promulgatam
424 1107 539 1166 contra
571 1101 746 1162 haereticos
779 1100 812 1160 et
836 1113 950 1159 eorum
1005 1095 1155 1166 Domino,
1179 1097 1215 1156 ut
1233 1095 1300 1156 tam
1319 1093 1382 1156 sibi
1401 1109 1498 1170 quam
1521 1095 1589 1156 illis
1611 1109 1692 1171 quos
1718 1094 1796 1154 huic

162 1203 319 1272 fautores,
340 1200 524 1277 abjudicari
544 1198 638 1260 vobis
663 1195 767 1275 possit
788 1197 821 1256 et
835 1194 952 1256 debeat
1005 1191 1190 1253 ministerio
1209 1191 1343 1252 duxerit
1364 1191 1580 1268 deputandos,
1608 1207 1667 1268 pro
1682 1190 1795 1250 divina

162 1303 252 1360 terra
259 1299 343 1374 ipsa.
351 1298 421 1358 Nec
428 1291 793 1372 confidatis...(Goetera
801 1289 949 1368 desunt.)
1005 1289 1191 1350 reverentia
1201 1288 1234 1349 et
1248 1287 1355 1349 salute
1368 1287 1547 1350 intendatis
1562 1287 1595 1347 et
1606 1287 1796 1364 acquiesca-

1005 1385 1047 1446 tis
1058 1384 1228 1445 humiliter
1242 1386 1275 1445 et
1287 1384 1413 1446 devote.
1429 1381 1577 1462 (cetera
1592 1379 1743 1460 desunt.)

163 1617 214 1677 Ad
228 1618 409 1676 universos
423 1613 549 1675 Cbrtstt
563 1613 678 1684 fideles
689 1613 726 1671 tu
735 1609 952 1671 Narbonensi
1324 1551 1476 1638 CLXVI

462 1712 652 1783 promota,
1045 1684 1758 1758 Adcoarodum.Portucusemepisomam

196 1821 445 1888 [conquassemur
457 1816 919 1883 assuerunt,penmvaisse„
1207 1782 1314 1851 card„
1329 1783 1369 1841 A.
1380 1782 1414 1841 S·
1430 1781 1591 1856 1391111111·

440 1905 457 1950 t.
473 1901 516 1960 ΙΙΙ,
525 1899 597 1965 prob.
608 1899 676 1963 aot]
1094 1891 1228 1972 [Bouquet,
1241 1890 1344 1943 Recueil
1355 1891 1398 1942 des
1410 1891 1485 1953 ilict,
1497 1889 1710 1956 t.x1x,p.⁷oo.]

163 2001 255 2074 lingis
271 2000 406 2072 acmagis
420 1998 638 2072 frigescentibus
648 1996 851 2054 catholicomm
862 2007 949 2051 cona·
1005 1999 1134 2066 Queritnr
1142 1999 1282 2054 Honorius
1297 1996 1434 2068 quosdam
1447 1997 1632 2070 episcopusin
1642 1996 1793 2054 Provincia

197 2089 271 2146 tibus
286 2086 423 2146 adversus
436 2086 600 2153 Tolosanos,
617 2085 715 2142 fideles
726 2084 875 2140 universos
884 2095 949 2154 pro·
1040 2093 1068 2141 et
1085 2086 1216 2156 prelatos
1231 2083 1448 2151 ailosfavorem,
1462 2085 1649 2141 consiliumet
1661 2084 1797 2141 auxilium

197 2178 299 2235 vinciae
312 2176 505 2234 Narbonensis
512 2175 616 2232 excitat
627 2174 768 2230 Honorius
781 2169 816 2228 ad
826 2169 952 2228 relevan-
1040 2171 1182 2230 baereticis
1193 2173 1302 2230 occulte
1313 2171 1477 2243 impendere
1485 2178 1569 2244 atque
1577 2172 1673 2244 legato
1682 2169 1801 2228 mundat

197 2264 265 2323 dum
297 2264 364 2322 fidei
391 2264 548 2336 negotium,
571 2275 756 2334 personamm
783 2259 829 2316 vel
857 2271 951 2316 rerum
1040 2268 1071 2317 ut
1084 2260 1281 2333 delinquentes
1296 2261 1422 2332 corrigat
1433 2266 1460 2316 ct
1471 2261 1579 2332 puniat,
1589 2266 1707 2333 excepto
1721 2257 1797 2330 quod

197 2353 311 2420 auxilio,
328 2359 358 2410 ut
372 2359 568 2426 pecccatorum
583 2363 700 2408 suorum
717 2347 832 2408 veniam
846 2345 952 2406 salubri
1041 2344 1077 2402 ad
1089 2358 1187 2402 eorum
1197 2346 1457 2402 exauctorationem
1471 2357 1573 2404 manus
1586 2357 1643 2400 non
1662 2341 1797 2400 exteudnt

198 2439 367 2514 compendio
381 2444 553 2498 mereantur.
1041 2432 1148 2505 absque
1160 2433 1277 2506 speciali
1292 2432 1437 2490 mandate.

202 2547 367 2610 Honorius
378 2547 562 2623 episcopus,
572 2557 688 2606 servus
697 2557 868 2604 servorum
879 2540 950 2611 Dei,
1046 2540 1713 2615 Honoriusepiscopus,servusservorum
1722 2538 1794 2610 Dei,

163 2643 328 2708 universis
336 2643 458 2705 Christi
466 2642 627 2712 fidelibus,
639 2642 707 2702 tam
715 2639 952 2716 clericisquam
1006 2635 1190 2699 venerabili
1200 2635 1295 2696 fratri
1306 2638 1340 2696 C.
1351 2635 1698 2710 Portuensiepiscopo,
1711 2637 1749 2694 Α.
1763 2636 1799 2694 S.

163 2743 270 2814 laicis,
286 2741 321 2802 in
334 2742 421 2803 terra
435 2738 610 2815 legationis
621 2735 824 2800 venerabilis
839 2734 952 2796 fratris
1007 2733 1126 2808 legato,
1144 2733 1284 2794 salutem
1306 2733 1339 2794 et
1353 2731 1568 2808 apostolicam
1589 2729 1796 2792 benedictio-

163 2840 268 2901 nostri
284 2836 454 2920 (conradi)
471 2835 665 2896 Portuensis
682 2833 839 2909 episcopi,
856 2830 952 2894 salu·
1008 2845 1094 2891 nem.

164 2936 230 2995 tem
245 2933 278 2994 et
292 2931 506 3008 apostolicam
519 2927 792 2990 benedictionem.
1047 2928 1121 2988 Non
1143 2928 1216 2988 sine
1232 2925 1452 2988 amaritudine
1471 2925 1591 2986 mentis
1610 2923 1798 2986 audivimus

203 3026 389 3104 Aliquando
413 3027 551 3088 altitudo
576 3023 718 3086 coelestis
743 3022 886 3094 consilii,
913 3021 953 3084 de
1008 3024 1041 3086 et
1054 3024 1243 3100 recipimus,
1260 3024 1345 3100 quod
1359 3023 1491 3100 quidam
1505 3021 1661 3099 episcopi.
1674 3021 1798 3098 aliique

162 3126 312 3202 hisquae
344 3124 432 3184 mala
446 3123 614 3192 videntur,
646 3121 732 3182 bona
764 3119 954 3196 frequenter
1008 3121 1136 3198 praelati
1160 3121 1193 3182 et
1215 3119 1432 3182 ecclesiastici
1447 3120 1511 3182 viri
1526 3118 1695 3180 adversari
1720 3117 1797 3178 fidei

164 3223 313 3292 eliciens,
328 3221 496 3296 negotium
512 3219 599 3290 fidei,
613 3233 674 3294 pro
689 3233 752 3294 quo
763 3217 798 3277 in
812 3216 954 3276 Provin-
1008 3218 1139 3293 negotio
1154 3233 1220 3280 non
1241 3220 1410 3288 verentur,
1432 3216 1598 3278 haereticis
1620 3229 1800 3292 eorumque

163 3320 224 3382 ciae
237 3317 384 3395 partibus
400 3319 491 3378 tanto
508 3319 579 3392 jam
601 3316 749 3391 tempore
769 3313 951 3382 laboratur,
1007 3313 1190 3376 fautoribus
1211 3313 1429 3390 impendendo
1441 3313 1598 3382 favorem,
1623 3311 1799 3372 consilium

163 3417 260 3494 quasi
283 3415 466 3476 desummo
488 3414 529 3474 ad
556 3413 623 3472 ima
644 3426 801 3472 corruere
825 3408 953 3470 occulto
1008 3410 1223 3482 etauxilium,
1240 3427 1329 3472 nunc
1341 3409 1471 3487 publice
1485 3410 1537 3471 vel
1553 3409 1679 3472 occulte
1693 3430 1699 3468 :
1715 3425 1797 3486 quos

161 3511 301 3588 judicio,
328 3511 385 3570 sed
415 3510 529 3585 utique
548 3510 651 3584 justo,
668 3508 817 3583 permisit
838 3505 953 3567 forsan
1008 3509 1037 3568 si
1053 3508 1146 3569 Sedis
1162 3507 1358 3584 Apostolicae
1373 3507 1572 3579 reverentia,
1586 3522 1659 3584 quae
1672 3506 1799 3568 tantum

163 3610 199 3668 in
224 3611 296 3685 eJ'us
323 3606 572 3675 revelationem,
600 3605 741 3666 salutem
768 3602 953 3680 praevidens
1008 3606 1147 3682 proipso
1157 3606 1289 3681 negotio
1302 3605 1476 3677 laboravit,
1489 3603 1530 3665 ab
1540 3604 1674 3665 illorum
1686 3602 1800 3666 favore

164 3705 391 3781 plurimorum,
408 3703 475 3780 qui,
493 3702 718 3764 subveniendo
734 3700 798 3778 ipsi
822 3699 953 3774 negotio
1009 3717 1074 3762 non
1088 3704 1233 3770 revocat,
1261 3702 1384 3763 diutius
1405 3702 1522 3762 saitem
1543 3702 1643 3762 timor
1661 3701 1694 3762 et
1707 3715 1802 3762 amor

163 3799 199 3860 in
217 3799 366 3875 personis
381 3800 439 3860 aut
452 3798 562 3869 rebus,
587 3797 798 3873 peccatorum
818 3809 953 3855 suorum
1009 3799 1151 3875 propriae
1165 3799 1259 3860 famae
1275 3814 1313 3859 ac
1326 3798 1442 3860 salutis
1457 3798 1616 3860 debuerat
1630 3813 1798 3858 revocare.

164 3897 295 3956 veniam
308 3895 371 3958 boc
385 3895 510 3956 salubri
524 3894 716 3974 compendio
729 3892 952 3954 merebuntur.
1009 3898 1089 3956 Cum
1110 3896 1213 3972 igitur
1233 3897 1334 3957 tantae
1359 3893 1589 3972 perversitatis
1616 3894 1742 3955 malitia
1768 3896 1802 3956 et

163 3993 341 4052 Hortamur
360 3992 461 4066 igitur
474 4007 740 4068 unumquemque
756 3990 902 4050 vestrum
923 3987 956 4048 et
1009 3994 1076 4053 tam
1101 3993 1268 4053 malitiosa
1298 3992 1499 4068 perversitas
1532 4005 1704 4051 remanere
1735 4005 1801 4050 non

165 4085 375 4146 Obsecramus
390 4087 425 4148 in
446 4087 595 4156 Domino,
612 4101 651 4146 ac
670 4087 705 4145 in
726 4084 954 4144 remissionem
1010 4089 1126 4150 debeat
1144 4088 1316 4165 impunita,
1343 4087 1531 4164 inquirendi
1556 4092 1590 4148 et
1612 4086 1801 4161 corrigendi

164 4181 259 4242 vohis
274 4181 477 4258 injungimus
491 4181 881 4256 peccatorum,quatenus
896 4194 956 4254 ag·
1009 4201 1048 4247 ac
1064 4185 1221 4263 puniendi
1245 4199 1402 4245 excessus
1425 4183 1552 4256 talium,
1577 4183 1644 4246 tam
1667 4183 1803 4259 regula-

165 4279 352 4352 ssledienles
365 4279 453 4338 Viam
466 4279 583 4348 venite,
600 4276 823 4352 111111111ᾶὶΙὶΠᾶ
842 4276 956 4350 Provi-
1010 4283 1096 4342 rium
1109 4283 1142 4344 et
1151 4283 1378 4357 exemplorum
1389 4296 1487 4357 quam
1497 4279 1637 4341 aliorum
1649 4295 1802 4357 quorum·

164 4375 276 4436 dentia
300 4373 393 4435 vobis
412 4375 519 4441 offert,
540 4373 584 4462 'ad
605 4373 855 4434 subventionem
876 4373 954 4433 dicti
1009 4378 1099 4450 libet,
1123 4379 1220 4454 prout
1241 4378 1305 4454 ipsi
1327 4377 1458 4452 negotio
1480 4377 1603 4438 videris
1631 4375 1800 4454 expedire,

164 4472 288 4546 negotii
301 4487 360 4532 vos
375 4470 540 4532 indefesso
555 4469 663 4531 studio
676 4470 869 4544 accingatis,
886 4469 956 4529 col·
1010 4475 1184 4550 privilegio
1195 4490 1253 4536 seu
1266 4474 1499 4550 appellationis
1512 4472 1634 4549 effugio
1648 4489 1713 4534 non
1724 4472 1803 4534 ois-

163 4567 280 4629 lectam
303 4569 436 4631 interim
460 4583 531 4640 vos,
548 4567 646 4643 prout
667 4567 826 4627 Dominus
849 4567 956 4642 inspi-
1008 4572 1110 4643 tante,
1132 4571 1270 4632 liberam
1293 4571 1355 4632 tibi
1374 4571 1585 4633 concedimus
1606 4570 1802 4632 auctoritate

163 4667 296 4735 raverit,
313 4665 483 4738 facientes,
503 4666 575 4727 ulii
591 4665 647 4742 qui
669 4662 805 4725 addicti
829 4665 954 4738 negotii
1009 4668 1222 4744 praesentium
1238 4667 1437 4740 facultatem,
1456 4667 1801 4744 eodumtaxatexcep·

163 4759 409 4822 subventionem
433 4761 641 4838 nequiverint
657 4760 832 4837 proficisci,
853 4761 955 4836 profl-
1009 4765 1052 4836 to,
1068 4770 1103 4826 ut
1118 4765 1158 4826 ad
1173 4764 1412 4841 depositionem
1428 4763 1656 4840 episcoporum
1669 4780 1802 4824 manum

162 4857 331 4918 ciscnntur
345 4859 461 4920 saltem
471 4875 530 4936 per
542 4860 604 4935 piac
616 4858 845 4919 subventionis
857 4858 954 4918 auxi·
1009 4861 1080 4921 sine
1089 4861 1202 4922 nostra
1212 4861 1348 4938 speciali
1359 4861 1494 4921 licentia
1505 4875 1572 4922 non
1586 4859 1801 4940 extendas(2)

162 4953 253 5026 lium,
269 4955 448 5014 secundum
463 4955 648 5016 devotionis
659 4953 813 5016 ardorem
828 4956 861 5016 et
875 4953 955 5014 sub-
1009 4957 1092 5017 alias
1108 4973 1175 5028 eos,
1190 4959 1287 5034 prout
1301 4973 1355 5018 res
1370 4957 1530 5032 exegerit,
1547 4957 1650 5018 libere
1665 4959 1802 5035 punitu-

161 5049 238 5110 sidii
285 5051 523 5126 quantitatem,
568 5051 778 5112 consecuturi
819 5065 954 5111 suorum
1009 5069 1076 5114 rus.
1094 5051 1406 5132 (Creterodcsuet.)

155 5237 159 5248 .
196 5195 236 5268 (Ι)
254 5195 408 5265 conradus,
429 5196 622 5256 Cisterciensis
649 5197 745 5266 abbas,
775 5212 851 5256 enno
873 5199 951 5264 late,
1009 5201 1036 5256 in
1059 5199 1249 5258 additionibus
1265 5200 1376 5272 adeius
1396 5199 1544 5258 historiam
1559 5201 1637 5274 regis
1658 5199 1800 5272 Philippi:

160 5267 248 5349 vadit·
261 5269 379 5349 Rotnani
408 5283 473 5350 cuin
495 5269 557 5324 aliis
581 5267 729 5324 abbatibus
754 5283 805 5348 pro
828 5269 954 5348 ¹negotiis
1008 5269 1083 5326 uude
1100 5271 1261 5343 colligimus
1276 5286 1331 5342 quo
1347 5279 1473 5398 temgore
1494 5272 1559 5328 data
1573 5271 1656 5328 fuerit
1669 5271 1799 5342 epistola,

160 5339 275 5405 ordinis,
287 5337 382 5409 ibique
395 5339 546 5410 eligituret
560 5346 741 5394 cousecratur
752 5353 779 5394 m
789 5352 952 5409 episcopum
1007 5342 1052 5398 cui
1069 5355 1122 5396 nec
1131 5341 1203 5408 dies,
1217 5356 1270 5398 nec
1282 5355 1400 5397 annosa
1423 5343 1477 5398 scri
1499 5343 1518 5398 ti
1530 5348 1606 5398 sunt.

161 5411 344 5464 Portuensem
352 5409 490 5480 ;qui,uou
502 5408 590 5464 multo
599 5407 811 5478 postlegatione
822 5417 952 5479 suscepta
1044 5409 1085 5482 (2)
1106 5413 1263 5483 Sequentes
1287 5411 1422 5483 epistolas
1446 5427 1571 5482 quinque
1590 5409 1625 5468 ad
1640 5408 1799 5467 Conradum

163 5487 260 5534 contra
276 5480 445 5548 Albigenses
462 5479 865 5549 perginseiticetanuo1220,
882 5487 951 5535 tein-
1007 5481 1041 5538 Α.
1058 5483 1086 5538 S.
1101 5482 1238 5552 legatum,
1254 5496 1288 5537 ex
1306 5481 1422 5538 areliivo
1446 5481 1639 5538 Narbonensis
1660 5479 1799 5547 ccclesiae,

159 5563 227 5618 pore
242 5549 479 5622 quadragesim-e,
496 5556 578 5620 prout
592 5546 675 5604 docet
686 5548 851 5606 Guillalrnus
864 5551 949 5619 Brito,
1007 5550 1143 5608 informes
1155 5560 1184 5608 ot
1196 5553 1272 5610 nullo
1287 5552 1416 5624 signatas
1426 5567 1501 5608 auno
1510 5550 1607 5619 aedis,
1620 5565 1801 5622 nequaquam
