4230 6388
23 313 28 354 1

21 475 30 518 ἰ

21 672 28 716 t

21 771 25 812 1

150 300 217 360 aas
635 361 640 369 ,
766 301 1167 380 persectantes.
1485 374 1487 379 ,
1740 309 1801 374 aso

143 453 304 536 justitiae,
332 469 431 532 quam
452 456 488 516 in
510 455 603 520 illam
631 457 719 520 diem
745 458 860 522 reddet
884 460 953 522 illis

151 552 318 613 Dominus
329 553 441 630 justus
456 555 474 614 J
478 550 576 614 udex.
600 555 719 617 Datum
732 554 900 628 Laterani,
917 559 953 618 ut

153 665 270 728 supra,
283 665 371 711 anno
387 649 512 728 quinto.

420 973 690 1086 cuuuxxvn

271 1125 323 1186 Ad
340 1125 593 1185 moreastertum
610 1127 645 1185 S.
662 1124 837 1200 stephana.

445 1264 478 1320 n
492 1263 565 1336 janu
579 1263 658 1322 33.

323 1385 639 1450 [13330301103110301313
652 1387 704 1451 pia,
718 1385 786 1452 1111]

154 1509 229 1568 lllud
244 1511 448 1568 monasterium
464 1515 492 1567 et
511 1509 572 1583 ejus
588 1511 786 1584 possessiones
805 1508 858 1568 031
876 1507 953 1568 10311

293 1600 368 1656 Ρο131
383 1598 558 1670 protectione
577 1606 606 1656 et
621 1611 673 1656 sua
689 1599 817 1672 suscipit.

198 1731 366 1794 Honorius
377 1733 562 1810 episcopus,
572 1747 688 1796 servus
697 1747 870 1796 servorum
880 1732 951 1804 Dei,

155 1829 386 1900 salutemetc.

198 1926 401 2000 Religiosam
412 1926 513 1988 vitam
525 1926 724 2003 eligentibus
735 1927 954 2004 apostolicum

154 2023 315 2084 convenit
326 2022 442 2084 adesse
459 2023 663 2102 praesidium,
679 2041 720 2086 30
736 2025 820 2086 forte
835 2027 952 2101 cujus-

154 2119 238 2181 libet
252 2120 449 2182 temeritatis
464 2121 630 2192 incursus,
651 2124 708 2182 aut
723 2137 780 2182 eos
798 2136 817 2181 a
833 2136 955 2197 propo·

155 2217 232 2289 sito,
248 2217 306 2278 aut
319 2217 433 2288 robur,
451 2218 536 2293 quod
548 2217 644 2287 absit,
660 2233 765 2278 sacrae
778 2217 952 2292 religionis

154 2313 327 2389 infringat.
344 2317 536 2392 Eapropter,
547 2314 755 2376 dilectissimi
770 2315 804 2375 in
812 2314 953 2375 Domino

155 2410 229 2482 filii,
243 2411 363 2473 vestris
369 2411 471 2488 justis
483 2410 761 2486 postulationihus
774 2412 954 2471 clementer

155 2508 345 2578 annuimus,
365 2509 397 2568 et
411 2507 649 2568 monasterium
664 2507 776 2568 Sancti
793 2507 953 2584 Stephani

156 2603 382 2682 cadomensis,
405 2604 439 2664 in
455 2619 519 2680 quo
538 2604 652 2664 divino
677 2603 856 2680 mancipati
872 2603 953 2664 estis

157 2701 334 2778 obsequio,
362 2700 403 2759 ad
438 2700 610 2776 exemplar
642 2699 749 2761 felicis
785 2701 952 2761 memoriae

156 2797 339 2858 Alexandri
360 2799 459 2873 Papae
479 2799 535 2868 ΙΙΙ,
558 2797 813 2874 praedecessoris
835 2798 952 2866 nostri,

157 2897 251 2971 cujus
274 2894 440 2970 privilegii
454 2895 616 2967 tenorem,
634 2895 668 2954 13
686 2897 758 2971 ejus
775 2894 952 2971 perspexi-

156 3005 230 3050 mus
259 2988 421 3050 contineri
446 2992 593 3064 regesto;
618 2989 652 3049 in
677 2991 731 3065 J'us
757 2991 789 3050 et
815 2989 952 3050 tutelam

156 3086 245 3148 beati
260 3085 362 3154 Petri,
377 3087 410 3146 et
424 3088 582 3158 nostram,
600 3085 809 3162 suscipimus,
826 3087 859 3148 et
871 3101 954 3164 prae·

158 3183 261 3244 sentis
277 3183 391 3258 scripti
412 3173 586 3258 privilegio
607 3184 848 3244 communimus
864 3205 871 3244 ε
889 3185 953 3245 sta·

156 3282 298 3352 inantea,
316 3281 352 3342 ut
363 3295 586 3358 quascumque
602 3281 839 3356 possessiones,
858 3296 951 3358 quae-

157 3393 297 3454 cumque
320 3377 408 3438 bona
428 3377 515 3438 idem
536 3378 785 3450 monasterium,
803 3378 838 3438 in
860 3393 951 3455 prae-

158 3473 341 3536 sentiarum
356 3475 458 3550 juste,
475 3490 515 3535 ac
536 3476 696 3536 canonice
720 3474 876 3552 possidet,
894 3478 953 3537 aut

157 3571 365 3644 infuturum,
383 3571 597 3633 concessione
617 3573 826 3644 Pontificum,
843 3573 951 3648 largi-

157 3669 246 3730 tione
261 3683 387 3744 regum,
402 3669 454 3730 vel
471 3669 669 3746 principum,
686 3669 853 3731 oblatione
866 3670 951 3731 dde-

157 3765 249 3838 lium,
266 3781 324 3826 seu
340 3765 416 3828 aliis
427 3767 527 3842 justis
543 3767 659 3838 modis,
676 3767 855 3844 praestante
878 3768 949 3828 Do-

157 3865 257 3937 mino,
274 3863 396 3940 poterit
410 3863 562 3940 adipisci,
584 3864 679 3925 firma
691 3865 798 3937 vebia,
813 3866 952 3925 vestris·

158 3975 220 4036 que
241 3959 489 4020 successorihus
509 3960 636 4023 illibata
654 3963 881 4038 permaneant.
901 3960 950 4022 Ad

157 4053 239 4126 haec,
254 4054 404 4130 praedicti
425 4056 646 4116 antecessoris
662 4057 785 4116 nostris
800 4057 951 4133 vestigiis

157 4151 369 4221 inhaerentes
385 4151 571 4222 statuimus,
585 4152 712 4212 nullum
724 4152 951 4214 ecclesiastica

158 4265 215 4310 seu
227 4246 381 4309 saeculari
398 4247 569 4324 praeditum
593 4247 765 4323 dignitate,
787 4249 822 4310 iu
837 4249 948 4321 rebus,

156 4345 206 4406 vel
223 4343 470 4422 dispensatione
485 4344 679 4406 monasterii
693 4345 869 4422 praelibati,
891 4347 951 4407 ali-

158 4457 254 4519 quam
268 4441 402 4512 habere,
419 4441 542 4517 praeter
557 4457 731 4502 romanum
748 4443 949 4519 pontificem,

156 4541 350 4616 potestatem
363 4561 370 4598 :
381 4539 437 4600 sed
450 4554 547 4600 omne
555 4541 612 4616 jus
623 4539 728 4616 ipsius
742 4541 948 4614 monasterii,

157 4637 196 4698 ad
220 4635 455 4699 sollicitudinis
486 4637 624 4710 nostrae,
654 4653 950 4716 successorumque

157 4737 343 4797 nostrorum
366 4735 577 4796 decernimus
600 4735 744 4796 studium
769 4737 947 4812 pertinere.

159 4833 191 4893 Si
213 4836 324 4893 autem
346 4833 490 4909 alicujus
515 4832 662 4910 episcopi
683 4833 835 4894 molestia
857 4849 948 4910 prae-

156 4930 284 5006 gravati
310 4928 456 5000 fueritiS,
483 4931 697 5007 sanctamque
725 4931 948 5007 Apostolicam

158 5025 272 5088 Sedem
299 5025 558 5102 appellaveritis,
581 5027 685 5088 donec
711 5043 812 5090 causa
836 5029 949 5089 vestra

157 5123 196 5184 ad
206 5125 391 5185 Romanum
403 5123 571 5184 deferatur
582 5125 781 5200 pontificem,
795 5125 827 5187 et
842 5125 882 5186 31
896 5141 946 5198 eo,

155 5220 206 5283 vel
225 5221 266 5281 de
287 5219 442 5282 mandato
455 5220 560 5296 ipsius
573 5221 779 5293 terminetur,
799 5221 882 5282 nulli
896 5223 949 5283 ul-

155 5319 256 5381 terius
280 5317 510 5394 episcoporum
531 5317 632 5380 liceat
651 5319 766 5381 contra
782 5334 840 5380 vos
856 5318 947 5381 litem

156 5431 296 5478 movere.
324 5414 544 5476 Prohihemus
568 5415 668 5476 etiam
690 5431 733 5476 ne
754 5401 947 5492 Bajocensis

156 5513 340 5590 episcopus,
357 5526 416 5589 pro
439 5509 585 5588 qualibet
599 5510 739 5584 abbatis,
753 5513 807 5574 vel
826 5529 946 5576 mona-

157 5610 290 5671 chorum
310 5610 419 5686 culpa,
437 5623 494 5671 eos
514 5611 694 5687 praesumat
712 5612 945 5674 excommuni-

1008 477 1097 535 care,
1118 462 1172 524 vel
1191 462 1226 526 in
1254 463 1457 526 monasterio
1484 463 1634 528 divinum
1654 466 1799 538 officiunt

1008 559 1197 636 prohibere.
1219 560 1366 623 Oheunte
1385 577 1464 624 vero
1484 563 1526 634 te,
1544 579 1633 624 nunc
1653 566 1800 640 ejusdem

1008 657 1073 718 loci
1095 657 1224 730 311310,
1241 659 1440 720 veltuorum
1457 659 1603 736 quolibet
1622 677 1799 725 successo·

1007 767 1092 826 rum,
1108 753 1219 814 nullus
1242 752 1289 814 111
1311 754 1431 816 3013113
1450 754 1598 832 qualibet
1614 756 1802 834 subreptio-

1008 849 1072 920 nis,
1099 865 1160 912 seu
1188 850 1332 922 malitia,
1360 854 1587 928 praeponatur,
1610 853 1676 916 nisi
1702 869 1800 931 quem

1008 945 1127 1007 fratres
1143 948 1310 1008 communi
1328 963 1478 1020 assensu,
1497 949 1550 1010 vet
1566 949 1706 1012 fratrum
1721 967 1800 1028 pars

1008 1044 1152 1107 senioris
1169 1045 1311 1116 consilii,
1325 1044 1506 1106 secundum
1517 1046 1576 1106 Dei
1589 1046 1751 1120 timorem,
1768 1047 1802 1111 et

1008 1143 1044 1200 Β.
1061 1140 1231 1202 Benedicti
1258 1142 1418 1217 regulam,
1440 1143 1645 1218 providerint
1668 1144 1800 1220 eligen-

1007 1239 1097 1298 dum.
1115 1241 1292 1309 Praeterea,
1307 1237 1430 1299 liberas
1446 1241 1478 1300 et
1495 1239 1664 1304 absolutas
1681 1257 1800 1318 perso-

895 1383 902 1394 .
1007 1350 1069 1396 nas
1084 1335 1237 1396 esaeculo
1250 1334 1426 1410 fugientes,
1442 1335 1542 1398 liceat
1555 1337 1649 1400 vohis
1664 1340 1705 1400 ad
1720 1355 1802 1401 con·

1008 1432 1197 1494 versionem
1209 1433 1353 1496 vestram
1367 1432 1549 1510 suscipere,
1564 1435 1597 1496 et
1606 1451 1664 1506 eas
1676 1434 1801 1513 absque

1008 1529 1110 1590 ullius
1126 1529 1387 1592 contradictione
1406 1530 1441 1590 in
1460 1530 1570 1593 vestro
1586 1531 1726 1608 collegio
1741 1548 1800 1594 30-

1008 1625 1126 1686 tinere.
1143 1627 1293 1686 chrisma
1307 1642 1397 1698 vero,
1412 1627 1521 1688 oleum
1536 1629 1698 1702 sanctum,
1713 1629 1803 1691 dedi·

1009 1723 1156 1784 cationes
1176 1723 1403 1797 ecclesiarum,
1427 1726 1696 1788 consecrationes
1716 1727 1803 1788 alta-

1009 1821 1107 1893 rium,
1134 1820 1360 1882 ordinationes
1383 1823 1618 1885 monachorum
1644 1824 1801 1885 0131031-

1009 1933 1123 1980 corum
1146 1919 1351 1990 vestrorum,
1380 1921 1436 1996 qui
1462 1919 1502 1980 ad
1530 1936 1643 1982 sacros
1668 1920 1802 1982 ordines

1009 2014 1390 2090 130313133033030311;
1415 2015 1576 2076 laicorum
1601 2018 1716 2090 etiam,
1745 2017 1803 2096 qui

1010 2110 1198 2171 criminalia
1216 2111 1352 2188 peccata
1372 2113 1584 2181 incurrerint,
1601 2114 1753 2187 consilia,
1769 2114 1804 2177 et

1009 2208 1278 2284 poenitentiarum
1307 2208 1549 2285 injunctiones,
1579 2226 1599 2270 a
1627 2211 1804 2288 Bajocensi

1009 2304 1197 2380 suscipietis
1224 2305 1397 2382 episcopo,
1429 2307 1591 2382 siquidem
1620 2307 1803 2370 catholicus

1008 2401 1125 2472 fuerit,
1154 2403 1187 2462 01
1219 2403 1378 2476 gratiam,
1406 2403 1505 2480 atque
1540 2404 1804 2466 communionem

1009 2499 1206 2574 spostolicae
1235 2499 1329 2558 Sedis
1352 2498 1516 2572 hahuerit,
1542 2501 1576 2562 et
1595 2501 1655 2562 1113
1679 2502 1802 2577 gratis,

1010 2595 1222 2672 absque-ulla
1248 2597 1409 2672 pravitate
1428 2597 1522 2658 vobis
1541 2598 1685 2660 voluerit
1706 2599 1804 2660 exhi-

1008 2693 1086 2753 bere
1101 2709 1108 2752 :
1124 2693 1272 2770 alioquin
1286 2693 1385 2755 liceat
1399 2691 1493 2755 vohis
1508 2710 1605 2772 quem
1618 2694 1803 2758 malueritis

1009 2789 1207 2872 catholicum
1222 2789 1316 2850 adire
1330 2790 1523 2863 antistitem,
1542 2793 1598 2868 qui
1613 2793 1726 2854 nostra
1744 2793 1805 2854 ful·

1007 2887 1061 2947 tus
1078 2887 1285 2958 auctoritate,
1304 2888 1388 2966 qnod
1402 2889 1600 2965 3001313133,
1612 2890 1802 2967 indulgeat:

1008 2985 1041 3046 et
1055 2985 1200 3046 maxime
1217 2984 1247 3045 si
1269 2985 1496 3047 ordinationes
1517 2988 1755 3049 monachorum
1771 2989 1806 3050 et

1008 3081 1205 3143 clericorum
1224 3083 1422 3155 vestrorum,
1449 3083 1536 3145 ultra
1558 3085 1657 3146 unius
1678 3087 1803 3147 mensis

1008 3179 1164 3256 spatium,
1188 3179 1369 3241 secundum
1393 3179 1478 3257 quod
1499 3180 1540 3241 31
1566 3181 1681 3242 eodem
1708 3183 1804 3243 ante-

1008 3291 1139 3338 cessore
1155 3279 1267 3338 nostro
1287 3278 1444 3339 statutum
1461 3279 1521 3350 est,
1539 3277 1713 3355 episcopus
1732 3283 1801 3340 Β3-

1003 3374 1152 3452 jocensis
1164 3373 1340 3436 distulerit.
1352 3375 1569 3436 Decernimus
1580 3391 1659 3452 ergo
1671 3375 1803 3438 utnulli

1008 3472 1142 3532 omnino
1166 3472 1336 3533 hominum
1357 3471 1456 3534 liceat
1476 3474 1648 3550 praefatum
1669 3490 1805 3536 monas-

1006 3570 1127 3631 terium
1142 3570 1266 3631 temere
1286 3570 1492 3647 perturbare,
1509 3573 1568 3632 aut
1581 3575 1654 3649 ejus
1669 3587 1804 3650 posses·

1008 3667 1119 3729 siones
1134 3668 1278 3738 auferre,
1302 3668 1354 3729 301
1377 3667 1545 3730 abhatiam
1562 3671 1717 3742 retinere,
1735 3671 1802 3730 mi-

1008 3764 1801 3844 nuere,seuquibuslibetvexationihusfatigare,

1007 3861 1064 3922 sed
1080 3862 1207 3923 illibata
1224 3863 1346 3930 omnia,
1368 3864 1401 3924 et
1417 3864 1547 3938 integra
1564 3866 1804 3926 conserventur

1007 3974 1131 4028 eorum,
1156 3974 1215 4035 pro
1237 3973 1377 4035 quorum
1398 3959 1643 4034 gubernatione
1665 3976 1706 4021 ac
1727 3977 1804 4022 sus-

1005 4055 1189 4116 tentatione
1205 4069 1363 4116 conccssa
1377 4056 1581 4118 0331301130
1602 4058 1802 4132 omnimodis

1006 4151 1190 4229 profutura,
1215 4151 1307 4212 03133
1330 4152 1424 4213 Sedis
1443 4154 1633 4230 Apostolica
1648 4156 1800 4217 auctori-

1006 4248 1090 4323 tate;
1107 4247 1134 4308 si
1152 4263 1216 4324 qua
1232 4249 1334 4324 igitur
1349 4250 1384 4310 in
1399 4248 1546 4310 futurum
1562 4247 1799 4328 ecclesiastica,

1006 4345 1219 4407 saecularisve
1238 4361 1379 4423 3030033
1394 4347 1481 4409 hauc
1496 4351 1619 4411 nostrae
1639 4353 1802 4413 constitu-

1005 4443 1105 4505 tionis
1127 4442 1284 4520 paginam
1309 4445 1418 4506 sciens
1445 4451 1561 4508 contra
1582 4464 1655 4508 eam
1676 4449 1801 4512 temere

1004 4541 1120 4602 venire
1132 4541 1322 4610 tentaverit,
1336 4544 1493 4615 secundo,
1508 4545 1648 4606 tertiove
1661 4563 1803 4608 commo·
1832 4559 1835 4566 ’

1006 4639 1085 4710 3113,
1100 4637 1163 4700 3101
1178 4641 1469 4716 praesumptionem
1484 4657 1577 4702 suam
1591 4643 1692 4720 digna
1707 4645 1802 4707 satis·

1004 4735 1148 4797 factione
1170 4737 1365 4809 correxerit,
1392 4738 1574 4814 potestatis,
1597 4739 1801 4820 honorisque

1005 4833 1057 4891 sui
1070 4831 1230 4908 dignitate
1246 4829 1377 4900 careat,
1387 4847 1543 4911 reamque
1559 4851 1595 4896 se
1615 4835 1726 4899 divino
1739 4841 1800 4916 ju-

1004 4928 1091 4990 dicio
1111 4929 1243 5001 existat,
1267 4930 1307 4990 de
1331 4933 1519 5006 perpetrata
1543 4931 1719 5011 iniquitate
1742 4952 1801 4997 30-

1004 5028 1142 5104 gnoscat
1157 5049 1164 5085 :
1183 5028 1216 5089 et
1229 5043 1249 5087 a
1262 5027 1488 5089 sacratissimo
1504 5045 1644 5108 corpore
1666 5049 1706 5094 ac
1721 5049 1801 5093 san-

1003 5123 1104 5200 guine
1127 5124 1197 5196 Dei,
1221 5125 1255 5186 et
1278 5125 1409 5186 Domini
1436 5126 1666 5204 Redemptoris
1692 5129 1799 5192 nostri

1002 5225 1081 5284 lesu
1097 5221 1218 5283 Christi
1238 5222 1350 5283 aliena
1370 5221 1428 5284 1131
1445 5240 1454 5278 :
1473 5226 1573 5301 atque
1593 5225 1628 5285 in
1650 5228 1798 5288 extremo

1004 5320 1157 5380 examine
1168 5319 1325 5381 districtae
1338 5320 1509 5397 suhjaceat
1519 5321 1648 5384 ultioni.
1662 5323 1797 5385 Cunctis

1003 5418 1112 5477 autem
1135 5415 1242 5478 eidem
1267 5415 1339 5478 loco
1364 5433 1423 5478 sua
1435 5421 1512 5495 jura
1529 5419 1739 5481 servantibus
1755 5421 1799 5484 sit

1002 5529 1069 5591 pax
1084 5513 1215 5574 Domini
1237 5513 1438 5576 3001311003
1460 5515 1612 5576 Christi:
1634 5517 1798 5594 quatenus

1001 5611 1034 5674 et
1048 5611 1104 5674 hic
1121 5609 1263 5672 fructum
1278 5611 1373 5674 honae
1391 5612 1535 5674 actionis
1553 5614 1749 5692 percipiant,
1766 5616 1799 5679 et
