4300 6392
314 307 371 368 bai
933 305 1109 366 HONORII
1132 305 1176 364 111
1197 307 1346 368 OPERA.

1902 311 1964 372 532

315 465 366 528 est
380 456 1113 536 necessitatisarticuloconstitutus,tanioest
1166 464 1310 536 decano,
1340 463 1577 528 archidiacono
1606 469 1639 530 01
1668 469 1796 530 cantori
1821 470 1958 530 Trecen.

316 563 436 641 majori
451 563 673 626 sollieitudine
689 561 955 640 praecavendum,
972 576 1014 622 ne
1030 575 1114 638 qua·
1207 563 1411 639 conquestus
1425 556 1485 625 'est
1506 563 1601 625 nobis
1627 565 1831 626 venerabilis
1855 565 1961 628 trater

315 656 396 719 libet
413 658 588 726 occasione
610 657 715 736 possit
738 671 852 718 eorum
869 654 1024 732 impediri
1043 669 1115 715 suc-
1168 660 1282 720 noster
1300 660 1475 738 episcopus
1502 661 1685 737 Lingonsn.
1710 663 1833 740 quod...
1859 663 1961 724 abbas

316 768 444 826 cursus,
470 754 504 815 et
526 753 739 815 inimicorum
766 753 875 814 crucis
890 749 1014 813 Christi
1037 765 1114 812 con·
1136 829 1137 832 Ἴ
1169 756 1391 817 Pulteriarum
1407 757 1629 834 Lingonensis
1643 759 1795 820 dioecesis
1808 761 1875 820 tres
1888 777 1964 820 mn-

288 847 291 850 ’
317 849 404 914 uuo
425 850 669 930 quomodolibet
691 850 846 912 relevari.
866 851 952 910 Sane
970 848 1012 910 ed
1041 863 1116 909 nos·
1168 853 1268 915 lieres
1283 853 1323 916 de
1334 854 1569 931 jurisdictione
1583 855 1690 934 ipsius
1705 854 1851 935 episcopi
1866 858 1961 917 exis-

318 947 405 1009 tram
429 948 562 1008 noveris
584 946 786 1008 audientiam
800 947 1003 1024 pervenisse,
1025 944 1113 1022 quod

320 1057 394 1104 cum
409 1042 491 1104 iilud
501 1043 769 1120 quadriennium,
792 1059 855 1121 quo
875 1041 938 1104 tuit
954 1040 1014 1103 sub
1030 1057 1115 1102 ana-

317 1139 463 1201 themate
477 1140 512 1202 in
532 1140 684 1216 generali
710 1140 858 1202 Concilio
887 1139 1112 1209 interdictum,

321 1251 364 1298 ne
382 1237 562 1299 Christiani
589 1237 772 1299 transirent
785 1238 819 1298 in
834 1238 942 1298 terras
959 1237 1116 1298 sarrace-

319 1349 450 1408 norum,
467 1335 524 1413 qui
536 1336 647 1411 partes
656 1335 836 1396 orientales
849 1333 1050 1404 inhabitant,
1061 1331 1114 1392 vei

319 1431 583 1494 transmitterent
608 1445 710 1493 nares
730 1443 820 1500 suas,
845 1431 882 1492 ut
895 1441 955 1507 per
972 1430 1035 1491 boc
1049 1444 1114 1489 vo·

321 1527 465 1588 lentibus
488 1527 706 1590 mansuetam
731 1528 766 1588 10
794 1523 978 1588 subsidium
1001 1528 1113 1586 Terrae

322 1625 452 1686 Sanctae
476 1627 586 1701 major
610 1624 736 1700 navigii
760 1624 856 1700 eopia
881 1623 1064 1700 pararetur,
1080 1623 1115 1682 et

323 1721 516 1782 sarracenis
545 1721 712 1797 praediotis
738 1719 990 1782 subtraheretur
1016 1717 1116 1779 auxi·

321 1815 419 1889 lium,
437 1817 522 1894 quod
548 1833 590 1879 ex
613 1818 676 1879 boc
697 1817 749 1878 eis
774 1817 948 1894 pervenire
970 1829 1115 1876 consue·

321 1913 425 1984 verat,
451 1913 494 1974 sit
508 1913 668 1989 elapsum,
685 1911 904 1982 Massiliensis
926 1910 1116 1988 cupiditatis

323 2009 479 2071 inebriati
494 2025 633 2082 veneno,
646 2011 833 2072 Mammona
849 2010 916 2070 Deo
937 2009 970 2069 et
984 2008 1117 2070 terrena

323 2105 513 2167 coelestibus
522 2120 561 2168 ac
575 2107 768 2168 transitoria
777 2106 1006 2183 praeponentes
1018 2105 1118 2165 aeter-

323 2202 387 2273 nis,
413 2202 495 2262 duas
519 2218 620 2264 naves
646 2216 835 2279 praeparare
862 2203 1015 2265 nituntur
1043 2214 1117 2260 eum

323 2298 549 2361 mercimoniis
572 2300 607 2360 in
625 2299 864 2362 Alexandriam
883 2297 1116 2360 transmitten-

324 2395 395 2467 das,
414 2395 449 2456 in
472 2396 664 2457 scandalum
684 2397 717 2458 et
732 2395 1016 2458 conturbationem
1038 2395 1119 2455 iide-

325 2490 418 2562 iium,
430 2491 463 2553 et
477 2490 622 2553 hostium
635 2490 758 2553 Christi
775 2491 933 2567 gaudium
947 2492 980 2552 et
993 2488 1120 2565 proteo-

322 2587 405 2648 tum.
422 2589 501 2648 Cum
510 2588 614 2664 igitur
625 2604 668 2650 ex
677 2587 739 2650 hoc
753 2603 931 2649 succursus
945 2585 1118 2648 christiani

323 2685 490 2747 exercitus
511 2701 577 2746 non
593 2685 637 2747 sit
652 2684 787 2746 dubium
803 2683 970 2760 impediri,
991 2685 1025 2745 et
1039 2683 1120 2744 bos-

322 2781 405 2843 tium
426 2783 632 2844 commodum
647 2784 895 2858 proventurum,
915 2779 1115 2841 fraternitati

324 2879 390 2938 iuae
406 2893 465 2954 per
477 2878 666 2954 Apostolica
683 2877 807 2954 scripta
826 2877 974 2940 districte
998 2876 1120 2954 praeui-

323 2974 444 3051 piendo
464 2976 670 3046 mandamus,
687 2977 848 3052 quatenus
863 2975 1118 3052 praesumptores

325 3071 501 3148 praedictos
518 3071 559 3132 ab
581 3071 771 3149 hujusmodi
789 3071 979 3134 temeritate·
998 3069 1118 3146 populo

325 3167 508 3230 christiano
539 3169 709 3236 damnosa,
725 3167 907 3229 monitione
930 3167 1116 3244 praemissa,

327 3280 387 3341 per
400 3265 755 3327 excommunicationis
773 3264 970 3327 senteutiam
989 3263 1024 3323 in
1048 3277 1120 3339 per·

327 3361 430 3434 sonis,
457 3362 490 3423 et
509 3363 544 3423 in
567 3363 734 3424 civitatem
759 3377 873 3423 eorum
896 3360 1119 3422 arctissimum

326 3457 1120 3536 interdictum,subiatocujuslibstcontradictio-

328 3553 380 3615 010
402 3556 434 3617 01
456 3554 689 3632 appellationis
704 3556 846 3633 objectu,
870 3569 1071 3631 compescas,
1087 3554 1119 3614 et

326 3651 483 3730 quoniam
521 3651 710 3729 huiusmodi
744 3651 918 3713 christiani
953 3651 1119 3712 exercitus

325 3749 521 3812 necessitate
541 3749 681 3810 durante
703 3748 897 3826 predictum
909 3745 1120 3825 quadriennii

324 3847 538 3908 interdictum
559 3844 693 3923 expedit
714 3846 887 3923 prorogari
903 3844 1055 3906 omnibus
1074 3844 1121 3903 in·

325 3941 551 4006 habitantibus
571 3945 680 4021 partes
696 3944 879 4006 maritimas
898 3942 959 4004 sub
980 3941 1122 4003 anathe-

324 4043 412 4104 mate
426 4040 619 4114 interdicas,
637 4056 679 4102 ne
698 4041 733 4102 10
756 4036 864 4104 terras
886 4039 1120 4118 predictorum

325 4139 469 4203 bostium
495 4139 618 4202 Christi
643 4139 799 4210 transire,
822 4138 875 4200 vel
903 4151 1007 4198 naves
1039 4149 1119 4196 suas

324 4236 550 4298 transmittere
581 4251 683 4298 causa
716 4233 954 4311 negotiationis
989 4247 1120 4309 praesu·

322 4334 427 4404 mant,
448 4344 620 4410 quousque
641 4333 764 4394 Christi
784 4331 953 4407 negotium
972 4330 1120 4405 optatum

326 4431 547 4506 consequatur
568 4428 731 4490 effectum.
756 4429 874 4488 Datum
892 4426 978 4504 apud
1000 4425 1121 4487 Urbem

325 4526 489 4596 Veterem,
507 4525 605 4588 tertio
617 4525 692 4584 idus
705 4523 878 4600 septemb,
891 4539 978 4584 anno
992 4522 1118 4599 quinio.

367 4625 403 4684 in
414 4621 564 4683 eumdem
579 4621 712 4681 modum
725 4621 883 4695 scriptum
896 4622 950 4680 est
964 4619 1120 4695 episeopo

327 4721 484 4781 Portnen.
504 4717 702 4795 apostoliea
717 4715 811 4778 Sedis
826 4715 948 4792 legato,
965 4717 999 4777 01
1008 4715 1123 4776 arehi-

330 4815 430 4892 episc.
447 4817 589 4878 Januen.

327 5056 568 5124 dunecanum,
580 5055 778 5124 archidiac,
791 5052 824 5116 et
836 5051 969 5114 000100.
983 5053 1120 5114 trecen.

582 5155 774 5228 insapiens.
797 5154 875 5213 imo

365 5255 487 5322 [degeat.
495 5251 540 5304 lib.
554 5251 583 5311 V,
597 5253 671 5319 epist.
684 5253 736 5303 1111.
748 5253 807 5303 Mes.
817 5253 852 5302 Le
864 5251 937 5300 Porta
947 5251 981 5300 dn
993 5249 1085 5314 risit]

327 5343 445 5405 Mandat
455 5343 537 5400 eisut
547 5339 582 5398 10
594 5341 717 5414 querelis
732 5340 858 5412 episcopi
870 5337 1061 5412 lingonensis
1075 5335 1123 5394 ad·

272 5465 273 5468 ,
364 5439 465 5482 versus
492 5419 624 5478 abbatem
644 5420 831 5477 Puitarierum
853 5418 1025 5488 0011001,οι
1049 5416 1125 5491 quod

362 5504 471 5576 iustum
483 5500 576 5572 luerit,
592 5506 727 5558 statuant.

370 5601 537 5664 Honorius
573 5601 758 5678 episcopua,
790 5599 864 5664 010..
889 5596 1017 5659 dilectis
1047 5596 1125 5657 111110

1168 952 1276 1013 100100
1299 952 1373 1028 capi
1390 951 1517 1013 faciens
1534 951 1650 1015 contra
1665 953 1841 1029 justitiam,
1856 953 1890 1014 et
1908 954 1964 1014 in-

1169 1048 1308 1110 honeste
1326 1049 1475 1119 tractari,
1493 1063 1552 1109 eas
1572 1049 1709 1122 detinet,
1730 1051 1764 1111 et
1787 1049 1964 1112 restituere

1170 1145 1376 1207 contradicit.
1393 1145 1441 1207 Ad
1457 1146 1530 1207 haec
1542 1145 1624 1206 duos
1640 1146 1792 1207 homines
1805 1149 1877 1224 ejus
1887 1147 1965 1210 iecit

1170 1241 1323 1315 interfici,
1340 1257 1380 1303 ac
1396 1255 1456 1320 per
1476 1257 1524 1315 00,
1550 1257 1589 1304 00
1613 1257 1692 1304 0000
1721 1243 1837 1305 contra
1855 1243 1964 1320 ipsum

1171 1339 1361 1417 episcopum
1387 1340 1419 1401 et
1439 1339 1592 1401 homines
1617 1343 1691 1416 etus
1715 1341 1906 1412 seditiones,
1932 1343 1966 1402 et

1171 1437 1287 1512 praelia
1308 1451 1375 1497 non
1391 1435 1520 1498 desinet
1542 1437 1728 1499 machinari
1747 1440 1815 1500 iam
1832 1439 1867 1499 in
1887 1453 1964 1499 mo-

1172 1534 1311 1596 nasterii
1329 1534 1380 1594 sui
1398 1549 1496 1610 quam
1523 1532 1675 1596 ecclesiae
1687 1535 1880 1610 lingonen.
1898 1549 1964 1597 non

1172 1630 1334 1691 modicam
1347 1630 1528 1691 laesionem.
1546 1632 1640 1692 Unde
1654 1631 1750 1709 petiit
1762 1633 1797 1693 ut
1807 1631 1964 1693 mulieres

1171 1727 1262 1803 ipsas
1274 1729 1405 1789 restitui
1416 1725 1574 1796 libertati,
1584 1729 1617 1790 el
1625 1727 1797 1805 praelatum
1811 1727 1963 1790 abbatem

1172 1825 1336 1900 compesci
1359 1839 1378 1884 a
1399 1825 1629 1886 molestatione
1648 1841 1708 1885 sua
1728 1824 1964 1903 hominumque

1172 1935 1319 1993 suorum,
1332 1935 1372 1982 ac
1386 1920 1486 1982 etiam
1501 1922 1613 1998 puniri
1625 1937 1684 1998 pro
1694 1922 1893 2000 perpetratis
1908 1922 1966 1983 ho·

1172 2017 1317 2079 01011110
1343 2017 1537 2080 faceremus.
1567 2019 1649 2090 Quia
1675 2035 1755 2080 vero
1781 2018 1876 2080 nobis
1898 2035 1964 2080 000

1172 2115 1319 2177 constitit
1342 2115 1383 2176 de
1411 2116 1604 2192 praemissis,
1631 2114 1824 2178 discretioni
1842 2117 1965 2178 vestrae

1173 2227 1233 2289 per
1244 2213 1432 2288 1000101100
1446 2213 1568 2290 scripta
1583 2213 1787 2286 mandamus,
1802 2215 1965 2291 quatenus

1172 2309 1376 2386 necutisqui
1393 2309 1518 2371 inerint
1528 2309 1699 2382 evocandi,
1710 2312 1743 2371 et
1753 2311 1874 2371 auditis
1887 2311 1966 2372 binc

1172 2405 1251 2466 inde
1264 2406 1454 2484 propositis,
1474 2407 1559 2484 quod
1577 2407 1703 2484 iustum
1724 2405 1833 2476 tuerit,
1850 2407 1966 2484 appel-

1173 2503 1299 2566 latione
1317 2503 1511 2580 postposita,
1533 2503 1697 2573 statuatis,
1713 2501 1884 2575 iacientes,
1901 2505 1964 2564 etc.

1173 2600 1265 2671 Quod
1279 2600 1307 2660 si
1321 2615 1386 2660 non
1399 2615 1525 2674 omnes,
1537 2606 1600 2663 etc.
1615 2601 1733 2663 Datum
1745 2601 1830 2676 apud
1845 2601 1967 2661 Urbem

1173 2699 1338 2769 Veterem,
1354 2699 1384 2757 11
1394 2697 1470 2758 idus
1486 2698 1792 2776 septembris,anno
1807 2698 1934 2778 quinto.

1533 2837 1601 2928 LV

1224 3025 1229 3032 .
1304 2975 1355 3036 Au
1375 2974 1569 3047 0010000000
1589 2975 1843 3037 mimatensem.

1422 3077 1457 3134 it
1474 3077 1614 3149 septemb.
1635 3077 1715 3135 1210.

1200 3183 1320 3246 [Regem.
1333 3181 1379 3232 tib.
1392 3184 1425 3241 v,
1437 3183 1510 3247 epist.
1522 3182 1575 3234 113.
1589 3185 1648 3246 idas.
1661 3185 1697 3235 La
1709 3185 1785 3235 Porta
1794 3187 1829 3236 dn
1839 3186 1933 3252 Theti]

1173 3277 1288 3338 1100101
1303 3286 1343 3348 01,
1359 3280 1383 3336 si
1398 3281 1552 3353 episeopus
1575 3281 1786 3341 claromonten.
1803 3297 1971 3357 01010000-

1208 3367 1352 3426 ciliatione
1365 3369 1495 3426 ecciesiae
1510 3371 1677 3428 monasterii
1691 3372 1835 3430 Biasilien.
1848 3373 1969 3430 manda·

1208 3464 1268 3517 tum
1280 3456 1440 3530 adimplere
1454 3471 1511 3516 non
1522 3460 1676 3529 curaverit,
1690 3460 1752 3532 ipse
1763 3467 1946 3533 exseqraiur.

1214 3556 1395 3626 Honorius,
1406 3557 1480 3628 010,
1498 3555 1684 3619 venerabili
1699 3557 1793 3620 tratri
1810 3559 1968 3636 episcopo

1174 3652 1346 3714 Mimaten.

1212 3747 1963 3814 Suanobisabbatissaetmoniaiesmonasterii

1174 3843 1343 3906 Blasilien.
1366 3845 1592 3908 insinuatione
1616 3847 1855 3919 monstra-runt,
1881 3847 1968 3924 quod

1175 3957 1275 4018 quum
1297 3957 1411 4004 eorum
1424 3943 1749 4006 monasteriumcum
1771 3944 1969 4022 adjacentiis

1176 4039 1303 4102 0010011
1317 4039 1393 4100 Sedi
1413 4039 1611 4116 apostolice
1619 4041 1808 4104 immediate
1834 4041 1966 4118 subjec-

1151 4135 1152 4138 ’
1174 4137 1255 4208 100,
1269 4135 1472 4198 venerabilis
1486 4137 1712 4200 fraternoster
1721 4139 1965 4200 diaromonten.

1175 4233 1349 4308 episcopus
1361 4233 1565 4298 contendens
1581 4234 1622 4295 de
1637 4234 1834 4311 quibusdam
1849 4249 1974 4311 procu-

1175 4329 1360 4391 rationibus
1381 4331 1415 4392 et
1428 4329 1520 4402 aliis,
1540 4345 1613 4392 eum
1639 4330 1765 4392 eisdem
1780 4330 1971 4409 impendere

1175 4425 1242 4486 iiiia
1261 4427 1358 4504 juxta
1386 4427 1637 4503 privilegiorum
1662 4443 1798 4490 suorum
1819 4431 1975 4490 tenorem

1176 4523 1384 4586 sacramenta
1409 4524 1637 4586 0001001001οο
1652 4525 1851 4588 contradicit
1865 4525 1899 4588 01
1910 4541 1971 4586 oe·

1176 4621 1311 4682 cesione
1334 4621 1558 4682 contentionis
1585 4621 1787 4698 bru'usmodi,
1804 4622 1899 4684 illata
1928 4637 1971 4683 es

1178 4719 1270 4794 parte
1305 4731 1366 4779 sua
1400 4717 1561 4779 violentia
1590 4719 1734 4794 sanquis¹
1762 4718 1798 4778 in
1828 4719 1969 4780 ecclesia

1178 4813 1291 4876 Sancti
1308 4815 1444 4875 Martini
1458 4815 1660 4877 consistente
1679 4814 1765 4876 inira
1786 4816 1974 4876 claustrum·

1177 4911 1325 4990 ejusdem
1345 4911 1539 4974 monasterii
1561 4914 1613 4973 est
1629 4911 1767 4974 effusus.
1790 4913 1873 4984 Quia
1892 4929 1973 4976 vero

1177 5009 1389 5071 reconciliari
1405 5009 1547 5070 ecelesia
1562 5010 1634 5086 ipsa
1646 5013 1732 5085 eget,
1748 5010 1783 5072 et
1796 5025 1896 5087 super
1910 5009 1973 5070 boc

1178 5106 1307 5178 stallis,
1317 5121 1383 5168 non
1395 5106 1492 5168 debet
1501 5106 1588 5168 idem
1599 5107 1821 5184 episcopusad
1835 5107 1978 5184 praedio·

1178 5205 1247 5266 tum
1261 5202 1408 5266 011101οι0
1422 5205 1475 5266 001
1490 5203 1712 5266 ministerium
1726 5204 1903 5281 denegare,
1917 5205 1973 5281 qui

1179 5316 1253 5362 eam
1274 5316 1411 5363 servare
1434 5300 1555 5364 debent
1577 5302 1696 5362 100010
1710 5301 1839 5364 actibus
1856 5301 1973 5377 gravi-

1178 5401 1290 5470 tatem,
1305 5398 1391 5476 quod
1402 5399 1437 5458 10
1449 5400 1577 5460 tantum
1592 5413 1659 5462 non
1674 5400 1786 5475 posset
1799 5414 1974 5462 excessum

1179 5496 1231 5556 sui
1247 5495 1424 5558 occasione
1439 5495 1620 5572 prorumpi,
1637 5494 1745 5556 eidem
1767 5496 1891 5561 nostris
1909 5495 1972 5556 da-

1181 5609 1253 5656 mus
1273 5593 1685 5664 1111001010010010110,01
1710 5594 1782 5656 sine
1811 5593 1974 5670 pravitate
