4248 6410
140 305 196 365 721

140 463 931 542 detentasabipsis,sinedifficultateacmolestia

139 560 286 637 qualibet
300 562 522 634 restituerent,
540 565 573 624 et
587 563 799 625 absolverent
817 579 931 624 omnes

139 660 179 719 de
193 660 349 721 comitatu
364 661 396 721 et
411 661 510 721 terris
525 662 693 737 praedictis
715 661 756 722 ab
773 661 864 722 omni
875 663 933 737 ju-

139 758 300 826 ramento,
315 757 467 819 districtu
479 760 512 820 et
530 758 798 835 obligationibus,
813 758 932 835 quibus

139 855 269 915 ratione
284 854 427 932 alicujus
442 855 698 931 jurisdictionis,
715 871 814 932 quam
829 856 863 916 in
884 855 932 916 eis

139 951 299 1012 hactenus
320 954 550 1023 exercuerant,
576 954 772 1014 tenerentur
795 953 930 1014 eisdem.

138 1049 775 1122 Ε110110101011001311030110010103,
788 1049 930 1125 bajulos,

138 1148 171 1205 01
195 1146 223 1205 31
247 1161 329 1222 quos
353 1145 514 1207 officiales
539 1147 620 1222 ipsis
641 1143 860 1223 praefecerant
877 1169 883 1206 :
900 1147 933 1208 et

139 1243 353 1304 extraherent
375 1259 599 1320 quoscumque
619 1246 799 1320 posuerant
813 1243 852 1304 de
864 1245 933 1305 ter-

139 1341 186 1399 ris
211 1340 304 1415 ipsis,
331 1343 364 1401 et
391 1341 432 1400 de
455 1342 576 1402 caetero
597 1341 788 1402 memoratis
815 1341 932 1417 capel-

138 1437 224 1496 lanis
243 1437 295 1497 vel
317 1452 431 1497 eorum
452 1438 561 1508 alteri,
589 1454 648 1498 seu
672 1438 808 1500 cuilibet
834 1439 932 1498 aliia

139 1534 224 1593 Sede
249 1535 438 1611 Apostolica
463 1534 629 1596 destinato
654 1535 695 1595 ad
724 1536 933 1596 retinendam

141 1631 394 1706 possessionem,
409 1646 506 1706 quam
529 1631 663 1702 habent,
678 1632 711 1692 et
726 1647 932 1708 recuperan-

141 1727 215 1787 dam
240 1743 337 1804 quam
361 1742 426 1786 non
446 1727 578 1798 habent,
601 1729 798 1804 praestarent
818 1729 932 1788 consi-

140 1825 231 1895 lium,
252 1824 416 1884 auxilium
440 1827 472 1885 et
495 1824 651 1885 favorem.
678 1827 717 1887 Et
737 1826 784 1884 sio
811 1825 933 1885 factum

139 1922 198 1991 est,
216 1919 301 1997 quod
318 1921 409 1982 multi
426 1922 578 1992 beronae,
593 1922 725 1992 milites
744 1923 775 1982 01
791 1921 850 1982 3111
865 1923 934 1982 ter-

138 2034 250 2078 rarum
273 2018 421 2094 ipsarum
446 2019 570 2079 eisdem
590 2019 774 2094 capellanis
801 2019 933 2079 nomine

138 2117 253 2176 nostro
271 2115 440 2176 fidelitatis
452 2117 640 2191 Jurameuta
655 2116 860 2190 praestantes,
878 2130 934 2174 re-

138 2215 376 2286 cognoverunt,
400 2228 435 2272 se
465 2213 587 2282 omnia,
609 2227 683 2287 1130
709 2212 750 2272 de
774 2212 932 2272 comitatu

139 2309 296 2384 praedicto
326 2308 494 2379 tenebant,
519 2324 577 2384 pro
603 2311 752 2369 Romana
785 2309 932 2369 Ecclesia

137 2407 317 2482 possidere.

176 2506 297 2578 Verum
313 2504 391 2581 quia
404 2503 532 2564 nobiles
548 2504 611 2564 viri
626 2503 686 2564 lilii
702 2504 858 2565 comitum
874 2503 933 2564 Al-

137 2596 222 2660 berti
235 2603 267 2660 et
283 2601 425 2671 Naresii,
443 2601 500 2676 qui
519 2603 664 2661 castrum
681 2604 842 2674 Gonzagee
858 2616 932 2660 oum

139 2697 347 2772 pertinentiis
366 2699 435 2757 suis
455 2697 646 2758 detinebant
663 2698 932 2774 1113311111εο-

139 2794 247 2855 dictus
262 2793 483 2854 cancellarius
493 2795 542 2854 eis
558 2793 620 2852 sub
630 2808 728 2868 poena
741 2793 932 2853 millemar·

140 2906 253 2950 carum
276 2891 430 2966 injunxit,
448 2891 484 2951 ut
498 2893 643 2951 castrum
656 2889 764 2965 ipsum
782 2891 854 2950 sine
868 2889 933 2949 dif-

139 2987 285 3047 ficultate
300 2986 447 3062 qualibet
458 2988 670 3061 resignarent
687 3008 693 3045 :
709 2987 786 3062 quia
801 2987 834 3046 id
856 2986 932 3047 effi-

139 3098 214 3144 cere
251 3085 443 3150 renuerunt,
473 3097 534 3143 nec
568 3084 745 3146 voluerunt
773 3083 807 3142 in
841 3084 932 3158 regis

138 3180 314 3257 praesentia
330 3195 531 3256 comparere,
549 3180 635 3240 idem
655 3195 717 3241 rex
735 3179 775 3240 de
792 3180 931 3241 consilio

137 3293 272 3339 suorum
297 3277 482 3354 principum
504 3276 650 3338 bannum
670 3278 775 3353 ipsius
800 3277 933 3338 cancel-

137 3374 215 3434 larii
240 3375 460 3446 confirmavit,
485 3374 518 3435 et
541 3389 701 3451 personas
729 3389 844 3435 eorum
871 3374 931 3435 sub

136 3473 294 3548 perpetuo
309 3471 442 3548 imperii
456 3471 566 3530 banno
580 3486 717 3546 ponens,
733 3470 819 3531 bona
839 3471 932 3547 ipso·

136 3583 221 3639 rum,
237 3568 436 3644 ubicumque
459 3568 593 3628 inventa
615 3567 733 3638 forent,
755 3567 930 3630 confiscari

136 3666 304 3741 praecepit,
327 3665 393 3726 nisi
420 3665 585 3742 usquead
608 3665 696 3726 diem
723 3667 930 3726 Dominicum

137 3763 287 3837 proxime
303 3763 381 3823 tunc
396 3765 574 3825 venturum
588 3763 800 3837 resignarent
814 3764 848 3823 in
865 3779 933 3824 ma·

135 3858 234 3919 nibus
267 3858 515 3936 capellanorum
551 3860 711 3936 ipsorum,
738 3860 791 3921 vel
817 3875 931 3920 eorum

135 3955 273 4017 alterins
298 3959 443 4017 castrum
465 3957 586 4032 ipsum.
613 3957 776 4033 Praecepit
802 3973 931 4033 quoque

136 4053 423 4124 Cremonensibus,
438 4052 682 4124 parmensibus
698 4054 845 4128 Reginis,
856 4056 932 4114 Mu-

135 4147 338 4220 tinensibus,
368 4149 648 4216 Bononiensibus,
674 4151 706 4210 et
730 4150 932 4225 generaliter

137 4245 303 4306 universis
325 4243 478 4306 fidelibus
499 4246 581 4316 suis,
599 4247 634 4307 11
652 4245 820 4321 1110110113
835 4247 932 4307 nobi-

135 4341 233 4413 libus,
258 4341 476 4418 adjutoribus,
497 4344 530 4404 01
554 4341 749 4414 fautoribus,
776 4343 828 4403 vel
853 4343 929 4404 aliis

135 4438 361 4500 detentoribus
380 4439 480 4500 castri
494 4439 646 4516 praedicti
658 4438 806 4502 facerent
821 4440 929 4501 vivam

134 4552 299 4612 guerram.
322 4536 469 4598 inhibuit
485 4536 586 4598 etiam
604 4537 807 4606 Mantuanis,
823 4540 930 4598 Vero-

134 4633 302 4706 nensibus,
327 4633 609 4703 Ferrariensibus,
635 4633 876 4705 brixiensibus,
899 4636 930 4696 et

134 4730 210 4791 aliis
226 4731 378 4792 fidelibus
394 4731 463 4791 suis
479 4731 539 4790 sub
557 4730 691 4791 obtentu
712 4731 882 4792 fidelitatis
899 4733 931 4792 01

134 4829 223 4888 00113
238 4843 346 4902 poena,
357 4843 398 4889 ne
410 4829 490 4904 ipsis
501 4827 731 4904 impenderent
742 4828 927 4900 consilium,

134 4925 296 4985 auxilium
309 4925 362 4984 vel
375 4924 534 4996 favorem,
550 4925 636 4986 sicut
649 4925 685 4985 iu
700 4925 821 4988 litteris
836 4926 930 5001 regio

134 5021 245 5095 sigillo
266 5021 402 5082 munitis
422 5023 655 5096 prospeximus
675 5022 807 5099 plenius
823 5023 931 5083 conli-

134 5118 217 5179 neri.
237 5118 276 5178 Et
292 5118 370 5193 quia
392 5120 538 5179 castrum
554 5118 703 5180 Bondeni
720 5119 851 5180 Veteris
873 5119 929 5179 di-

133 5215 243 5275 rutum
268 5214 350 5284 erat,
372 5229 480 5289 nuper
498 5214 735 5276 reaedificatum
760 5217 820 5287 est,
842 5217 874 5278 et
888 5216 929 5277 ab

134 5311 291 5372 Ecclesiae
314 5313 471 5372 Romana
496 5310 649 5371 fidelibus
675 5311 812 5388 13011100
834 5313 931 5374 habi-

133 5409 232 5469 tatur.
250 5407 395 5470 Dilectus
409 5421 538 5484 quoque
551 5405 640 5467 filius
649 5407 803 5470 hibertus
819 5423 929 5470 comes

135 5504 319 5576 Pratensis,
346 5503 514 5564 fidelitatis
542 5502 636 5564 nobis
661 5502 809 5580 praestito
831 5507 930 5580 jura·

135 5601 254 5671 mento,
279 5604 403 5663 terram
427 5601 565 5672 Vallesi,
594 5616 725 5662 roccam
750 5601 926 5674 Gondenti,

765 307 994 366 nmsrouAE.
1017 267 1095 366 110.
1119 309 1156 367 v.

1721 312 1782 372 722

987 465 1225 536 Monticellum,
1245 467 1449 542 Arigazzam,
1472 471 1624 544 Bargam,
1648 470 1781 531 Pidier-

986 561 1063 630 lam,
1080 563 1209 633 casale,
1234 578 1366 624 roccam
1389 563 1429 624 de
1451 565 1543 636 Vico,
1563 567 1779 638 Castreolum,

986 659 1193 733 Limognum,
1207 661 1368 732 Graecum,
1383 663 1575 736 Mugonum,
1588 662 1779 733 Pillianum,

987 755 1224 828 Monticellum,
1242 758 1428 845 Fossatum,
1445 761 1593 827 Terram,
1604 761 1733 828 Baium,
1748 761 1781 822 et
1890 779 1897 785 ’

989 851 1215 927 savignanum
1242 869 1316 914 cum
1348 855 1557 931 pertinentiis
1581 856 1652 916 suis
1682 871 1780 918 1000-

987 948 1036 1023 pit
1058 965 1078 1008 a
1104 949 1199 1010 nobis
1225 950 1260 1010 in
1284 949 1428 1021 feudum,
1449 968 1551 1014 unum
1577 955 1722 1014 asturem
1748 948 1782 1014 01

988 1043 1071 1104 duos
1091 1044 1227 1108 braccos
1254 1063 1313 1123 pro
1336 1048 1460 1109 eisdem
1479 1049 1597 1111 castris
1623 1049 1780 1113 Ecclesiae

988 1144 1145 1202 Romanae
1174 1143 1272 1202 annis
1301 1143 1442 1218 singulis
1469 1145 1671 1236 redditurus,
1697 1161 1780 1222 quos

988 1238 1088 1298 etiam
1109 1238 1203 1298 nobis
1221 1255 1279 1314 pro
1296 1255 1362 1300 uno
1384 1255 1472 1301 anno
1494 1242 1664 1316 persolvit.
1684 1245 1780 1304 Prae-

988 1337 1078 1396 10103
1093 1335 1171 1396 11001
1188 1336 1372 1397 Marchiam
1386 1337 1628 1399 anconitanam
1650 1338 1691 1398 ad
1706 1354 1782 1400 ma-

987 1448 1049 1490 nus
1083 1448 1160 1492 suas
1198 1433 1347 1494 Ecclesia
1384 1436 1534 1494 Romana
1569 1451 1629 1510 pro
1660 1435 1780 1511 majori

988 1529 1081 1602 parte
1106 1531 1243 1600 teneret,
1266 1529 1482 1590 nihilominus
1504 1532 1615 1592 tamen
1634 1531 1781 1608 110110-

987 1627 1041 1685 113
1058 1627 1239 1702 imperator
1267 1643 1340 1688 eam
1361 1626 1455 1688 nobis
1472 1629 1607 1689 omnino
1630 1629 1782 1705 quietans

988 1727 1020 1782 et
1034 1723 1266 1784 refutationem
1281 1723 1417 1794 faciens
1435 1726 1532 1800 prout
1547 1726 1582 1785 in
1597 1725 1702 1802 ipsius
1724 1725 1784 1786 lit·

990 1819 1070 1879 teris
1092 1821 1222 1895 plenius
1241 1821 1439 1892 continetur,
1457 1823 1614 1898 praecepit
1628 1821 1781 1884 omnibus

988 1915 1027 1974 de
1041 1917 1202 1988 blacchia,
1220 1921 1255 1979 ut
1268 1917 1362 1978 nobis
1384 1920 1542 1994 tanquam
1564 1919 1704 1979 Domino
1720 1933 1781 1980 suo

988 2012 1170 2074 decaetero
1193 2014 1342 2088 plenarie
1363 2016 1612 2090 responderent.
1636 2017 1782 2092 Cumque

989 2126 1047 2168 nos
1057 2111 1262 2184 postmodum
1274 2110 1393 2172 dilecto
1403 2112 1471 2170 filio
1483 2113 1585 2173 nobili
1594 2113 1667 2173 viro
1679 2113 1781 2184 Azoni

988 2207 1174 2266 biarchioni
1188 2208 1328 2278 Estensi,
1345 2224 1417 2268 eam
1433 2209 1468 2268 in
1489 2209 1624 2269 feudum
1638 2208 1780 2270 duxeri-

988 2320 1060 2362 mus
1096 2303 1351 2375 concedendam,
1379 2309 1541 2380 praesente
1577 2307 1779 2382 imperatore

988 2400 1202 2460 investientes
1225 2401 1375 2461 eumdem
1397 2401 1437 2462 de
1454 2403 1528 2478 ipsa
1549 2403 1698 2464 Marchia
1719 2418 1778 2479 per

988 2497 1158 2568 vexillum,
1176 2512 1236 2557 nos
1255 2499 1531 2573 praenominatum
1548 2499 1778 2576 Pandulphum

988 2593 1225 2653 subdiaconum
1240 2597 1272 2654 et
1285 2595 1449 2678 notarium
1464 2599 1623 2666 nostrum,
1634 2598 1666 2657 et
1681 2597 1782 2672 impe-

988 2691 1122 2760 ratoris,
1134 2690 1357 2750 venerabilem
1371 2691 1507 2752 fratrem
1519 2695 1705 2753 nestrum...
1722 2709 1783 2770 pa-

986 2788 1168 2848 triarcham
1196 2789 1443 2864 aquileiensem
1478 2788 1559 2849 illuc
1589 2791 1781 2851 curavimus

988 2885 1166 2955 destinare,
1180 2887 1215 2946 ut
1236 2901 1311 2944 eum
1331 2886 1366 2945 in
1388 2886 1598 2961 possessione
1622 2887 1781 2948 Marchiee

988 2982 1192 3054 inducentes
1217 2983 1248 3043 ei
1267 2982 1416 3044 facerent
1437 2982 1477 3044 de
1499 2984 1651 3045 omnibus
1672 2985 1781 3047 ratio-

987 3079 1083 3139 nibus
1100 3080 1169 3140 suis
1184 3080 1314 3154 integre
1336 3081 1532 3157 responderi
1551 3103 1557 3140 :
1575 3081 1782 3143 (1111131013-

988 3192 1061 3235 men
1086 3177 1304 3248 Anconitana,
1323 3176 1479 3253 quamdiu
1499 3176 1594 3237 nobis
1619 3177 1781 3254 placuerit

989 3274 1020 3332 in
1043 3274 1165 3334 nostris
1187 3273 1339 3334 manibus
1363 3275 1542 3344 reservata,
1568 3275 1602 3335 et
1625 3274 1781 3335 universo

988 3371 1186 3445 patrimonio
1211 3369 1299 3431 beati
1327 3371 1460 3431 Patria
1487 3371 1591 3432 Ponte
1620 3371 1782 3448 Ceperani

987 3483 1091 3543 usque
1124 3467 1363 3528 Radicofanum
1390 3483 1543 3544 possesso
1567 3470 1599 3529 01
1620 3468 1781 3545 disposito

987 3565 1124 3640 pacifice
1146 3581 1185 3626 ac
1207 3566 1316 3642 quiete
1340 3580 1400 3640 pro
1425 3567 1546 3626 nostrae
1572 3564 1780 3643 beneplacito

986 3661 1177 3723 voluntatis.
1204 3664 1321 3723 Datum
1341 3663 1512 3735 Laterani,
1534 3666 1595 3724 XII
1620 3663 1782 3726 kalendas

987 3758 1110 3828 martii,
1128 3759 1339 3834 pontificatus
1355 3761 1460 3823 nostri
1473 3777 1560 3822 anno
1573 3761 1699 3838 quinto.

1292 3963 1475 4050 CCLXXI

986 4106 1036 4162 Ad
1056 4103 1435 4178 1113101000113001010
1456 4107 1488 4166 01
1508 4109 1548 4167 de
1569 4107 1780 4169 Waltsahsen
1883 4083 1887 4088 ’

1129 4201 1163 4260 01
1177 4203 1219 4260 de
1233 4204 1467 4263 Hauseruune
1482 4205 1629 4264 abbates.

1275 4321 1394 4380 181011.
1413 4324 1491 4380 llil.

1021 4434 1104 4498 fflied,
1116 4435 1199 4486 Codex
1210 4436 1370 4500 episcopatus
1379 4438 1556 4502 Ratisponen.,
1570 4444 1589 4488 t.
1603 4441 1622 4499 l,
1638 4455 1663 4505 p.
1675 4439 1742 4506 311]

985 4541 1219 4598 1000133011110
1233 4541 1444 4600 demandatum
1460 4545 1577 4617 Papale,
1593 4544 1668 4618 quod
1683 4547 1777 4604 archi·

1020 4631 1172 4701 episcopus
1185 4629 1342 4704 salisburg.
1356 4638 1385 4688 et
1399 4631 1580 4705 fidejussores
1594 4635 1639 4692 sui
1658 4642 1777 4692 101031-

1019 4723 1065 4773 tur
1086 4719 1225 4789 promissa
1250 4728 1386 4790 praestare
1402 4721 1477 4778 circa
1494 4721 1568 4779 bona
1590 4723 1780 4798 abepiscopo

1020 4806 1220 4878 Ratisponensi
1235 4806 1451 4880 archiepiscopo
1464 4809 1591 4867 vendite.

1024 4924 1191 4984 Honorius
1202 4924 1385 5001 episcopus,
1397 4939 1513 4986 servus
1526 4941 1697 4988 servorum
1706 4930 1776 5002 Dei,

984 5019 1168 5080 venerabili
1184 5020 1317 5081 fratri...
1338 5021 1495 5082 Eisteten.
1511 5024 1665 5100 episcopo
1681 5027 1714 5086 et
1727 5025 1781 5086 di-

985 5116 1080 5176 lectis
1096 5116 1211 5177 filiis...
1228 5116 1268 5178 de
1283 5117 1496 5180 Waltsahsen
1519 5122 1588 5181 01...
1605 5121 1647 5182 10
1660 5122 1777 5182 Η3113-

984 5210 1112 5274 brunna
1134 5213 1319 5286 abbatibus,
1336 5216 1528 5278 cistercien.
1549 5217 1776 5286 0111113113-

985 5310 1186 5386 tisponensis
1202 5314 1234 5372 et
1251 5313 1406 5373 Eisteten.
1427 5313 1619 5386 dioecesum,
1636 5315 1776 5376 salutem

984 5408 1017 5466 et
1031 5408 1247 5483 apostolicam
1262 5407 1536 5471 benedictionem.

1024 5505 1233 5565 Venerabilis
1258 5505 1362 5566 frater
1387 5508 1501 5568 noster
1525 5507 1776 5583 Ratisponensis

985 5602 1158 5680 episcopus
1185 5617 1244 5664 sua
1268 5602 1361 5663 nobis
1384 5604 1543 5679 petitione
1568 5607 1775 5679 monstravit,
