4300 6392
353 271 419 333 379,

391 436 422 495 2.
446 432 626 497 Revocabit
645 431 681 492 in
701 425 832 494 irritum
856 429 966 491 banna
980 445 1054 507 qnae
1069 429 1147 490 lecit

352 533 467 593 contra
481 531 653 592 libertates
664 529 697 590 et
711 529 864 606 antiquas
879 527 1031 589 ecclesiae
1046 529 1144 590 Nan-

351 628 499 690 netensis
513 625 779 698 consuetudines,
802 625 842 686 de
856 624 959 700 lignis
981 640 1047 686 non
1063 639 1147 684 ven-

352 725 479 798 dendis,
492 725 557 785 nisi
573 723 612 784 de
628 723 751 784 foresta
766 739 842 796 sua3
859 722 899 784 de
913 737 999 799 pane
1011 736 1078 782 non
1094 719 1109 780 s
1127 750 1146 765 -

351 821 478 894 ciendo,
495 819 614 894 niside
629 819 738 880 farina
749 835 825 894 sna3
837 820 879 880 de
892 819 962 880 sale
979 833 1046 880 non
1061 833 1146 878 ven-

350 919 467 990 dendo,
487 917 553 978 nisi
576 918 616 978 de
639 933 716 988 suo;
738 918 775 986 et
800 917 950 986 assistas,
968 916 1000 976 et
1020 915 1144 976 malam

350 1018 482 1083 tostam,
499 1017 532 1076 et
544 1015 573 1076 si
589 1029 654 1091 qua
669 1014 737 1075 alia
752 1012 830 1075 iecit
844 1015 959 1074 contra
973 1011 1144 1073 libertates

351 1114 385 1174 et
405 1112 661 1174 consuetudines
683 1111 833 1172 ecclesiae
846 1111 1088 1180 Nannetensis;
1113 1109 1146 1170 et

352 1211 451 1274 sicuti
467 1209 544 1272 iecit
557 1209 694 1270 clamari
709 1209 783 1269 sine
801 1223 968 1269 consensu
985 1206 1142 1283 episcopi,

352 1307 454 1370 iaciat
479 1306 661 1369 declamari
679 1305 880 1382 supradicta,
902 1305 935 1366 et
952 1304 988 1364 in
1003 1304 1079 1364 aliis
1102 1303 1146 1362 li-

352 1403 536 1467 bertatibus
548 1402 760 1465 conservabit
772 1401 990 1464 ecclesiamin
1005 1415 1045 1460 eo
1057 1399 1145 1462 statu

352 1503 389 1564 in
403 1518 469 1579 qno
481 1503 564 1573 erat,
579 1499 709 1578 qnando
722 1500 829 1577 primo
839 1499 930 1560 venit
944 1497 985 1558 ad
1001 1496 1144 1558 comita-

353 1601 434 1672 tum,
458 1598 550 1660 salvo
570 1600 648 1675 jure
675 1596 886 1672 proprietatis
908 1593 1039 1670 utrique
1058 1591 1145 1671 parti

353 1697 389 1757 in
404 1695 476 1757 toro
488 1693 697 1771 competenti.

391 1795 422 1854 3.
445 1793 611 1853 Praeterea
627 1791 795 1867 promittet
807 1787 949 1850 fideliter
964 1803 1076 1850 coram
1088 1788 1147 1863 ju-

353 1889 493 1960 dicibus,
510 1887 596 1965 quod
609 1885 762 1949 defendet
774 1886 950 1948 ecclesiam
965 1883 1052 1945 bona
1067 1883 1142 1954 ilde,

354 1982 639 2061 secundum'quod
657 1985 799 2055 tenetur,
819 1983 852 2044 et
869 1981 955 2058 quod
970 1980 1145 2041 decaetero

354 2099 421 2146 non
447 2081 604 2159 spoliabit
633 2081 835 2156 episcopum,
867 2094 928 2140 nec
957 2077 1144 2144 ecclesiam,

354 2195 462 2258 neque
476 2193 566 2249 suos,
583 2177 616 2238 et
630 2177 751 2238 sasinis
776 2175 845 2237 suis
869 2176 902 2236 et
924 2173 1143 2245 libertatibus,

354 2276 509 2356 quamdiu
524 2273 691 2337 voluerint
710 2288 828 2350 parere
842 2271 923 2349 juri,
948 2270 1004 2332 ubi
1019 2269 1146 2332 debue-

353 2375 431 2437 rint.
448 2373 612 2435 Restituet
625 2371 736 2431 autem
755 2369 875 2431 damna
890 2383 1001 2430 comes
1026 2367 1068 2428 ad
1091 2381 1148 2428 sa-

354 2469 558 2534 cramentum
576 2483 693 2530 eornm
716 2467 773 2544 qui
794 2465 915 2526 damna
939 2465 1030 2542 passi
1056 2465 1143 2534 sunt,

353 2585 429 2632 cnm
449 2565 620 2630 taxatione
635 2563 859 2641 judicum,vel
870 2577 985 2624 eorum
1001 2561 1057 2639 qui
1072 2560 1146 2622 loco

352 2667 501 2745 judicum
515 2662 678 2739 recipient
689 2662 913 2734 sacramenta;
930 2663 963 2720 et
977 2659 1007 2720 si
1016 2658 1147 2736 episco-

355 2777 429 2841 pus,
445 2762 499 2826 vel
512 2761 576 2832 sui,
595 2759 820 2820 dubitaverint
836 2757 966 2834 aliquos
979 2755 1019 2818 de
1032 2754 1144 2816 horni-

355 2859 454 2922 nibus
468 2857 598 2920 comitis
615 2854 701 2932 quod
716 2854 757 2915 de
769 2869 830 2916 suo
845 2853 971 2930 aliquid
987 2851 1143 2924 habeant,

355 2971 465 3018 comes
489 2954 584 3029 coget
606 2967 665 3014 eos
684 2966 743 3029 per
766 2950 1010 3012 sacramentum
1034 2951 1146 3012 dicere

353 3053 538 3121 veritatem,
554 3051 587 3113 et
599 3049 710 3110 ablata
720 3048 904 3110 restituere.

393 3154 423 3211 4.
447 3147 588 3210 Habebit
610 3147 720 3208 antem
745 3145 921 3222 episcopus
950 3161 1010 3222 pro
1035 3143 1145 3206 debito

355 3245 508 3309 undecim
520 3244 661 3306 millium
677 3241 869 3311 solidorum,
884 3242 1032 3319 exceptis
1050 3241 1144 3302 solu-

352 3345 496 3420 tis,qnos
511 3339 653 3402 debebat
666 3340 697 3400 ei
707 3354 817 3400 comes
832 3353 892 3415 pro
907 3338 985 3400 aliis
1002 3337 1143 3408 damnis,

354 3443 388 3502 et
402 3455 462 3516 pro
472 3437 590 3516 quibus
605 3437 753 3498 redditus
767 3451 845 3496 suos
855 3435 896 3496 de
912 3433 1095 3496 Gerrandia
1114 3433 1146 3495 ei

354 3535 570 3612 obligaverat,
591 3533 738 3595 redditus
755 3547 837 3610 quos
858 3532 936 3593 inde
956 3531 1071 3594 babuit
1084 3547 1145 3592 co·

354 3649 424 3696 mes
446 3649 466 3693 a
489 3633 637 3707 tempore
660 3645 724 3707 qno
742 3630 785 3690 de
804 3630 895 3690 terra
911 3629 969 3690 illa
984 3629 1145 3705 spoliatus

353 3729 416 3792 init
430 3729 615 3806 episcopus,
636 3727 669 3790 et
694 3726 736 3789 ad
751 3727 996 3788 sacramentnm
1011 3726 1144 3788 illorum

352 3827 411 3904 qui
431 3829 637 3901 receperunt,
660 3823 708 3886 ita
731 3823 819 3900 quod
838 3838 948 3885 comes
970 3823 1146 3898 compellat

353 3939 411 3986 eos
423 3923 534 3984 dicere
548 3921 739 3993 veritatem
758 3921 801 3992 et,
824 3919 890 3982 nisi
909 3920 951 3982 de
961 3919 1144 3982 redditibus

352 4021 429 4084 inde
453 4018 576 4082 habitis
596 4018 746 4096 plenaria
769 4016 855 4079 sacta
880 4017 982 4079 fuerit
1010 4015 1142 4087 solutio,

351 4119 439 4196 quod
449 4117 625 4195 episcopus
640 4114 762 4177 babeat
775 4115 938 4186 redditus,
963 4113 1068 4176 donec
1086 4128 1145 4174 so·

352 4216 434 4278 lntio
450 4214 517 4286 dat,
530 4215 563 4276 et
575 4213 818 4275 sacramentnm
831 4211 1031 4273 ballivorum
1044 4211 1084 4272 de
1095 4226 1145 4272 so·

353 4313 480 4374 lutione
515 4309 658 4372 fideliter
691 4308 856 4380 iacienda,
884 4309 971 4370 sicut
995 4309 1073 4370 ante
1104 4307 1144 4368 de

353 4406 509 4468 mandato
521 4405 651 4466 comitis
667 4403 820 4466 habebat.

389 4504 420 4564 5.
444 4503 611 4564 Praeterea
631 4499 765 4562 babebit
785 4500 961 4576 episcopus
983 4516 1002 4561 a
1025 4501 1143 4564 comite

351 4617 412 4679 pro
426 4599 556 4662 damnis
570 4597 635 4658 sibi
646 4597 742 4668 datis,
759 4597 936 4672 antequam
951 4612 1060 4658 comes
1079 4597 1142 4658 ab·

352 4699 512 4769 solvatur,
533 4695 730 4774 quingentas
754 4694 858 4756 libras
881 4694 976 4757 bonae
1002 4697 1143 4759 monetae

351 4795 516 4858 currentis
530 4794 564 4854 in
577 4793 719 4870 pecnnia
732 4795 917 4866 numerata;
930 4795 964 4855 et
977 4809 1037 4870 pro
1053 4796 1142 4856 resi-

350 4893 415 4954 duo
425 4891 568 4952 aliorum
578 4890 786 4963 damnorum,
803 4889 837 4951 et
856 4905 915 4966 pro
928 4887 1079 4954 ducentis
1090 4893 1143 4953 vi-

350 4988 434 5066 ginti
457 4987 553 5048 libris
575 4983 733 5064 probatis,
757 5001 840 5064 quas
867 4986 1007 5050 debebat
1032 5005 1142 5050 comes

350 5101 411 5164 pro
434 5085 645 5160 eleemosyna
668 5084 815 5146 Danielis
831 5083 910 5146 Avis
933 5085 1089 5162 episcopo
1110 5088 1143 5150 et

349 5184 430 5254 suis,
458 5181 492 5242 et
512 5196 571 5257 pro
596 5179 695 5242 rebus
719 5180 842 5242 habitis
867 5196 887 5242 a
910 5183 1141 5260 temporeque

348 5279 509 5358 spoliatus
522 5277 584 5340 fuit
596 5278 771 5355 episcopus
784 5278 824 5340 de
838 5277 1022 5340 redditibus
1037 5280 1142 5340 comi-

347 5377 389 5439 tis
411 5375 452 5436 de
466 5374 662 5444 Gerrandia,
678 5375 710 5436 ei
732 5390 793 5451 pro
814 5375 969 5436 undecim
992 5376 1140 5438 millibus

347 5472 463 5536 solidis
478 5471 658 5548 assignatis
677 5471 769 5534 dabit
789 5487 900 5534 comes
920 5473 1139 5549 competentia

383 5577 423 5646 (o)
444 5576 512 5646 bepc
527 5592 536 5632 :
551 5572 714 5632 reddentur.

966 267 1142 331 HONORII
1166 271 1210 331 111
1231 269 1380 334 OPERA.

1871 283 1877 290 “
1942 271 2010 332 380

1200 430 1340 506 pignora
1363 430 1439 492 auri
1455 432 1489 493 et
1503 432 1633 508 argenti
1653 433 1689 493 in
1714 445 1814 493 manu
1831 431 2005 509 jndicum,

1200 527 1381 588 meandum
1394 529 1612 606 quantitatem
1629 529 1679 589 rei
1698 545 1797 606 quarn
1812 529 2009 590 extimave-

1201 626 1278 686 runt
1290 626 1465 702 episcopus
1480 627 1513 688 et
1525 626 1577 686 sui
1590 641 1688 703 posse
1702 625 1852 703 probari;
1868 627 1901 688 et
1908 626 2008 702 judi·

1200 736 1265 793 ces,
1283 722 1370 784 iacta
1385 721 1581 800 probatione
1594 722 1635 784 ab
1648 724 1804 800 episcopo
1819 723 1853 784 et
1867 723 1952 793 suis,
1968 725 2008 784 ut

1200 819 1393 894 praedictum
1418 821 1478 890 est,
1506 818 1645 881 reddent
1666 821 1807 897 pignora
1839 821 2006 896 episcopo

1200 916 1271 977 sine
1287 917 1548 979 contradictione
1561 917 1594 977 et
1606 917 1767 978 dilatione
1782 917 1905 993 aliqua,
1923 919 2002 978 tarn

1200 1011 1240 1072 de
1250 1011 1400 1074 ducentis
1412 1014 1444 1074 et
1455 1013 1574 1088 viginti
1589 1013 1685 1074 libris
1698 1011 1866 1091 praedictis
1878 1015 1911 1074 et
1922 1029 2004 1091 pro-

1199 1108 1297 1182 batis,
1315 1126 1413 1187 quarn
1439 1110 1480 1172 de
1499 1111 1576 1172 aliis
1594 1127 1668 1188 quae
1689 1110 1912 1187 probaverint,
1933 1127 2000 1171 se-

1200 1207 1343 1268 cundum
1356 1209 1573 1284 quantitatem
1588 1207 1629 1270 ab
1644 1208 1693 1269 eis
1709 1207 1892 1284 probatam.

1239 1307 1268 1366 6.
1294 1304 1333 1366 nt
1350 1304 1504 1366 similiter
1523 1305 1662 1367 reddent
1679 1305 1817 1382 pignora
1839 1301 2001 1385 ffiudicesl

1200 1401 1365 1479 episcopo,
1382 1402 1495 1464 babltc
1507 1403 1715 1464 sacramento
1731 1403 1771 1464 de
1785 1401 1921 1464 ballivis
1937 1417 2004 1464 co-
2121 1377 2122 1444 ἶ

1200 1499 1289 1561 mitis
1304 1499 1345 1560 de
1360 1499 1460 1560 rebus
1471 1498 1604 1572 habitis,
1615 1499 1656 1560 de
1665 1497 1850 1562 redditibus
1863 1501 2001 1562 comitis

1200 1597 1355 1674 episcopo
1367 1597 1547 1672 assignatis
1560 1598 1593 1658 in
1606 1597 1790 1659 Gerrandia
1811 1613 1832 1658 a
1846 1597 2001 1674 tempore

1200 1707 1264 1769 qno
1288 1691 1450 1767 spoliatus
1477 1693 1549 1764 fnit,
1567 1693 1747 1754 secundum
1776 1693 1999 1769 quantitatem

1200 1803 1298 1865 qnam
1314 1803 1349 1849 se
1360 1789 1549 1865 juraverint
1560 1789 1737 1866 recepisse,
1757 1791 1790 1851 et
1811 1789 1999 1850 secundum

1200 1884 1286 1963 quod
1297 1885 1484 1948 successive
1494 1885 1687 1964 probabitur
1702 1885 1742 1948 ab
1757 1885 1913 1962 episcopo
1928 1887 1963 1946 et
1976 1901 1999 1946 a

1201 1983 1281 2054 suis,
1296 1983 1415 2044 dentur
1424 1981 1474 2062 (α)
1488 1983 1628 2060 pignora
1637 1985 1793 2060 episcopo
1804 1983 1999 2044 successive

1199 2080 1420 2158 ajudicibus.
1446 2081 1628 2159 Episcopus
1650 2097 1731 2143 vero
1754 2080 1831 2142 data
1855 2079 1920 2142 sibi
1940 2080 1999 2157 pi-

1200 2191 1304 2253 gnora
1328 2193 1348 2238 a
1364 2177 1535 2255 jndicibus
1553 2178 1721 2240 tenebitur
1734 2193 1870 2240 servare
1889 2192 1999 2254 usque

1201 2275 1241 2335 ad
1256 2276 1399 2352 quatuor
1413 2291 1559 2349 menses3
1580 2275 1700 2353 quibus
1722 2275 1914 2345 transactis,
1939 2274 1998 2335 vel

1200 2385 1240 2430 ea
1251 2369 1391 2447 recipiet
1402 2371 1438 2432 in
1449 2371 1604 2443 solutum,
1616 2371 1669 2432 vel
1678 2370 1810 2432 vendet.

1240 2470 1270 2528 7.
1293 2469 1465 2530 Promittet
1479 2469 1578 2530 etiarn
1591 2481 1702 2530 comes
1725 2481 1838 2528 coram
1858 2466 1992 2544 judici·-

1200 2563 1261 2626 bus
1281 2563 1367 2626 bona
1389 2565 1464 2637 tide,
1490 2565 1576 2642 quod
1596 2581 1662 2628 non
1686 2564 1844 2642 impediet
1866 2579 1995 2641 perse,
2123 2585 2124 2608 ³

1199 2662 1252 2723 vel
1275 2677 1335 2740 per
1362 2677 1449 2734 snos,
1482 2662 1634 2724 homines
1665 2661 1830 2739 episcopi,
1865 2661 1997 2738 quomi-

1199 2774 1262 2820 nus
1286 2759 1424 2821 veniant
1446 2758 1617 2835 probaturi
1638 2759 1759 2821 damna
1778 2773 1851 2818 sua.
1879 2759 1914 2819 si
1937 2773 1998 2818 au·

1199 2858 1264 2919 tem
1281 2871 1389 2918 comes
1409 2857 1512 2919 nollet
1534 2857 1696 2918 interesse
1721 2855 1872 2918 torminis
1897 2855 1991 2916 assi-

1200 2954 1309 3030 gnatis
1324 2969 1344 3015 a
1352 2953 1522 3031 judicibus
1537 2969 1598 3031 per
1612 2969 1658 3024 se,
1675 2953 1728 3014 vel
1745 2953 1932 3030 paralium,
1947 2952 1990 3012 ad

1200 3051 1365 3112 audienda
1395 3052 1604 3113 sacramenta
1636 3050 1826 3120 hominum,
1863 3049 1992 3108 nihilo-

1200 3148 1309 3209 minus
1333 3163 1392 3226 per
1409 3149 1551 3225 judices,
1574 3148 1627 3210 vel
1648 3163 1708 3225 per
1729 3161 1786 3209 eos
1806 3146 1862 3224 qui
1876 3148 1991 3208 essent

1199 3245 1273 3306 loco
1289 3246 1450 3322 judicum,
1470 3245 1682 3322 probationes
1702 3243 1849 3321 episcopi
1864 3244 1898 3304 et
1912 3257 1993 3302 suo-

1201 3357 1274 3404 rnm
1302 3342 1508 3411 audirentur,
1536 3345 1569 3404 et
1593 3343 1748 3420 episcopo
1774 3339 1994 3402 redderentur

1201 3441 1350 3516 pignora,
1363 3440 1449 3502 sicut
1462 3441 1616 3518 superius
1631 3440 1681 3502 est
1695 3440 1855 3501 notatum.

1240 3536 1413 3600 Proiectis
1432 3537 1530 3598 Alani
1553 3536 1719 3599 dabuntur
1741 3537 1881 3614 pignora
1901 3534 1993 3610 epis-

1200 3648 1281 3710 copo
1297 3633 1338 3694 ab
1353 3633 1470 3695 abbate
1485 3633 1690 3696 Rotbonensi
1703 3633 1744 3694 de
1756 3648 1874 3694 novem
1887 3630 1993 3691 milli-

1200 3729 1261 3791 bus
1284 3731 1400 3792 solidis
1421 3746 1495 3807 quae
1517 3729 1664 3793 servabit
1686 3732 1861 3808 episcopus
1886 3743 1991 3804 nsque

1200 3827 1241 3888 ad
1256 3829 1398 3904 quatuor
1412 3842 1553 3900 menses,
1578 3827 1698 3904 quibus
1720 3825 1909 3896 transactis,
1936 3824 1992 3886 vel

1200 3923 1330 3995 vendet,
1342 3923 1395 3985 vel
1410 3924 1550 4000 recipiet
1566 3924 1601 3984 ln
1616 3924 1775 3997 solutum;
1802 3938 1861 4000 pro
1883 3921 1992 3984 domi-

1199 4019 1260 4081 bus
1284 4035 1364 4082 vero
1386 4019 1629 4082 reaedificandis
1651 4022 1686 4082 in
1704 4023 1772 4082 tam
1786 4020 1873 4082 bono
1888 4020 1989 4088 statu,

1199 4117 1251 4178 vel
1272 4117 1414 4189 meliori,
1436 4118 1568 4195 quando
1585 4115 1763 4180 combustae
1784 4116 1928 4187 suerunt,
1956 4115 1990 4176 et

1200 4214 1287 4276 inira
1309 4214 1523 4277 Nativitatem
1538 4215 1670 4276 Domini
1695 4214 1846 4292 proxime
1865 4215 1988 4274 rentu-

1199 4327 1270 4372 ram
1285 4312 1457 4374 tradentur
1472 4312 1612 4389 pignora
1627 4311 1669 4374 ab
1686 4308 1804 4374 abbate
1819 4312 1989 4390 praedicto.

1237 4410 1267 4469 8.
1291 4409 1466 4471 Promittet
1480 4410 1581 4470 etiam
1600 4425 1710 4471 comes
1734 4425 1845 4472 coram
1863 4411 1991 4488 judici-

1197 4503 1269 4576 bus,
1294 4504 1380 4582 quod
1404 4503 1492 4565 bona
1514 4504 1577 4566 tide
1597 4506 1693 4581 coget
1709 4505 1852 4568 Alanum
1865 4509 1898 4569 et
1912 4523 1990 4569 suos

1198 4601 1374 4678 complices
1395 4599 1436 4662 ad
1456 4602 1684 4678 poenitentiam
1703 4603 1919 4680 corporalem,
1936 4623 1992 4668 se-

1198 4698 1340 4758 cundum
1362 4697 1448 4775 quod
1477 4698 1526 4759 eis
1557 4698 1764 4775 ajndicibus
1784 4701 1988 4779 injungetur,

1196 4793 1261 4866 vel,
1278 4795 1306 4854 si
1320 4794 1500 4868 noluerint,
1516 4795 1701 4858 eliminabit
1714 4811 1771 4858 eos
1785 4798 1826 4860 de
1847 4801 1915 4862 toto
1932 4816 1991 4861 co-

1197 4891 1315 4952 mitatu
1329 4907 1400 4952 suo.
1416 4893 1495 4954 Haec
1514 4893 1625 4954 autem
1651 4892 1769 4956 debent
1788 4897 1987 4972 precedere,

1196 4989 1374 5067 antequam
1411 4988 1584 5051 sententiae
1618 4990 1822 5064 relaxentur,
1861 4994 1991 5056 scilicet

1196 5085 1362 5147 restitutio
1386 5085 1486 5146 terrae
1513 5086 1661 5164 episcopi
1682 5089 1714 5149 et
1737 5089 1890 5165 capituli;
1914 5093 1990 5168 qui-

1195 5182 1278 5244 tatio
1303 5182 1532 5258 homagiorum
1556 5185 1589 5244 et
1617 5187 1901 5249 sacramentorum
1928 5204 1990 5250 ex-

1195 5281 1358 5342 tortornm
1381 5279 1415 5339 in
1439 5279 1669 5356 praejudicium
1695 5282 1861 5358 episcopi;
1884 5299 1989 5347 revo-

1196 5375 1282 5438 catio
1307 5378 1341 5438 et
1364 5375 1546 5438 declaratio
1564 5375 1750 5440 bannorum
1780 5379 1989 5456 supradicto-

1195 5487 1270 5534 rum
1283 5475 1316 5535 et
1329 5473 1525 5535 assisiarum
1540 5475 1573 5536 et
1585 5474 1792 5550 malaetostae;
1809 5478 1988 5553 promissio
