4248 6410
153 295 211 354 637

306 451 311 462 '
436 479 665 568 numum

184 613 232 672 Ad
250 607 455 686 potestatem
474 613 507 674 et
528 618 691 686 populum
714 615 915 676 Perusinos.

447 723 478 779 ll
492 721 553 795 jan.
571 723 649 780 itti.

248 827 380 892 [Theisoa
392 826 454 880 Cod.
468 826 530 892 dipl.
547 827 655 878 dominii
670 831 759 894 temp,
769 828 790 886 l,
802 825 855 892 db]

156 924 309 986 Confirmat
322 939 425 998 paoem
437 919 535 982 initam
549 925 622 983 inter
631 926 783 984 Perusinos
795 939 852 984 uua
867 931 947 997 parto

257 1021 285 1072 et
299 1012 430 1070 homines
446 1013 569 1070 civitatis
580 1013 693 1072 Castalii
707 1027 742 1070 eu
757 1015 856 1072 altera.

197 1119 364 1182 Honorius
376 1120 560 1196 episcopus,
570 1135 686 1182 servus
694 1135 865 1182 servorum
875 1121 946 1192 Dei,

56 1205 69 1214 “
161 1217 291 1279 dilectis
306 1216 396 1288 ultis,
413 1217 566 1292 potestati
580 1219 614 1278 et
629 1217 750 1293 populo
764 1217 946 1290 Perusinis,

163 1311 303 1374 salutern
319 1311 352 1373 et
366 1311 583 1387 apostolicam
596 1311 869 1374 benedictionem.

199 1404 332 1470 Cum'ex
344 1408 446 1471 officii
460 1409 566 1470 nostri
576 1407 686 1472 debito
695 1410 869 1472 teneamur
882 1408 948 1478 bis,

159 1505 216 1584 qui
231 1521 343 1582 prope,
360 1521 401 1568 ac
411 1505 465 1566 bis
479 1506 536 1582 qui
551 1505 649 1580 longe
661 1507 747 1576 sunt,
764 1506 856 1581 pacis
871 1521 950 1566 con·

160 1602 236 1664 eilia
254 1601 413 1678 cogitare,
436 1617 550 1678 pacem
570 1601 658 1662 inter
671 1601 785 1663 fideles
806 1602 949 1674 nostros,

163 1697 278 1760 sedata
306 1697 506 1774 praecedenti
537 1697 715 1770 discordia,
741 1696 951 1758 reformatam

160 1793 303 1855 libenter
322 1797 475 1855 volumus
497 1792 679 1865 observari,
699 1794 732 1855 et
753 1793 789 1854 ut
807 1794 951 1871 antiquis

160 1889 245 1950 odiis
270 1889 401 1950 occasio
422 1887 593 1951 auferatur
616 1890 648 1951 91
671 1888 859 1951 dilectionis
880 1903 953 1950 ma-

160 1986 246 2048 teria
260 1985 427 2058 dilatetur,
444 1985 537 2061 pacis
557 1984 682 2047 foedera
701 1985 835 2062 expedit
852 1989 954 2061 Apos-

161 2082 261 2144 tolico
285 2081 470 2143 munimine
496 2082 704 2142 communiri.
734 2083 815 2142 Cum
840 2081 951 2156 igitur,

163 2178 322 2240 suadente
335 2177 473 2240 humani
488 2179 622 2254 generis
635 2178 782 2250 inimico,
797 2177 885 2238 inter
894 2192 953 2238 vos

162 2275 318 2352 exparte
340 2290 406 2336 una
425 2273 463 2335 et
486 2273 636 2336 homines
656 2274 800 2336 civitatis
820 2273 954 2335 castelli

161 2387 206 2434 ox
227 2372 344 2444 altera,
370 2372 465 2448 gravi
488 2372 606 2433 exorta
637 2370 813 2441 discordia,
842 2385 955 2432 rerum

162 2467 283 2530 damna
299 2469 333 2530 et
350 2483 566 2546 personarum
583 2465 725 2546 (abnam
743 2482 809 2528 non
826 2467 957 2528 anima·

163 2580 237 2626 rum
252 2565 400 2642 pericula
423 2561 650 2642 evenissentl)
668 2563 726 2625 sed
740 2563 883 2635 tandem,
899 2561 914 2622 1
941 2594 955 2608 ·

164 2662 271 2724 ciente
292 2661 443 2732 Domino,
464 2660 562 2737 juxta
589 2660 779 2721 mandatum
808 2660 956 2722 nostrum

157 2759 322 2820 intervos
337 2757 461 2820 etillos
477 2757 569 2834 pacis
592 2756 634 2818 sit
649 2755 825 2818 concordia
850 2755 957 2817 retor-

166 2857 267 2926 mata,
282 2870 343 2916 nos
355 2869 470 2932 paoem
480 2853 598 2930 ipsam,
611 2853 697 2914 sicut
708 2853 779 2914 sine
794 2852 956 2930 pravitate

160 2951 303 3027 provide
315 2949 402 3012 tacta
412 2953 475 3022 est,
489 2952 522 3012 et
533 2949 574 3010 ab
585 2951 724 3026 utraque
736 2951 829 3025 parte
841 2949 957 3026 sponte

164 3047 311 3124 recepta,
328 3046 361 3107 et
379 3047 415 3106 in
433 3046 663 3108 instrumentis
679 3045 820 3122 publicis
837 3044 958 3106 exinde

168 3143 326 3204 contectis
363 3143 495 3221 plenius
531 3143 728 3214 continetur,
762 3141 959 3205 auctoritato

167 3239 356 3316 Apostolica
366 3239 610 3311 confirmamus,
619 3239 652 3300 et
661 3239 834 3316 praesentis
844 3237 960 3316 scripti

168 3336 352 3414 patrocinio
371 3336 623 3398 communimus.

211 3433 303 3494 Nulli
321 3449 404 3510 ergo
425 3433 563 3494 omuino
583 3431 683 3494 liceat
703 3432 790 3494 bane
806 3432 960 3509 paginam

168 3529 961 3604 nostraeconfirmationisinfringere‚veleiausu

167 3626 344 3688 temerario
366 3626 542 3688 contraire.
559 3625 594 3686 Si
609 3625 684 3702 quis
702 3625 813 3688 autem
830 3625 892 3686 boc
907 3626 961 3688 at-

168 3725 297 3784 tentare
319 3722 578 3800 praesumpserit,
600 3721 862 3798 indignationem
886 3738 961 3783 om·

170 3819 351 3895 nipotentis
370 3820 441 3892 Dei,
460 3821 493 3882 et
509 3818 680 3880 beatorum
700 3818 791 3881 Petri
814 3820 848 3881 et
866 3818 963 3880 Pauli

170 3917 394 3994 apostolorum
409 3919 492 3993 ejus,
505 3931 541 3978 se
556 3916 686 3979 noverit
699 3915 921 3978 incursurum.

210 4012 328 4072 Datum
351 4011 518 4084 Laterani,
539 4011 678 4074 ulidus
698 4011 858 4088 januarii,
875 4027 962 4088 pon-

170 4106 317 4168 tificatus
332 4107 439 4171 nostri
454 4123 542 4168 anno
558 4107 686 4184 quinte.

195 4411 248 4472 Ad
262 4281 706 4488 poesteemGXXXpluXtm
726 4412 943 4474 castellanos.

477 4523 508 4580 ll
520 4523 581 4596 jan.
596 4524 675 4602 lats.

208 4627 337 4692 [Thelser.
350 4627 412 4680 (iod.
428 4627 490 4694 dipl.
506 4626 615 4678 dominii
633 4635 723 4693 temp„
735 4628 755 4687 l,
767 4627 807 4688 os,
825 4643 851 4678 n.
865 4627 930 4691 roe]

248 4723 365 4783 naudus
375 4726 508 4797 potestati
522 4739 557 4782 ee
571 4725 739 4784 castellanis
751 4731 782 4782 ut
797 4739 897 4798 pacem

406 4811 568 4884 modiatam
580 4813 743 4872 observent.

776 297 1004 364 nrrssoum.
1028 300 1106 360 nm.
1129 299 1167 382 v,

1728 305 1788 366 638

999 455 1112 518 lanum
1142 457 1302 529 nostrum,
1328 455 1388 520 sub
1414 455 1523 520 debito
1547 461 1729 538 iuramenti
1755 463 1789 526 et
1832 489 1835 496 ·

1000 567 1097 628 poena
1116 554 1468 617 excommunicationis
1482 555 1630 617 dedimus
1649 557 1789 621 tirmiter

1000 649 1035 710 in
1050 649 1235 726 praeceptis,
1251 651 1290 712 ut
1304 652 1451 729 captivos
1468 651 1595 713 vestros
1610 654 1683 715 sine
1695 671 1787 717 mora

1001 745 1148 821 qualibet
1174 745 1369 818 liberarent,
1398 763 1472 809 oum
1501 749 1586 810 siout
1613 747 1721 812 tuerat
1745 767 1789 813 ex

1001 841 1095 918 parte
1107 843 1218 905 vestra
1232 843 1441 920 promissum,
1454 846 1577 922 pactati
1589 847 1706 908 essetis
1718 847 1790 910 ins-

1001 937 1167 1000 trumenta
1184 939 1218 1000 et
1235 939 1313 1012 alis,
1330 957 1402 1017 quaa
1417 957 1476 1018 pro
1491 957 1572 1018 pace
1586 942 1743 1005 intervos
1757 946 1791 1008 et

1001 1033 1092 1109 ipsos
1106 1035 1268 1096 servanda
1283 1034 1415 1099 merant
1425 1037 1588 1110 ordinata,
1598 1031 1720 1115 prae'ter
1731 1042 1791 1102 de-

1003 1130 1206 1193 molitionem
1231 1132 1424 1204 eastrorum,
1441 1133 1603 1196 duntaxat
1626 1135 1667 1195 ad
1692 1153 1791 1198 man-

1003 1226 1115 1288 datum
1144 1230 1293 1290 nostrum
1321 1227 1502 1292 efficaciter
1529 1230 1725 1308 observare;
1753 1249 1792 1296 ao

1004 1339 1064 1385 nos
1089 1324 1157 1386 tam
1181 1339 1231 1397 ea,
1249 1340 1348 1402 quarn
1369 1325 1453 1402 quod
1475 1329 1652 1402 praedictus
1676 1331 1716 1390 Η.
1732 1345 1792 1406 pro

1003 1420 1057 1480 bis
1080 1421 1240 1484 statuerat
1264 1422 1489 1496 observandis,
1510 1426 1583 1486 rata
1600 1440 1674 1486 esse
1690 1427 1795 1488 velle-

1005 1533 1088 1576 mus.
1110 1519 1189 1578 Gum
1214 1518 1316 1595 igitur
1339 1520 1372 1582 et
1391 1519 1485 1582 robis
1509 1521 1663 1598 expediat
1680 1523 1713 1584 et
1733 1539 1794 1585 uos

1004 1613 1130 1684 deceat,
1155 1616 1193 1677 ut
1213 1617 1384 1692 praemissa
1406 1617 1545 1679 firmiter
1565 1618 1793 1694 observentur,

1006 1711 1254 1773 universitatem
1273 1715 1417 1774 vestram
1442 1729 1622 1785 monemus,
1643 1716 1793 1778 auotori-

1006 1807 1075 1868 tate
1086 1807 1180 1869 vobis
1192 1811 1405 1885 praesentium
1421 1810 1560 1873 firmiter
1573 1813 1795 1890 praecipiendo

1006 1903 1211 1976 mandantes,
1225 1907 1390 1982 quatenus
1404 1907 1534 1981 tamea,
1548 1925 1622 1986 quae
1636 1910 1795 1972 intervos

1007 2001 1040 2062 et
1053 2002 1232 2062 Perusinos
1247 2018 1306 2078 pro
1322 2017 1404 2078 pace
1418 2006 1582 2066 servanda
1603 2008 1725 2083 praeter
1736 2007 1796 2068 de-
1895 1994 1898 2005 ’

1008 2095 1211 2160 molitionem
1221 2099 1406 2159 castrorum
1417 2102 1490 2161 aeta
1501 2102 1588 2172 sunt,
1601 2117 1699 2178 quam
1710 2103 1796 2180 quod

1008 2191 1115 2254 dictus
1133 2193 1324 2269 capellanus
1339 2195 1517 2266 mandavit,
1532 2197 1671 2259 tirmiter
1681 2197 1797 2260 obser·

1007 2289 1091 2351 vetis
1107 2311 1114 2350 :
1128 2289 1276 2368 alioquin
1291 2290 1320 2352 si
1336 2291 1414 2370 quid
1428 2292 1548 2358 exinde
1562 2292 1656 2355 robis
1670 2310 1809 2366 ertene-N

1008 2387 1063 2458 rit,
1080 2386 1166 2462 quod
1187 2387 1310 2458 nolitis,
1333 2403 1399 2450 non
1418 2387 1524 2461 nobis
1541 2389 1599 2452 sed
1617 2390 1712 2454 vobis
1733 2407 1796 2469 po·

1008 2483 1115 2544 teritis
1128 2482 1302 2558 imputare.

1048 2578 1140 2640 Nulli
1161 2593 1239 2655 ergo
1260 2579 1394 2641 omnino
1408 2579 1579 2642 hominum
1598 2582 1698 2645 liceat
1711 2585 1798 2648 banc

1010 2673 1163 2751 paginam
1184 2675 1305 2737 noemae
1327 2675 1586 2739 confirmationis
1603 2677 1796 2755 intringere,

1010 2771 1063 2832 vel
1091 2772 1123 2832 ei
1148 2787 1232 2832 ausu
1259 2773 1437 2834 temerario
1468 2775 1643 2836 contraire.
1666 2776 1701 2837 Si
1725 2777 1799 2853 quis

1011 2869 1121 2929 autem
1131 2867 1195 2930 hoo
1208 2869 1369 2930 9119111999
1381 2871 1638 2948 praesumpserit,
1652 2873 1800 2950 indigna-

1012 2964 1136 3025 tionem
1152 2965 1384 3043 omnipotentis
1397 2967 1466 3040 Dei,
1479 2969 1511 3029 et
1524 2965 1694 3032 beatorum
1710 2971 1800 3032 Petri

1012 3061 1046 3122 et
1057 3061 1153 3122 Pauli
1165 3063 1391 3138 apostolorum
1404 3065 1486 3141 ejus,
1499 3079 1534 3124 se
1547 3065 1676 3126 noverit
1688 3065 1802 3128 incur-

1013 3173 1137 3220 surum.
1163 3158 1279 3220 Datum
1306 3160 1473 3227 Laterani,
1488 3163 1533 3221 111
1552 3161 1627 3222 idus
1638 3163 1800 3240 januarii,

1014 3254 1223 3331 pontificatus
1238 3255 1344 3317 nostrl
1359 3271 1446 3316 anno
1459 3257 1584 3333 quinto.

1323 3423 1490 3510 CLXXX

1015 3557 1067 3616 Ad
1090 3557 1272 3616 uniuersos
1293 3557 1421 3618 Cbmtt
1439 3558 1554 3628 ttdeoes
1567 3571 1634 3632 per
1653 3558 1805 3620 Suetium

1302 3655 1515 3716 constitutos.
1748 3631 1753 3654 ⁴

1314 3757 1346 3813 11
1358 3756 1419 3829 jan.
1433 3757 1511 3816 mal.

1129 3851 1274 3916 [Liljegrem
1283 3851 1392 3902 Svenslrt
1400 3853 1473 3917 dipl,
1489 3853 1509 3910 l,
1521 3853 1577 3913 fid,
1587 3865 1612 3902 n.
1626 3853 1693 3918 lost

1019 3948 1156 4008 Sollicitet
1168 3949 1366 4022 eleemosynas
1384 3949 1419 4007 ad
1434 3951 1588 4007 elaustmm
1611 3949 1646 4006 sd
1667 3949 1806 4008 bonorem

1052 4036 1144 4094 beate
1162 4037 1290 4109 Virginis
1311 4037 1422 4095 noviter
1440 4037 1469 4094 in
1491 4036 1641 4094 bitbuanla
1663 4043 1807 4095 construc-

1053 4130 1114 4184 tum
1130 4131 1159 4182 et
1176 4123 1383 4198 indulgentiam
1401 4125 1503 4197 viginti
1524 4123 1634 4182 dierum
1651 4125 1698 4197 qut
1717 4124 1808 4182 eccle·

1053 4213 1127 4270 siam
1140 4212 1255 4270 claustri
1267 4212 1414 4271 visitarent
1425 4213 1454 4270 in
1466 4211 1538 4270 testo
1549 4212 1770 4285 assumptionis.

1059 4330 1238 4401 Quoniam,
1255 4329 1293 4391 ut
1312 4327 1361 4390 ait
1377 4329 1563 4406 Apostolus,
1579 4333 1642 4403 qut
1660 4329 1810 4390 seminat

1019 4427 1056 4486 tn
1070 4439 1175 4488 carata
1186 4441 1262 4498 msa,
1276 4428 1318 4487 de
1331 4439 1437 4490 carne
1450 4427 1484 4488 et
1494 4427 1600 4488 nectet
1610 4426 1807 4500 corruptio-

1003 4524 1509 4610 ι99919919999999999
1536 4527 1573 4584 tn
1600 4524 1743 4595 spirutu,
1770 4524 1812 4584 de

1020 4619 1148 4692 spirttu
1161 4621 1267 4681 metet
1281 4621 1390 4682 vitum
1404 4621 1574 4681 aeternum
1589 4618 1675 4697 (Gal.
1693 4633 1740 4690 vr,
1754 4616 1789 4697 8)
1802 4640 1811 4678 :

1022 4717 1102 4776 Cum
1125 4715 1228 4793 igitur
1253 4717 1339 4779 sicut
1364 4717 1551 4793 accepimus
1575 4717 1610 4776 in
1635 4715 1812 4777 Lithuauia

1023 4812 1186 4890 quoddam
1200 4812 1381 4876 claustrum
1396 4813 1437 4873 ad
1449 4813 1609 4874 bonorem
1621 4811 1726 4874 beatae
1734 4813 1813 4873 Vir-

218 4908 886 4988 Honoriusepisoopus,servusservorum
896 4913 967 4985 Dei,
1023 4909 1111 4984 ginis
1139 4909 1269 4971 noviter
1297 4910 1340 4972 sit
1374 4909 1608 4980 constructum,
1646 4923 1711 4970 non
1740 4909 1814 4970 sine

178 5005 310 5066 dilectis
331 5003 448 5066 tiliis...
468 5009 624 5083 potestati
644 5009 678 5070 et
700 5009 822 5085 populo
838 5009 970 5070 Castel-
1024 5005 1136 5067 multis
1150 5005 1329 5076 laboribus,
1355 5007 1388 5068 et
1413 5007 1580 5082 expensis,
1604 5006 1637 5067 et
1656 5006 1697 5067 ad
1717 5005 1814 5066 subs-

179 5101 277 5171 lanis,
297 5101 437 5162 salutem
465 5097 498 5164 et
525 5104 740 5179 apostolicam
765 5103 971 5166 benedictio-
1023 5103 1241 5165 tentationem
1270 5102 1409 5164 tratrem
1437 5102 1520 5164 inibi
1541 5103 1679 5165 Domino
1701 5101 1812 5162 lamu-

181 5213 267 5259 nem.
1025 5197 1166 5261 lantium
1187 5199 1329 5277 propriae
1351 5215 1417 5260 non
1440 5200 1615 5276 suppetant
1628 5197 1813 5268 facultates,

219 5294 267 5356 Ad
281 5293 556 5370 supplicationem
572 5296 605 5356 et
617 5296 810 5358 instantiam
825 5297 970 5358 vestram
1026 5297 1276 5358 universitatem
1296 5297 1439 5358 vestram
1459 5313 1625 5372 rogamus,
1643 5297 1675 5357 et
1696 5309 1814 5355 mone·

181 5391 309 5452 dilectis
322 5391 439 5451 liliis...
453 5393 607 5469 potestati
619 5394 652 5455 et
664 5394 785 5469 populo
800 5393 972 5454 Perusinis
1026 5409 1100 5453 mus
1119 5394 1243 5455 attente
1265 5393 1300 5453 in
1324 5393 1554 5454 remissionem
1577 5391 1671 5453 vobis
1695 5405 1816 5467 peeca-

181 5489 249 5549 tam
273 5503 332 5565 per
346 5487 477 5550 litteras
497 5503 595 5565 quarn
617 5503 677 5566 per
695 5489 851 5552 dilectum
867 5489 972 5550 fllium
1026 5489 1153 5552 minum
1190 5489 1411 5566 injungentes,
1441 5494 1604 5568 quatenus
1635 5486 1816 5548 claustrum

182 5585 383 5646 Hermanum
399 5584 588 5647 cluscinum
603 5585 754 5658 electum,
771 5587 850 5649 tunc
867 5587 974 5664 capel·
1027 5588 1134 5664 ipsum
1150 5586 1263 5649 divino
1278 5587 1380 5648 cultui
1394 5586 1579 5648 dedicatum
1595 5585 1698 5660 gratis
1710 5584 1815 5644 bene-
