4230 6388
20 5201 23 5250 l

22 5403 25 5446 l

23 5497 27 5542 l

23 5595 27 5642 Ι

24 5688 29 5740 1

144 381 205 455 ⁸⁰5
629 349 633 358 ’
771 378 1163 444 emerecensis.
1726 381 1786 441 occ

143 537 350 615 spectantem
363 539 490 601 minere
514 552 550 598 se
571 535 745 606 intrudens
757 549 834 606 eata
853 537 941 603 deti·
993 536 1168 600 Michaelis
1187 535 1230 600 ad
1245 535 1550 610 Ulmnm,'saiutem
1570 539 1603 600 et
1623 537 1787 614 apostoli-

146 636 203 696 nst
231 635 425 712 occupatam
447 635 483 696 in
501 635 651 706 ecclesiae
664 635 893 714 prejudicium
906 635 941 698 ¹ei
994 647 1068 696 cam
1082 633 1358 706 benedictionem.

144 745 339 808 gravamen.
369 733 512 810 Ideoque
535 731 728 800 discretioni
748 733 867 798 restrae
882 745 942 808 per
1036 733 1257 794 sacrosancta
1272 735 1422 794 Romam
1443 731 1592 794 Ecclesia
1606 727 1742 793 devotos
1754 731 1790 798 el

149 829 340 904 Apostolica
375 829 500 905 scripta
533 829 745 901 mandamus,
779 830 942 905 quatenus
996 827 1137 890 humiles
1153 827 1790 906 tiliosexassuetopietatisotliciopro-

148 925 299 1002 partibus
333 926 524 996 convocatis
557 925 703 992 audiatis
736 939 885 997 causam,
910 925 943 988 ei
996 925 1132 1001 pensius
1148 925 1288 1002 diligere
1301 926 1483 998 consuerit,
1499 927 1542 998 et,
1559 941 1600 986 ne
1612 941 1789 1001 pravorum
1899 947 1903 972 ι

146 1022 236 1098 qapotl
261 1022 459 1087 canonicum
480 1021 589 1092 suerii,
616 1021 839 1098 appellatione
852 1021 944 1098 posi*
996 1021 1167 1082 hominum
1181 1022 1342 1085 molestiis
1364 1023 1542 1098 agitentur,
1560 1037 1617 1084 ecs
1633 1023 1789 1107 tanquam

148 1117 274 1194 posita,
303 1119 456 1181 statuatis
481 1117 642 1183 facientes
670 1119 758 1195 quod
785 1119 944 1182 decocta-
997 1118 1052 1194 pia
1069 1119 1175 1180 maier
1190 1134 1258 1178 suae
1274 1119 1490 1194 protectionis
1508 1119 1691 1184 munimine
1707 1134 1790 1181 con-

149 1215 223 1278 riiis
245 1231 304 1291 per
328 1229 503 1277 censuram
521 1215 784 1292 ecclesiasticam
805 1215 944 1276 tirmiter
997 1214 1120 1276 lovere.
1138 1217 1332 1292 Eapropter,
1357 1213 1469 1280 dilecti
1494 1213 1529 1276 in
1555 1216 1695 1278 Domino
1716 1214 1789 1288 dlii,

149 1311 334 1392 observari.
353 1312 470 1373 Testes
489 1315 599 1381 autem
615 1312 671 1388 qui
688 1311 823 1376 suerunt
836 1311 945 1376 nomi-
998 1312 1118 1372 vestris
1130 1311 1232 1388 Jusiis
1248 1310 1526 1388 postulationibus
1541 1312 1635 1388 graio
1651 1327 1792 1374 concur-

150 1407 221 1472 naii
233 1407 263 1466 si
276 1423 312 1468 se
327 1407 446 1482 gralia,
463 1406 551 1478 odio,
567 1407 618 1476 rel
635 1408 754 1470 timore
769 1406 945 1470 wodane-
998 1412 1110 1470 renies
1126 1424 1277 1476 assensu,
1295 1423 1454 1484 personas
1468 1410 1598 1471 vestras
1612 1411 1644 1470 et
1658 1423 1794 1470 monas-

149 1503 219 1566 rint
244 1519 303 1579 per
329 1519 506 1567 censuram
539 1503 688 1566 eamdem
723 1503 944 1579 appellatione
998 1505 1248 1582 teriuminquo
1263 1505 1377 1567 divino
1392 1507 1474 1568 estis
1489 1505 1648 1583 obsequio
1664 1505 1794 1568 manci·
1924 1513 1928 1524 ¹

151 1600 303 1662 cessante
323 1599 451 1676 cogatis
471 1600 604 1668 veritati
627 1600 853 1665 testimonium
868 1613 946 1676 per·-
996 1603 1080 1680 pati,
1095 1619 1169 1674 cuno
1180 1602 1332 1667 omnibus
1347 1603 1443 1672 nonis
1459 1619 1531 1680 quae
1546 1604 1582 1666 in
1597 1603 1794 1680 praesenila-

148 1696 278 1768 ninere.
312 1699 431 1759 Datum
464 1697 631 1768 Laterani,
669 1699 699 1761 ΙΙ
722 1713 827 1760 nonas
852 1697 942 1769 maii,
999 1716 1073 1762 rum
1084 1699 1524 1777 rationabiliterpcssidetis,
1534 1701 1636 1762 autin
1646 1700 1793 1762 tuncrum

148 1793 363 1869 pontificatus
378 1794 582 1863 nostrianno
596 1793 725 1871 quinto.
996 1798 1096 1874 justis
1123 1796 1240 1868 modis,
1267 1799 1445 1876 praestante
1467 1797 1618 1864 Domino,
1641 1797 1793 1874 poteritis

1001 1891 1152 1968 adipisci,
1169 1891 1417 1957 subiectorum
1432 1893 1523 1956 Petri
1537 1893 1569 1955 ei
1583 1894 1680 1956 Pauli
1695 1909 1795 1970 apos·

423 1989 674 2077 GCCLXXQ
1000 1989 1144 2050 talorum
1164 1991 1196 2050 et
1216 1989 1331 2060 nostra
1352 1990 1557 2068 proiectione
1580 1990 1792 2066 suscipimus.

695 2133 707 2160 Ἴ.
1001 2085 1198 2161 specialiter
1222 2087 1332 2150 autem
1358 2086 1738 2156 ecclesiasticarum
1758 2085 1794 2152 iu

285 2131 336 2194 Ad
358 2133 550 2266 mmm,
573 2135 800 2209 Mas-Summe*
1001 2180 1242 2260 Heruelsingen
1256 2183 1290 2244 et
1303 2182 1465 2260 capellam
1482 2185 1516 2244 s„
1529 2181 1682 2256 Andreas,
1697 2182 1796 2258 silam

444 2255 459 2312 ⁷
483 2267 552 2310 ”¹³¹¹
571 2253 649 2316 ¹²²¹·
1001 2277 1035 2337 in
1058 2277 1139 2338 villa
1162 2277 1352 2353 staninges,
1373 2279 1407 2340 et
1424 2278 1510 2354 alias
1529 2279 1689 2358 ecclesias
1712 2295 1795 2356 quas

182 2368 303 2430 suspen„
314 2366 359 2418 no.
373 2367 405 2424 V»
421 2366 494 2430 epist.
506 2367 560 2419 ⁵9⁹·
572 2369 629 2418 uss.
646 2368 682 2418 na
698 2367 776 2418 roca
786 2365 821 2424 aa
832 2366 928 2432 amau]
997 2375 1088 2451 juste
1100 2375 1136 2436 ct
1150 2375 1287 2452 pacifice
1306 2373 1494 2452 possidetis,
1510 2376 1605 2439 uobis
1620 2379 1653 2438 et
1666 2392 1797 2440 monas·

154 2473 336 2539 vicenarium
350 2473 554 2535 canonicorum
568 2473 597 2534 in
610 2473 737 2546 ipsorum
758 2473 945 2539 ecclesariu-
1001 2471 1086 2532 ierio
1109 2472 1222 2534 uestro
1241 2473 1440 2534 auctoritate
1458 2473 1648 2550 apostolica
1672 2472 1796 2545 contin,-

188 2575 315 2632 merum·
339 2568 423 2632 timui
444 2560 481 2618 ab
505 2561 576 2637 iiiiii
598 2567 627 2618 et
650 2562 786 2636 ellisswlt)
809 2568 947 2621 sautum
1001 2583 1131 2632 mamus
1144 2568 1178 2629 et
1191 2568 1366 2646 praesentis
1379 2565 1495 2646 scripti
1509 2567 1694 2646 patrocinio
1706 2583 1796 2637 cam.-

188 2647 291 2718 fiierti
312 2649 650 2721 iuci⁰ril³le⁰l1⁰⁸1⁰li⁰i
670 2647 831 2710 ⁰⁰¹¹fli¹11³²⁴
1001 2665 1181 2738 munimus,
1202 2664 1335 2742 proviso
1355 2663 1443 2744 quod
1465 2665 1502 2726 in
1524 2665 1621 2728 dictis
1645 2665 1796 2738 eeclesiis

194 2765 373 2838 Honorius,
388 2765 463 2837 cic„
480 2763 612 2829 dilectis
620 2763 699 2828 tiliis
708 2764 855 2841 capitula
863 2766 949 2830 ldae
1002 2776 1062 2840 per
1076 2760 1261 2825 confratres
1276 2764 1403 2824 vestros
1422 2762 1475 2824 vel
1499 2762 1644 2825 sicarios
1659 2763 1796 2838 idoneos

151 2861 294 2924 siliensi.
1002 2857 1116 2930 diuina
1140 2857 1213 2919 sine
1231 2858 1370 2926 alterius
1393 2858 1587 2936 praejudicio
1606 2858 1795 2926 calcareas.

194 2959 299 3024 dusiis
311 2957 504 3034 petentium,
519 2959 583 3022 cic.
597 2959 830 3036 liapropter...,
845 2973 948 3036 usque
998 2954 1095 3020 Nulli
1119 2969 1198 3032 ergo
1223 2955 1357 3020 omuino
1380 2955 1557 3018 hominum
1583 2955 1684 3022 liceat
1708 2957 1798 3022 hanc

152 3068 305 3117 assensu.
335 3055 548 3120 Vicenariuun
566 3056 803 3120 canonicorum
827 3071 947 3120 nnme-
1002 3052 1158 3128 paginam
1180 3053 1302 3122 nostrae
1322 3051 1585 3116 connrmationie
1600 3053 1634 3114 et
1651 3069 1795 3128 conces-

154 3166 239 3221 rum,
255 3165 354 3227 quem
365 3150 568 3216 venerabilis
582 3153 684 3217 irater
694 3155 843 3218 costen„
859 3155 949 3230 epis·
1002 3149 1108 3212 sionis
1120 3147 1421 3223 infringerevelei
1431 3165 1513 3210 ausu
1524 3151 1703 3212 temerario
1715 3167 1797 3214 con-

152 3263 256 3324 copus
270 3250 391 3318 cester,
418 3246 630 3313 facultatibus
654 3249 804 3314 ecclesia
826 3255 948 3314 vestrae
1004 3245 1118 3309 tratre.
1144 3246 1178 3306 Si
1195 3245 1271 3322 quis
1298 3245 1408 3306 autern
1436 3244 1499 3308 hoc
1521 3247 1684 3309 attentare
1703 3263 1796 3325 prae-

155 3344 314 3421 pensatis,
331 3344 371 3406 de
386 3347 646 3410 assensurostro
658 3345 694 3408 in
709 3362 749 3411 ea
763 3347 902 3416 mxcvii.
916 3347 949 3413 st
1002 3343 1190 3422 sumpserit,
1208 3342 1470 3418 indignationem
1485 3343 1720 3421 OmssilJOissssiiS
1736 3346 1796 3415 Dei

155 3438 273 3504 statuit
294 3440 548 3513 observandum,
566 3445 663 3523 proui
677 3443 712 3506 in
726 3444 835 3519 ipsius
854 3445 947 3508 litte·
1001 3439 1219 3502 etbeatorum
1232 3440 1323 3500 Petri
1337 3440 1370 3502 et
1381 3439 1478 3502 Pauli
1488 3441 1712 3518 apostolorum
1724 3445 1796 3519 ejus

153 3537 201 3601 ris
216 3538 338 3599 dicitur
360 3539 493 3614 plenius
511 3540 695 3612 contulerit
714 3539 948 3606 sicuitaxatus
1003 3553 1039 3600 se
1066 3537 1198 3602 noverit
1220 3537 1444 3600 incursurum.
1472 3541 1592 3600 Datum
1620 3539 1794 3614 interm,

155 3634 206 3694 est
219 3634 356 3710 provide
368 3650 408 3696 ac
422 3635 576 3702 statutus,
593 3637 791 3704 auctoritate
806 3639 949 3714 aposto·
1002 3633 1132 3698 Vlidus
1144 3633 1236 3708 maii,
1251 3633 1434 3712 pontificat.
1446 3635 1650 3700 nostrianno
1666 3636 1792 3714 quinto.

155 3729 221 3791 lica
234 3729 479 3813 confirmamus,
505 3732 546 3814 ei
561 3733 737 3808 praesentis
757 3735 873 3810 scripti
887 3750 948 3813 pa-

154 3827 298 3888 trocinio
324 3826 577 3900 communimus,
599 3829 665 3890 nisi
688 3829 802 3891 forsan
821 3832 857 3893 in
872 3832 950 3892 tan-

153 3923 222 3986 tum
237 3925 449 3988 excreverint
470 3926 616 4002 ejusdem
640 3926 949 3990 ecclesiaefaculia-
1000 3983 1007 3990 .
1275 3877 1525 3969 CCCLXXXI

153 4022 215 4092 tes,
230 4021 316 4096 quod
332 4021 451 4082 merito
474 4020 510 4082 in
529 4037 569 4082 ea
585 4023 821 4084 canonicorum
835 4039 948 4086 nume·
1021 4035 1074 4100 Ad
1087 4033 1285 4108 episcopam
1298 4031 1332 4094 et
1343 4031 1532 4106 capitulum
1542 4033 1774 4098 Placentinos.

154 4131 212 4176 rus
245 4115 364 4177 debeat
397 4115 572 4190 adaugeri,
612 4118 809 4181 auctoritate
852 4119 947 4180 Sedis
1099 4105 1101 4115 '
1293 4159 1410 4220 mm,
1423 4159 1490 4218 m,

154 4212 352 4288 Apostolicae
375 4227 506 4288 semper
528 4213 632 4274 salva.
653 4213 748 4275 Nulli
766 4215 945 4291 ergo,etc.,
1134 4283 1140 4295 ,
1383 4281 1389 4294 ,
1494 4203 1502 4217 ’

154 4311 278 4372 nostrae
299 4309 561 4371 confirmationis
581 4308 777 4388 infringere.
808 4312 844 4376 Sl
871 4313 947 4390 quis
1098 4279 1701 4388 [mmm³³¹¹·M¹⁰⁸²⁰¹¹¹¹⁰'¹'¹⁴’¹¹J²³'J

154 4407 278 4478 autem,
299 4406 363 4468 eto,
390 4405 509 4467 Datum
533 4407 700 4479 Laterani,
730 4408 829 4469 nonis
852 4409 944 4483 mii,
1055 4402 1168 4459 Fratres
1181 4397 1387 4458 Praedicatores
1402 4397 1586 4462 commendat
1604 4401 1742 4476 episcopo

155 4503 365 4579 pontificatus
380 4502 486 4565 nostri
498 4518 588 4566 anno
599 4504 725 4581 quinto.
1216 4493 1246 4546 ⁰⁸
1259 4486 1383 4560 minum
1397 4487 1575 4546 Ρῑθθθῦῑῑῡθ·

1039 4605 1206 4668 Honorius
1215 4601 1402 4682 episcopus,
1415 4617 1533 4666 sarnus
1543 4619 1713 4666 servorum
1722 4607 1794 4678 Dei,

437 4699 666 4788 GCCLXXX
1002 4702 1133 4776 dilectis
1154 4701 1233 4766 tiliis
1256 4700 1413 4782 episcopo
1431 4700 1466 4764 ei
1484 4700 1630 4778 capitulo
1649 4701 1795 4766 Placen.

188 4841 241 4902 Aa
258 4839 486 4918 mmmm
511 4841 545 4904 et
565 4843 770 4906 conventum
790 4845 909 4907 Sancti
1000 4801 1082 4872 tino,
1093 4799 1234 4908 salutem
1244 4798 1276 4859 et
1286 4795 1503 4878 apostolicam
1517 4796 1793 4862 benedictionem.

1040 4897 1280 4959 Discretronem
1306 4893 1453 4955 vestram
1477 4907 1645 4970 rogamus,
1674 4911 1794 4960 mone-

353 4941 530 5008 Mm‘aelss
544 4943 589 5001 αα
604 4943 746 5003 mmm·
1001 5011 1086 5067 mus,
1101 4993 1134 5056 et
1148 4988 1365 5054 exhortamur
1377 4990 1547 5062 attentius,
1564 4992 1729 5070 quatenus
1744 4993 1797 5054 di-

450 5059 561 5120 ¹⁰¹¹¹⁸¹¹
574 5061 654 5122 ¹²²¹·
1001 5091 1104 5154 rocas
1135 5089 1241 5159 nram,
1270 5085 1391 5153 tranas
1429 5087 1686 5160 precessores,
1716 5089 1793 5166 qur,

185 5171 446 5238 [wirtembergisches
457 5173 670 5236 cracuaensem,
683 5177 727 5236 111,
741 5177 795 5238 ¹2⁸»
808 5191 835 5232 ¹1·
847 5177 916 5244 ⁶⁴2]
1002 5187 1116 5250 soeculi
1129 5183 1333 5247 vanitatibus
1346 5183 1518 5256 abdicatis,
1530 5183 1796 5247 obtuleruntno·

154 5279 332 5344 &omniurn
347 5279 376 5338 s.
388 5277 536 5339 llichaclic
549 5278 586 5341 ai
598 5281 710 5342 Ulmum
724 5282 862 5343 simoenti
872 5285 948 5347 Petri
1001 5285 1092 5347 mino
1107 5283 1141 5344 in
1156 5279 1265 5343 laudis
1282 5279 1484 5342 sacrificium
1499 5279 1705 5357 semetipsos,
1722 5281 1797 5359 pie-

191 5375 220 5426 et
234 5381 285 5468 sua
300 5366 476 5440 protectione
488 5368 615 5442 suscipit,
631 5375 716 5447 atquc
726 5371 753 5429 ei
765 5371 872 5444 aliquot
882 5387 947 5448 pos·
1001 5383 1079 5450 tatis
1093 5379 1228 5450 innita,
1244 5393 1445 5456 precumque
1458 5379 1649 5440 nostrarum
1665 5377 1794 5451 obtutu,

188 5469 335 5523 ammones
350 5455 509 5515 conirmat.
1002 5477 1132 5548 hebere,
1162 5474 1348 5551 dignemini
1381 5474 1495 5539 taliter
1531 5475 1794 5548 commendatos,

197 5572 366 5636 Honorius
374 5571 560 5650 episcopus,
570 5587 686 5639 serris
695 5575 946 5646 serrorumiiei
1002 5574 1088 5652 quud
1113 5571 1216 5639 iidem
1244 5585 1361 5648 910⁶&
1384 5572 1517 5642 mitrii
1540 5570 1628 5650 almd
1648 5587 1708 5636 ’10⁵
1729 5572 1796 5644 sihi

157 5665 287 5732 dilectis
302 5667 381 5746 tiliis
396 5669 572 5745 preposito
589 5671 623 5736 ei
641 5672 820 5736 morentur
835 5659 949 5742 Sancti
1003 5670 1148 5734 sentiant
1162 5667 1362 5739 fructuosas,
1378 5667 1412 5729 ei
1423 5682 1484 5728 nos
1496 5666 1705 5742 devotionem
1718 5687 1797 5745 ses·
