4248 6410
18 417 22 428 Ι
158 328 218 404 ee

421 513 687 602 GCXXXVIII

178 651 230 710 Ad
246 649 365 710 omum
385 651 680 724 archiepiscopum
703 649 931 724 bremensem.

453 761 486 818 31
500 761 560 834 jan.
576 762 655 823 list.

321 867 468 932 [Liljsgrem
480 866 589 920 Svenslrt
601 866 675 932 dipl,
690 866 710 924 i.
724 865 792 932 iii]

159 972 277 1034 Mandat
294 981 326 1032 ut
346 973 499 1048 diligenter
519 973 636 1047 colligat
656 973 824 1032 vicesimam
850 972 951 1057 etalio
974 1027 975 1030 ,

191 1063 328 1122 Ecclesie
344 1064 480 1122 Romane
501 1061 596 1120 debita
619 1067 649 1120 et
667 1061 761 1120 mittat
782 1076 833 1134 per
855 1060 953 1119 ildelcs

190 1153 316 1222 nuntios,
331 1150 377 1208 vel
392 1152 522 1224 assignet
537 1149 681 1211 bundensi
694 1149 919 1224 archiepiscopo.

196 1269 364 1332 Honorius
376 1268 949 1346 episcopusservusservorumtrei,

23 1327 26 1368 ³
156 1364 700 1443 OlaoarchiepiscopoUpsalensi.

195 1463 411 1532 Fraternitati
431 1463 497 1524 tuae
519 1450 951 1539 praesentium'auctoritate

156 1557 379 1635 praecipiendo
412 1558 619 1632 mandamus,
643 1559 805 1634 qnatenus
824 1558 973 1620 vissei-¹

156 1671 244 1716 mam
283 1655 585 1717 ecclesiasticorum
620 1656 855 1733 proventuum,
890 1670 973 1716 neo¹

156 1768 222 1814 non
237 1754 270 1816 et
281 1769 416 1815 censum
433 1753 473 1815 de
487 1753 607 1814 Suecia
621 1753 778 1814 Ecclesiae
794 1755 951 1814 Romanae

158 1850 304 1912 debitum
328 1850 489 1926 colligens
506 1849 694 1926 diligenter,
715 1852 783 1912 tam
798 1865 837 1912 ea
853 1866 951 1928 quam

156 1947 224 2009 alia
248 1947 345 2012 nobis
371 1949 399 2008 si
421 1947 593 2010 commode
611 1947 736 2024 poteris
756 1964 815 2026 per
836 1947 951 2010 fideles

155 2045 291 2108 nuntios
317 2045 451 2109 studeas
471 2045 650 2108 destinare.
672 2045 829 2121 Alioquin
850 2060 952 2115 vene-

155 2142 255 2204 rabili
278 2142 375 2204 iratri
396 2143 559 2216 nostro...,
576 2141 744 2206 Lundensi
758 2141 949 2218 archiepis-

156 2255 250 2316 copo,
267 2239 410 2302 fideliter
432 2239 605 2315 assignare
625 2254 794 2316 procures,
812 2239 949 2316 quanti-

155 2337 255 2398 tatem
284 2351 399 2398 eorum
425 2335 521 2398 nobis
547 2335 689 2397 fideliter
714 2333 947 2412 rescripturus.

156 2433 275 2494 Datum
287 2433 454 2505 Laterani,
468 2433 496 2494 II
505 2431 665 2494 kalendas
680 2430 853 2508 februarii,
866 2447 950 2510 pon-

157 2530 302 2592 tificatus
314 2530 420 2593 nostri
432 2545 521 2592 anno
534 2531 660 2608 quinto.

403 2698 404 2701 ’
445 2731 668 2820 ccxxxix

157 2870 210 2929 Ad
234 2868 371 2930 abbates
386 2868 505 2929 Sancti
529 2866 697 2927 Vinceeitt
724 2865 889 2927 Maiensis
917 2867 950 2928 et

196 2967 237 3026 de
259 2967 378 3032 Viters,
401 2965 435 3026 et
448 2967 493 3026 act
508 2967 668 3038 priorem
689 2967 730 3025 de
750 2967 858 3025 Vicere
875 2965 952 3024 Me-

199 3063 307 3123 tensis
325 3064 491 3124 diaecesis.

460 3175 473 3232 1
488 3173 558 3232 lobi.
573 3175 652 3232 liii.
953 3251 958 3266 Ι

189 3282 305 3346 [Rogat.
316 3281 362 3332 bb.
373 3282 404 3340 V,
421 3280 497 3346 epist.
507 3280 561 3332 tls.
572 3281 629 3330 lise.
641 3280 678 3330 La
688 3281 765 3330 Porto
775 3279 810 3330 du
823 3279 917 3345 Thell]

156 3388 284 3462 iujungit
295 3389 337 3445 eis
351 3395 382 3445 ut
397 3386 564 3444 mandatum
579 3387 773 3459 Apostolicam
785 3385 950 3446 deViviane

190 3475 294 3534 clerico
313 3476 342 3534 in
359 3453 623 3536 ecclesiessetensi
641 3471 825 3546 providendo,
844 3487 947 3532 execu-

192 3563 261 3634 tiopi
276 3561 337 3620 dari
352 3561 531 3636 provideant.

196 3680 374 3752 Honorius,
392 3680 467 3751 ete..
489 3679 621 3743 dilectis
642 3679 721 3740 tiliis
741 3679 853 3744 Sancti
867 3679 951 3742 Vin-

84 3799 86 3806 ’
155 3778 256 3840 centii
275 3779 410 3849 nesea,
429 3779 463 3840 et
482 3777 522 3841 de
543 3778 654 3841 thers
677 3776 862 3850 abbatibus,
879 3777 948 3842 et...

159 3877 265 3954 priori
280 3875 320 3936 de
330 3875 452 3950 vilers,
469 3876 590 3940 Melan.
608 3875 771 3938 dioecesis.

198 3973 397 4049 scripsimus
416 3972 496 4038 olim
507 3972 637 4037 dilectis
652 3973 741 4044 filiis,
754 3972 876 4038 Meten.
893 3989 950 4034 ca-

157 4070 273 4146 pitulo,
291 4070 326 4131 ut
344 4070 501 4131 dilectum
525 4069 631 4132 tilium
652 4067 829 4132 Vivianttm
850 4071 950 4134 cleri-

158 4183 232 4228 cum
247 4165 435 4242 reciperent
450 4165 484 4226 in
499 4167 695 4230 canonicum
706 4167 739 4228 et
750 4167 786 4232 in
800 4167 948 4239 tratrem,

157 4280 196 4326 ac
209 4264 339 4327 demum
354 4263 465 4329 abbati
487 4262 802 4336 sanctissimis,
818 4265 851 4326 et
865 4279 949 4326 con-

152 4361 322 4439 judicibus
334 4363 407 4436 ejus
422 4360 572 4421 dedimus
587 4361 624 4422 in
638 4361 815 4433 mandetis,
836 4362 872 4424 ut
892 4377 949 4423 eos

156 4445 198 4522 a'd
219 4459 252 4520 id
279 4458 506 4520 ecclesiastica
533 4457 739 4522 districtione
767 4458 949 4534 compelle-

155 4559 240 4630 rent,
254 4556 321 4621 nisi
337 4556 421 4620 iorte
436 4554 564 4633 aliquid
577 4555 773 4618 canonicum
788 4555 947 4620 obviaret.

156 4658 301 4732 Cumque
312 4670 426 4716 eorum
436 4653 518 4730 ipsis
531 4651 648 4715 inisset
658 4652 782 4716 diutius
790 4653 950 4730 discepta-

154 4754 235 4822 tum,
246 4752 375 4812 demum
387 4751 517 4814 dilectis
526 4750 604 4811 liliis
613 4749 947 4827 primiceriobteten„

155 4853 188 4910 et
215 4847 355 4924 praelato
380 4847 500 4910 clerico
526 4849 661 4925 propter
687 4847 751 4908 boc
774 4848 808 4907 in
835 4851 949 4911 nostra

154 4945 332 5022 praesentia
361 4945 548 5008 constitutis
580 4945 628 5006 sic
658 4944 814 5006 duximus
836 4945 950 5020 provi-

155 5041 353 5112 dendum‚ut
363 5040 517 5111 videlieet
526 5042 613 5103 idem
624 5042 805 5118 capitulum
814 5041 950 5121 quinde-

154 5141 218 5201 cim
238 5137 341 5200 libras
358 5137 622 5215 provenientium
637 5139 786 5200 Franciae
800 5139 865 5216 ipsi
876 5139 948 5201 cle-

154 5239 226 5299 rico
236 5234 757 5312 conteratanpuatim‚quousque
767 5235 831 5296 sibi
842 5237 950 5312 provi·

154 5334 241 5397 derit
252 5333 286 5394 in
301 5330 513 5410 aequivalenti
528 5330 755 5395 ecclesiastico
773 5331 946 5405 beneflcio,

153 5433 205 5494 vel
218 5430 347 5510 majori,
361 5444 463 5506 super
475 5428 665 5506 receptione
678 5428 852 5506 praefatum
863 5430 950 5508 capi·

153 5531 257 5590 tulum
271 5528 492 5593 absolventes.
505 5525 649 5604 ideoque
664 5525 858 5588 discretioni
873 5543 950 5589 ves-

154 5629 213 5688 trae
229 5641 286 5704 per
298 5623 488 5704 apostolica
505 5623 628 5700 scripta
645 5622 851 5698 mandamus,
866 5641 950 5704 qua-

789 327 1018 393 EPISTOLAE.
1041 325 1119 388 LIB.
1142 327 1181 388 V.

1739 326 1798 390 691

1006 485 1103 548 mnus
1124 485 1209 564 quod
1232 500 1332 562 super
1346 484 1399 548 bis
1419 499 1438 546 a
1457 484 1553 546 nobis
1575 483 1625 546 est
1645 485 1800 562 aequitate

1007 581 1168 646 suadente
1189 581 1357 659 provisum
1378 581 1510 644 faciatis
1523 581 1663 646 firmiter
1685 582 1801 644 obser·

1006 679 1089 742 vari.
1098 679 1365 746 contradictores
1377 679 1472 757 siqui
1484 678 1610 740 suerint
1619 678 1800 741 monitione

1005 777 1179 856 praemissa
1198 792 1258 856 per
1274 792 1450 839 censuram
1466 776 1724 840 ecclesiasticam
1740 792 1801 854 ap-

1006 873 1185 952 pellatione
1201 873 1384 952 postposita
1394 873 1652 950 compescentes.
1665 871 1756 946 Quod
1769 871 1799 937 si

1006 986 1073 1032 non
1094 986 1219 1041 omnes,
1237 971 1299 1037 etc.
1321 971 1439 1034 Datum
1454 971 1622 1041 Laterani,
1638 968 1798 1030 kalendas

1006 1067 1179 1148 februarii,
1196 1067 1405 1146 pontificatus
1421 1067 1526 1133 nostri
1548 1083 1635 1136 anno
1651 1066 1775 1145 quinto.

1340 1263 1507 1354 tutt-

1118 1396 1171 1456 Ad
1184 1395 1405 1459 &atterentem
1418 1397 1689 1470 quresteosem

1247 1495 1554 1566 archiepiscopum.

1310 1613 1324 1668 1
1339 1610 1408 1669 febr.
1422 1611 1502 1670 itti.

1143 1715 1249 1780 [Lange
1260 1717 1326 1782 Dipl.
1339 1717 1515 1782 Norvegicum,
1524 1717 1566 1776 VI,
1576 1731 1595 1778 r,
1607 1717 1658 1782 tt]

1005 1819 1141 1881 Concedit
1160 1821 1304 1880 licentiam
1326 1823 1362 1881 ab
1386 1824 1680 1882 excommunicatione
1701 1823 1794 1882 absol·

1041 1909 1125 1966 vendi
1132 1909 1340 1984 juxtaiormem
1351 1913 1486 1970 Ecclesia
1497 1927 1548 1970 eos
1558 1911 1605 1986 qul
1613 1927 1670 1970 non
1679 1917 1797 1985 possent

1041 1997 1077 2054 ad
1091 1997 1194 2056 sedem
1208 1999 1402 2072 Apostolicam
1416 2000 1505 2057 edire.

1045 2115 1211 2176 Honorius
1221 2115 1711 2192 episcopus,servusservorum
1719 2117 1791 2188 Dei,

1004 2211 1188 2274 venerabili
1213 2213 1346 2274 fratri...
1368 2213 1586 2290 Nydresiensi
1603 2213 1792 2290 archiepis-

1005 2323 1098 2384 copo,
1120 2309 1272 2382 salutem,
1289 2311 1351 2384 etc.

1044 2408 1090 2466 De
1109 2405 1315 2467 subditorum
1342 2408 1475 2469 tuorum
1501 2408 1610 2470 salute
1631 2407 1795 2472 sollicitus

1004 2501 1209 2578 supplicasti,
1219 2503 1256 2564 ut
1270 2517 1345 2584 curn
1359 2503 1511 2568 nonnulli
1527 2519 1641 2564 eorum
1657 2520 1716 2581 pro
1728 2505 1798 2566 vio·

1004 2599 1094 2660 lenta
1103 2615 1259 2661 manuum
1268 2599 1446 2677 injectione
1458 2602 1657 2664 sententiam
1667 2617 1797 2663 excom-

971 2715 972 2718 *
1005 2696 1239 2758 muricationis
1249 2698 1461 2770 incurrerint,
1469 2698 1502 2758 et
1515 2699 1649 2776 propter
1661 2697 1798 2774 longin-

1004 2793 1162 2868 quitatem
1186 2794 1249 2856 viee
1272 2795 1325 2856 vel
1351 2796 1589 2874 paupertatem,
1610 2810 1670 2858 seu
1695 2794 1796 2857 etiam

1004 2889 1160 2952 duritiam
1175 2907 1280 2964 suam,
1295 2893 1336 2953 ad
1355 2892 1580 2970 Apostolicam
1596 2893 1714 2954 &dem
1728 2907 1796 2954 non

1004 2988 1140 3050 veniant
1170 2988 1391 3051 absolutionis
1421 2989 1618 3052 beneficium
1646 2989 1794 3067 petituri,

1005 3085 1062 3146 sed
1078 3086 1227 3164 plerique
1243 3087 1279 3149 in
1299 3089 1676 3151 excommunicationem
1691 3088 1794 3148 dece·

1004 3182 1093 3253 dant,
1127 3200 1227 3266 super
1262 3183 1325 3245 hoc
1342 3185 1517 3263 providere
1536 3183 1797 3246 misericorditer

1004 3279 1229 3354 dignaremur.
1243 3281 1402 3342 volentes
1428 3280 1531 3356 igitur
1550 3295 1664 3340 eorum
1683 3280 1798 3356 provi-

1004 3376 1082 3436 dere
1112 3377 1224 3449 saluti,
1263 3357 1563 3454 praesentiebant
1599 3376 1796 3441 auctoritate

1005 3473 1227 3548 concedimus,
1245 3476 1281 3536 ut
1300 3474 1423 3535 talibus
1438 3477 1610 3552 postquam
1621 3475 1728 3552 passis
1740 3475 1797 3534 in-

999 3570 1125 3647 juriam
1137 3569 1360 3635 satisfecerint
1377 3575 1610 3650 competenter,
1625 3571 1797 3649 impendas

1000 3669 1097 3744 juxta
1110 3668 1249 3731 formam
1264 3669 1421 3732 Ecclesiae
1434 3669 1653 3734 absolutionis
1667 3668 1797 3730 beneti-

1004 3765 1091 3824 cium
1100 3763 1172 3827 vice
1182 3767 1380 3838 nostra,nisi
1391 3766 1504 3828 lorsan
1513 3767 1700 3846 aliquorum
1710 3763 1798 3827 esset

1004 3861 1087 3924 adeo
1101 3863 1213 3937 gravis
1233 3863 1266 3929 et
1280 3863 1425 3924 enormis
1445 3879 1614 3936 excessus,
1631 3863 1716 3941 qnod
1727 3878 1799 3923 me-

1003 3958 1067 4018 rito
1091 3959 1202 4020 essent
1226 3959 1267 4019 ad
1297 3960 1414 4020 Sedem
1442 3959 1666 4036 Apostolicam
1694 3957 1799 4019 desii-

1004 4054 1117 4115 nandi.
1132 4057 1250 4116 Datum
1265 4055 1432 4130 Laterani,
1445 4055 1606 4118 kalendas
1622 4053 1795 4126 februarii,

1005 4137 1215 4229 pontificatus
1225 4153 1331 4214 nostri
1345 4169 1433 4214 anno
1449 4153 1575 4233 quinto.

1328 4365 1476 4454 ctxtl
1587 4449 1591 4460 .

1024 4508 1076 4566 Ad
1094 4508 1289 4580 episcopam
1303 4507 1338 4568 et
1351 4507 1539 4581 separarem
1555 4507 1776 4570 catanance.

1300 4619 1316 4676 a
1332 4617 1498 4676 iebrllll.

1037 4735 1156 4798 [liegest.‚
1167 4731 1213 4784 lib.
1224 4733 1257 4793 V,
1269 4733 1344 4798 epist.
1356 4733 1411 4784 tes.
1422 4734 1480 4784 ldss.
1494 4734 1530 4784 La
1541 4733 1617 4784 Porto
1627 4733 1661 4784 du
1672 4731 1767 4799 rheti]

1004 4839 1136 4914 Praecipit
1149 4840 1191 4898 cis
1206 4847 1236 4897 ut
1249 4841 1394 4914 Rogerum
1409 4839 1543 4899 clericum
1558 4841 1796 4899 catalaunensem

1039 4943 1096 4986 non
1118 4928 1250 4988 obstante
1274 4928 1349 5002 quod
1364 4943 1415 5002 pro
1426 4929 1489 4988 eliis
1504 4927 1589 4992 scribi
1605 4931 1754 5003 potuisset,
1768 4929 1797 4986 iu

1037 5018 1207 5073 canonicum
1222 5024 1250 5074 et
1264 5014 1378 5073 irenem
1394 5018 1542 5090 recipiant.

1042 5133 1220 5206 Honorius,
1237 5133 1311 5200 etc..
1331 5133 1516 5199 venerabili
1531 5133 1627 5198 fratri
1642 5133 1797 5212 episcopo

1003 5231 1035 5295 et
1055 5229 1185 5295 dilectis
1200 5231 1290 5304 tiliis,
1307 5231 1452 5308 capitulo
1468 5233 1683 5302 catalaunen.

1044 5329 1079 5393 Si
1094 5329 1134 5392 de
1146 5328 1338 5406 provisione
1359 5329 1493 5392 illorum
1509 5330 1643 5392 solliciti
1659 5327 1715 5408 qul
1733 5329 1797 5392 ad-

1004 5427 1119 5504 scripti
1139 5426 1288 5490 elericali
1304 5426 1431 5490 militiae
1452 5427 1581 5493 nullum
1596 5427 1673 5488 sunt
1690 5426 1798 5500 adbuc

1003 5523 1267 5588 ecclesiasticum
1288 5523 1485 5586 beneficium
1505 5523 1660 5595 assecuti,
1678 5539 1748 5596 vos,
1765 5527 1798 5586 et

1003 5621 1312 5683 aliosecelesiarum
1324 5620 1797 5698 minis-trosadidrtpostolicis
