4248 6410
366 223 423 282 orl
984 216 1159 278 HONORII
1181 216 1226 275 111
1247 217 1394 278 OPERA.
1490 233 1495 243 ·
1954 218 2015 276 672

363 377 548 456 praesertim
570 375 633 436 hoc
653 377 805 451 tempore
829 386 889 449 pro
917 372 1053 434 servitio
1076 375 1155 435 Jesu
1209 371 1297 433 tibus
1312 373 1461 433 mortuus
1481 370 1596 442 luerit,
1624 369 1815 434 tumuletur.
1840 372 1895 434 list
1919 375 2012 434 enim

243 519 252 530 .
364 475 486 536 Christi
505 471 674 548 exponunt
688 469 849 530 semultis
865 467 1032 530 laboribus
1048 469 1081 530 et
1095 485 1156 530 ex·
1210 468 1366 529 indecens
1381 469 1414 528 et
1428 467 1515 544 parit
1533 467 1699 528 interdum
1721 467 1904 544 periculum
1928 470 2011 530 ani-

363 568 641 648 pensiS,indebita
653 565 940 628 nolumusinferre
947 565 1153 641 gravamina,
1210 580 1349 635 marum,
1365 564 1393 624 si
1408 564 1472 624 viri
1486 563 1648 638 religiosi,
1666 564 1841 626 occasione
1857 567 2013 626 ecclesiae

363 666 419 727 sed
434 667 528 741 grata
551 663 699 724 subsidia
721 663 927 736 ministrare;
946 661 1155 724 universitati
1211 660 1369 722 adeundae
1386 675 1420 720 se
1435 659 1583 721 virorum
1595 659 1702 721 turbis
1715 661 1748 721 et
1763 661 2011 737 frequentatio-

362 763 481 823 vestrae
494 775 553 836 per
564 759 752 836 Apostolica
765 760 888 835 scripta
901 759 1097 820 mandamus
1110 758 1157 819 at·
1210 757 1307 818 nibus
1339 757 1547 819 immisceant
1580 757 1767 817 mulierum.
1801 760 2012 835 Quapropter

362 875 425 936 que
451 857 679 935 praecipimus,
706 856 868 932 quatenus
891 855 1099 933 presbyteros
1124 856 1156 915 et
1211 853 1419 916 universitati
1443 857 1563 914 vestrae
1588 869 1646 929 per
1669 854 1859 929 Apostolica
1884 857 2011 931 scripta

361 955 501 1016 clericos
516 953 710 1023 antedictos,
730 955 766 1012 ut
781 951 822 1012 ab
838 951 984 1013 indebita
999 951 1158 1013 molesta·
1210 951 1405 1012 mandamus
1433 951 1531 1026 atque
1561 950 1789 1027 praecipimus,
1820 954 2009 1027 quatenus,

361 1052 451 1114 tione
465 1051 708 1110 nominatorum
730 1047 870 1108 fratrum
891 1064 991 1124 super
1004 1051 1155 1125 portione
1211 1063 1285 1108 oum
1307 1062 1378 1119 vos,
1394 1045 1513 1108 iratres
1537 1046 1749 1122 patriarcha,
1766 1048 2011 1126 archiepiscopi

357 1146 529 1224 jamdicta
545 1145 675 1221 penitus
694 1145 903 1215 desistentes,
915 1161 990 1204 eam
1015 1145 1155 1220 permit·
1209 1143 1262 1204 vel
1276 1144 1433 1220 episcopi,
1451 1141 1491 1204 ab
1505 1143 1630 1203 eisdem
1643 1143 1801 1205 iratribus
1812 1143 1945 1208 fueritis
1957 1163 2012 1206 re-

361 1244 434 1304 tent
447 1242 529 1318 ipsis
544 1240 702 1302 iratribus
723 1241 860 1316 pacifice
879 1239 1068 1315 possidere,
1086 1255 1157 1299 mo-
1211 1241 1335 1316 quisiti,
1349 1239 1495 1300 oratoria
1508 1241 1697 1301 eorumdem
1709 1240 1868 1302 dedicetis
1882 1243 2009 1321 absque

362 1339 491 1400 uitione
508 1338 691 1413 praemissa,
709 1351 955 1412 percensuram
975 1336 1155 1397 ecclesias·
1211 1336 1322 1413 aliqua
1344 1337 1508 1413 pravitate
1530 1353 1570 1398 ac
1591 1353 1651 1414 pro
1674 1337 1866 1414 sepelienda
1889 1355 2006 1400 eorum

363 1437 478 1506 ticam,
523 1433 652 1494 sublato
696 1432 927 1509 appellationis
967 1432 1154 1504 obstaculo,
1211 1432 1385 1494 familiain
1402 1433 1646 1509 praelatislocis
1665 1434 2010 1498 coemeteriabenedi-

360 1530 586 1606 compellatis,
601 1529 790 1590 mandatum
804 1529 1029 1604 apostolicum
1045 1529 1157 1590 taliter
1211 1546 1285 1590 cere
1299 1530 1494 1606 procuretis,
1507 1531 1673 1606 sinejuris
1685 1531 1877 1606 prejudicio
1889 1533 2004 1594 alieni.

361 1626 541 1702 impleturi,
554 1625 639 1701 quod
653 1640 718 1685 non
731 1625 866 1701 possitis
880 1625 920 1685 de
931 1623 1155 1686 inobedientia
1211 1625 1427 1703 Presbyteros
1443 1643 1572 1704 quoque
1588 1643 1722 1688 manere
1733 1628 1852 1690 sinatis
1862 1629 1895 1690 in
1912 1646 2004 1706 pace,

362 1721 575 1798 reprehendi,
586 1721 686 1782 immo
699 1720 808 1796 potius
819 1721 859 1781 de
870 1720 1057 1780 obedientia
1071 1737 1157 1782 com·
1211 1739 1292 1800 quos
1308 1723 1372 1800 ipsi
1385 1739 1444 1800 pro
1459 1722 1646 1784 exhibendo
1662 1724 1726 1784 sibi
1741 1725 1853 1787 divino
1869 1727 2007 1788 servitio

362 1817 524 1877 mandari.
539 1818 657 1878 Datum
670 1818 837 1888 Laterani,
852 1819 927 1878 XIV
942 1817 1007 1876 hal.
1023 1816 1157 1878 februa·
1211 1819 1390 1880 sociarunt.
1406 1819 1530 1880 adhoc
1545 1835 1624 1895 ergo
1640 1821 1868 1896 complendum
1893 1825 2005 1884 vestra

362 1913 417 1984 rii,
433 1913 643 1988 pontificatus
657 1914 765 1976 nostri
780 1928 868 1975 anno
881 1914 1007 1990 quinto.
1211 1913 1402 1976 fraternitas
1425 1932 1519 1992 opem
1546 1917 1722 1977 consilium
1741 1918 1887 1993 praebeat
1902 1921 1936 1980 et
1951 1935 2007 1980 as-

1211 2027 1365 2083 sensum,
1382 2028 1444 2074 nec
1463 2028 1520 2074 eos
1540 2012 1574 2072 in
1596 2014 1752 2074 oratoriis
1775 2015 2004 2076 construendis

681 2133 832 2219 CCXIV
1211 2107 1369 2184 impediat
1384 2107 1441 2168 aut
1455 2109 1608 2185 impediri
1623 2111 1801 2184 permittat.
1817 2113 1935 2173 Datum
1948 2114 2005 2172 La-

1210 2204 1328 2274 terani,
1342 2205 1417 2264 XIV
1432 2205 1499 2264 kal.
1516 2203 1688 2278 februarii,
1700 2205 1912 2281 pontificatus
1923 2223 2005 2268 nos-

650 2274 702 2334 Ad
716 2276 862 2334 eosdem·
940 2326 949 2342 .
1210 2298 1253 2359 tri
1267 2314 1354 2358 anno
1370 2299 1497 2375 quinte.

658 2385 691 2442 19
703 2384 763 2456 jan.
781 2385 861 2442 1221.

537 2489 976 2556 [strsl1l0,1.e.,p.³oa,n.a³o.]
1542 2487 1673 2573 CCXV

362 2597 497 2658 Concedit
515 2597 606 2698 ordini
620 2595 1153 2696 theutonico,utundlquepresnbyte·
1228 2635 1232 2648 .
1249 2626 1301 2686 Ad
1319 2627 1573 2701 wemmam
1587 2629 1776 2702 Malorum
1794 2632 1965 2702 quondam

397 2701 443 2745 ros
456 2686 491 2742 sd
507 2692 652 2743 servulum
667 2699 751 2742 suurn
767 2698 913 2741 assumere
927 2691 1016 2755 possit
1027 2691 1055 2741 et
1070 2699 1098 2740 m
1112 2683 1153 2740 lo·
1522 2727 1692 2798 mamam·

397 2775 439 2832 cis
461 2772 515 2830 sibi
538 2773 647 2829 collatis
668 2773 791 2830 oratoria
808 2779 836 2829 el
851 2773 1012 2828 coemeteria
1029 2787 1080 2844 pro
1101 2787 1155 2828 usu

397 2861 511 2933 proprio
525 2867 699 2916 construere.
1481 2844 1514 2900 le
1526 2843 1638 2915 ianuar.
1654 2845 1731 2902 ml

401 2977 568 3037 Honorius
579 2976 763 3052 episcopus,
774 2991 889 3037 servus
902 2977 1152 3047 servorumDei,
1230 2954 1349 3020 [⁸⁰⁸⁰⁵‘··
1363 2957 1408 3006 ¹³¹³·
1422 2957 1451 3014 V*
1466 2958 1539 3022 spot.
1551 2957 1606 3006 ³⁰⁰·
1620 2959 1676 3008 ³¹⁸⁸·
1693 2960 1728 3008 ¹⁴²
1739 2959 1815 3009 ⁹⁰⁸³
1825 2960 1859 3010 ‘¹¹¹
1872 2961 1968 3022 ΜΗ

362 3071 608 3136 venerabilibus
623 3071 781 3133 tratribus
797 3072 1007 3149 patriarchis,
1022 3072 1155 3133 archis·
1209 3061 1303 3118 Ρθῡῑῑθ
1318 3064 1469 3118 inteream
1484 3070 1570 3134 atque
1584 3065 1748 3134 henricum,
1760 3065 1872 3139 Anglioe
1890 3082 1999 3140 regem,
2091 3051 2092 3066 ἵ

361 3170 505 3248 piscopjs
521 3171 554 3231 et
567 3169 746 3246 episeopis,
767 3172 801 3230 et
816 3169 944 3231 dilectis
960 3169 1038 3229 flffis
1053 3167 1155 3229 abba,
1226 3147 1261 3205 de
1274 3149 1348 3206 illius
1360 3150 1426 3207 dole
1441 3151 1518 3222 initis
1533 3152 1729 3209 auctoritatem
1745 3167 1826 3210 suam
1841 3154 1981 3228 adjungit.
2091 3203 2092 3206 ,

361 3267 465 3338 tibus,
482 3265 522 3328 ad
537 3281 618 3342 quos
634 3265 752 3326 litterae
766 3265 839 3326 istae
854 3265 1082 3341 pervenerint,
1099 3281 1155 3326 sa·
1248 3265 1425 3339 Honorius,
1440 3268 1515 3338 etc,
1534 3269 1716 3329 carissimae
1736 3270 1771 3330 in
1782 3271 1912 3333 Christo
1924 3271 1997 3332 illia
2091 3295 2092 3298 ¹

360 3363 463 3424 lutem
478 3363 511 3424 et
525 3361 739 3437 apostolicam
755 3361 1029 3422 benedictionem.
1208 3365 1256 3434 Β.,
1268 3362 1431 3438 quondam
1442 3363 1622 3439 anglorum
1636 3365 1761 3440 reginae
1772 3365 1906 3438 illustri,
1917 3369 1999 3429 salu-

399 3459 519 3518 Militia
542 3458 612 3529 Dei,
634 3474 709 3534 quae
733 3458 855 3519 dicitur
875 3459 990 3520 domus
1014 3457 1153 3520 fratrum
1208 3463 1273 3520 tem
1289 3461 1321 3521 et
1336 3459 1551 3536 apostolicam
1563 3461 1839 3523 benedictionem.

358 3554 540 3631 Hospitalis
570 3556 700 3615 Sanctae
732 3555 849 3616 Marias
874 3555 1153 3616 Theutonicorum
1247 3556 1452 3632 ExinJ'uncto
1466 3555 1562 3618 nobis
1572 3557 1679 3618 officio
1689 3559 1858 3620 servitutis
1874 3560 1998 3621 incum-

358 3651 664 3728 Hierosolymitani,
675 3666 773 3727 quam
784 3652 827 3712 sit
839 3651 994 3713 orientali
1004 3652 1153 3714 ecclesias
1206 3652 1836 3732 bitonumilliusvicemlicetimmeriti
1846 3671 1997 3732 geramus
2091 3659 2092 3716 l

358 3749 540 3815 commoda,
558 3747 658 3823 digna
672 3748 810 3818 meritis,
821 3749 888 3809 Deo
902 3749 1008 3824 grata,
1019 3750 1153 3810 univer·
1205 3748 1364 3820 interris
1377 3750 1432 3825 qui
1448 3751 1579 3811 nonest
1593 3751 1810 3812 dissensionis
1827 3755 1927 3825 Deus,
1944 3751 1995 3813 sed

358 3846 489 3907 sitatem
502 3845 647 3906 vestram
668 3845 833 3905 credimus
852 3862 919 3906 non
939 3845 1054 3908 latere.
1071 3848 1154 3907 Fra·
1207 3847 1309 3923 pacis,
1320 3847 1355 3906 ut
1368 3845 1484 3923 hisqui
1495 3847 1747 3910 amicabilisunt
1760 3850 1993 3926 compositione

356 3943 451 4004 terna
479 3941 582 4018 igitur
610 3942 733 4003 caritas
759 3957 820 4003 nos
845 3942 1009 4015 hortatur,
1038 3944 1090 4016 ut,
1117 3943 1152 4004 in
1207 3943 1312 4019 sopita
1335 3943 1503 4005 munimen
1524 3945 1749 4019 Apostolicum
1777 3961 1990 4022 apponamus,

356 4041 513 4117 qnantum
530 4053 717 4115 possumne,
734 4041 924 4101 necessaria
939 4041 988 4100 eis
1004 4041 1151 4102 subsidia
1207 4054 1249 4100 ne
1263 4038 1456 4100 relabantur
1469 4040 1505 4100 in
1520 4040 1649 4102 iteratae
1673 4042 1864 4118 scrupulum
1884 4059 1992 4119 quaes-

356 4137 592 4198 ministremus.
606 4138 656 4209 Et,
668 4136 824 4212 quoniam
834 4137 991 4212 religiose
1000 4138 1151 4198 viventes
1206 4136 1316 4207 tionis,
1332 4137 1364 4197 et
1388 4135 1516 4198 oriatur
1537 4137 1700 4199 dissensio
1716 4138 1803 4199 inter
1822 4153 1891 4210 eos,
1915 4153 1993 4216 quos

349 4233 472 4294 devote
488 4233 621 4294 student
636 4231 758 4294 divinis
776 4233 895 4294 oldcils
910 4233 1090 4304 interesse,
1107 4233 1151 4293 li·
1206 4231 1302 4294 debet
1330 4231 1426 4292 unire
1450 4230 1617 4292 vinculum
1649 4231 1808 4294 caritatis.
1840 4233 1919 4296 lnde
1948 4234 1995 4294 est

354 4329 468 4390 beram
491 4329 540 4388 eis
564 4329 775 4390 concedimus
798 4329 987 4390 facultatem
1015 4330 1151 4391 idoneos
1205 4328 1381 4404 quodcum
1403 4328 1595 4390 carissimus
1615 4321 1651 4388 in
1663 4329 1792 4392 Christo
1808 4327 1898 4390 lilius
1920 4345 1994 4391 nos-

357 4425 568 4502 presbyteros
592 4425 632 4484 ad
658 4441 753 4486 suum
781 4425 953 4487 servitium
982 4441 1151 4490 assumere
1205 4425 1315 4496 terri,
1328 4439 1390 4486 rex
1399 4423 1579 4500 anglorum
1594 4423 1746 4498 illustris,
1757 4427 1826 4487 suis
1840 4425 1935 4488 nobis
1949 4425 1994 4486 lit·

302 4579 308 4594 ,
355 4521 586 4597 undecunque,
604 4521 661 4596 qui
674 4521 786 4582 tamen
801 4522 866 4582 rite
882 4523 998 4583 sintin
1013 4521 1151 4599 presby·
1205 4521 1285 4581 teris
1301 4521 1509 4598 supplicavit,
1524 4522 1560 4584 ut
1571 4522 1841 4596 compositionem
1852 4525 1939 4584 inter
1951 4525 1990 4592 te,

352 4621 442 4680 teros
458 4616 602 4679 ordinati
616 4616 651 4678 et
665 4632 684 4677 a
700 4617 844 4693 propriis
864 4617 1029 4695 episcopis
1046 4619 1151 4680 licen·
1205 4631 1244 4678 ac
1254 4617 1361 4692 ipsum
1376 4633 1476 4694 super
1491 4617 1721 4679 observatione
1735 4619 1989 4695 compositionis,

354 4715 434 4775 tiam
450 4713 669 4790 impetrarint.
686 4713 734 4773 Ad
750 4708 822 4774 haec
843 4713 969 4774 eisdem
991 4713 1150 4776 iratribus
1205 4728 1268 4788 qua
1280 4730 1379 4789 super
1395 4714 1468 4774 dote
1484 4715 1550 4784 tua,
1568 4714 1601 4775 et
1618 4713 1811 4791 quibusdam
1826 4715 1902 4776 aliis
1922 4728 1991 4776 cum

354 4811 523 4887 cupientes
550 4809 753 4870 commodius
777 4809 973 4886 providere,
1000 4812 1149 4872 minuere
1204 4808 1302 4870 clarae
1317 4809 1620 4884 memoriensem
1637 4812 1728 4886 patre
1744 4811 1847 4887 ipsius
1858 4811 1989 4878 inieras,

353 4910 465 4968 tamen
477 4905 602 4967 nullius
613 4906 759 4967 vestrum
768 4907 824 4981 Jus
838 4907 1030 4982 parochiale
1039 4909 1150 4970 volen·
1203 4907 1236 4966 et
1246 4905 1426 4980 arreragiis
1441 4906 1582 4981 quatuor
1595 4905 1735 4966 millium
1748 4907 1780 4967 et
1795 4907 1990 4984 quingenta-

352 5002 470 5066 tesval
484 5001 645 5075 decimas,
662 5003 732 5064 sive
747 5001 947 5075 oblationes,
965 5007 1023 5066 aut
1037 5004 1150 5082 sepul·
1203 5016 1277 5059 rum
1298 4999 1457 5060 librarum
1480 5000 1726 5074 sterlingorum,
1752 4993 1826 5077 quas
1849 5001 1909 5062 tibi
1932 5003 1990 5062 de-

350 5103 444 5164 turas
472 5099 622 5170 auterre,
652 5100 687 5160 in
716 5099 798 5160 locis
824 5101 888 5161 sibi
915 5102 1065 5172 collatis,
1093 5101 1149 5162 ubi
1202 5094 1364 5158 bebantur
1385 5111 1429 5156 ex
1449 5095 1686 5172 compositione
1699 5097 1856 5174 praedicta
1871 5097 1992 5158 amica-

352 5199 479 5260 iamilia
502 5196 659 5258 videlicet
683 5195 829 5268 habitat,
858 5199 1048 5259 eorumdem
1069 5213 1149 5260 con·
1202 5191 1313 5253 biliter
1351 5193 1480 5264 initam,
1512 5193 1613 5254 robur
1652 5192 1836 5255 faceremus
1873 5193 1991 5255 hahere

349 5293 502 5358 struendi
517 5292 567 5355 eis
586 5293 732 5355 oratoria
747 5293 914 5356 licentiam
935 5295 1096 5366 dedimus,
1113 5295 1148 5356 in
1201 5293 1368 5366 perpetue
1384 5288 1560 5360 firmitatis,
1587 5290 1747 5366 appositis
1769 5305 1852 5367 quas
1867 5289 1990 5351 videri-

351 5393 470 5472 quibus
486 5389 702 5454 celebrationi
718 5389 906 5452 divinorum
922 5391 1087 5462 intersint,
1103 5391 1145 5462 et,
1202 5402 1275 5447 mus
1288 5385 1519 5448 severitatibus
1534 5387 1702 5462 expedire,
1720 5402 1759 5448 ac
1773 5403 1816 5448 ex
1830 5389 1924 5463 parte
1938 5389 1989 5448 tua

351 5492 380 5550 si
396 5490 469 5567 quis
484 5487 525 5548 de
540 5488 623 5562 ipsis
636 5486 794 5549 fratribus
804 5487 862 5548 aut
875 5503 989 5548 eorum
1003 5487 1149 5550 servien-
1203 5483 1402 5560 postulatum
1425 5482 1487 5544 luit
1500 5481 1582 5543 illud
1605 5483 1703 5554 idem,
1722 5499 1787 5544 nos
1808 5486 1875 5545 tam
1890 5483 1993 5560 ipsius
