4280 6404
154 289 214 348 aot
773 285 1000 348 aristone.
1025 285 1103 346 uta.
1127 289 1181 348 tv.
1669 363 1672 371 y
1739 284 1799 342 aas

154 446 269 518 menti,
284 446 316 508 et
331 445 553 524 eadempoena
569 445 709 508 tirmiter
722 445 946 532 injungentes,
1003 446 1096 520 regio
1105 447 1165 523 per
1177 445 1248 506 dies
1262 443 1410 522 singulos
1420 443 1641 522 praecepisset.
1662 443 1798 520 Legitur

155 546 191 607 ut
201 534 288 607 infra
303 542 575 621 quindecimdies
590 544 663 619 post
673 541 815 604 reditum
830 541 889 613 tui,
904 537 949 602 tili
1004 544 1104 604 etiam
1114 542 1199 621 quod
1209 543 1339 604 Pharao
1351 559 1412 604 rex
1420 541 1630 621 AEgypti,qui
1640 540 1798 617 populum

154 643 311 720 potestas,
342 641 481 718 pignora
508 641 763 716 quingentarum
790 638 949 699 librarum
1005 641 1223 703 israeliticum
1238 640 1473 704 afflictionibus
1490 639 1603 701 multis
1619 653 1797 716 oppresse-

155 739 315 800 Lucensis
339 739 479 798 monetae
505 735 694 797 venerabili
716 734 812 796 fratri
835 736 949 795 nostro
1004 740 1067 811 rat,
1085 737 1119 799 in
1143 739 1212 801 luto
1236 741 1268 800 et
1296 739 1401 800 latere
1429 738 1556 800 servire
1585 735 1796 812 compellens,

155 834 333 897 Assisissaii
350 833 516 911 episcopm
533 833 667 894 nomine
679 833 802 903 nostro,
822 847 879 907 pro
897 829 950 892 fa·
1005 835 1163 910 gravibus
1178 837 1213 898 et
1226 835 1495 897 memorabilibus
1515 833 1622 910 plagis
1637 848 1742 909 usque
1758 833 1799 892 ad

155 934 273 994 cienda
299 931 508 993 restitutione
528 930 724 998 ablatorum,
740 930 774 990 et
798 927 951 991 satIsfac-
1006 932 1267 994 internecionem
1280 929 1798 1008 tiliorumcorreptusaDomino,

154 1031 245 1092 tione
274 1029 403 1106 plenius
432 1026 620 1088 exbibenda
648 1025 833 1088 venerabili
854 1024 950 1086 fratri
1006 1043 1120 1106 pro-eo
1140 1030 1224 1106 quod
1240 1029 1394 1090 indurato
1411 1029 1509 1090 corde
1525 1029 1632 1106 ipsum
1646 1027 1749 1100 abire,
1766 1028 1801 1088 ut

157 1128 271 1187 nostro
282 1125 447 1202 episcopo,
462 1125 496 1185 et
510 1123 737 1191 dilectistiliis
759 1122 901 1194 clericis,
918 1122 952 1183 et
1007 1143 1102 1190 suum
1112 1127 1394 1189 offerretDomino
1408 1125 1620 1199 sacrificium,
1633 1141 1700 1187 non
1715 1126 1801 1187 sine·

156 1219 559 1297 ecclesiisliulginatibus,
584 1219 687 1281 salvis
704 1220 782 1280 aliis
797 1217 950 1280 omnibus
1006 1223 1073 1296 bat,
1097 1225 1327 1301 Holophernes
1352 1224 1463 1285 autem
1488 1221 1601 1286 iudith
1626 1217 1801 1285 Hebraeum
1891 1231 1893 1236 '

157 1319 323 1381 mandatis
355 1316 575 1394 apostolicis,
609 1315 798 1392 assignetis.
833 1316 951 1376 Datum
1006 1319 1803 1398 Daumadorarasenundnmlegemipsiusetcy·

157 1417 272 1486 Reate,
284 1415 427 1491 septimi>
444 1413 511 1476 kal·
528 1412 698 1491 septemb,
716 1411 834 1490 pontii.
846 1411 951 1474 110⁸i1'i
1007 1435 1064 1479 rus
1073 1419 1270 1480 reaeditlcari
1281 1417 1496 1495 perlisdram,
1505 1433 1606 1478 unum
1614 1418 1801 1494 excaptivis

157 1527 247 1582 anno
262 1513 391 1598 anano.
1007 1516 1147 1592 pepulit
1150 1515 1331 1587 udaeorum,
1341 1515 1499 1592 templum
1509 1513 1639 1576 Domini
1648 1515 1803 1592 permise-

508 1623 600 1708 le
1007 1615 1094 1675 runt.
1117 1615 1155 1676 Et
1167 1613 1299 1692 quidem
1315 1629 1415 1690 quum
1430 1629 1504 1685 nos,
1518 1612 1637 1689 quibus
1652 1613 1802 1674 Christus

290 1750 343 1816 Aa
355 1736 508 1808 appetem
522 1747 640 1807 Sancti
663 1745 817 1820 Galam·
995 1710 1085 1771 iicet
1096 1711 1282 1782 immeritis,
1299 1726 1433 1787 gregem
1446 1726 1543 1770 suum
1558 1711 1590 1771 et
1605 1710 1692 1772 ovile
1711 1725 1803 1771 oom-

424 1850 455 1906 il
471 1857 585 1922 august
608 1849 686 1907 lili.
994 1805 1107 1882 misit,
1122 1821 1279 1868 exercere
1298 1807 1386 1868 inter
1401 1805 1619 1878 Christianos,
1637 1805 1803 1882 patiamur

298 1945 447 2010 [Mannqua
460 1945 554 1996 Annei.
566 1945 679 2004 Gistate..
690 1944 734 2000 IV,
745 1942 810 2004 lot]

159 2049 251 2116 Quum
267 2043 356 2101 abbas
368 2045 396 2100 S.
413 2043 534 2117 Galgani
550 2050 580 2100 et
605 2042 667 2114 ejus
690 2040 809 2113 collegae
834 2039 950 2110 inquisi-

195 2137 303 2192 tionem
330 2133 361 2189 in
387 2133 552 2204 episcopum
569 2132 740 2188 Fesulenum
766 2127 949 2194 distulissent,

195 2223 249 2280 illia
262 2219 297 2277 ab
314 2220 439 2281 Honorio
449 2233 563 2294 graves
580 2231 745 2289 severaque
764 2215 865 2273 littere
880 2213 953 2272 date

194 2323 259 2374 sunt
270 2328 390 2387 quarum
403 2307 478 2382 apud
488 2307 634 2379 Maurique
644 2305 748 2378 legitur
761 2303 952 2376 fragmentum

195 2417 332 2476 sequeus:

200 2513 368 2585 Quatenus
392 2507 479 2568 infra
507 2519 665 2577 mensem,
689 2503 763 2580 post
784 2499 952 2577 receptio-

161 2627 236 2670 nem
264 2607 478 2687 praesentium
506 2603 541 2663 in
577 2601 711 2676 negotio
743 2600 828 2676 ipso,
855 2598 952 2676 juxta
1008 2584 1200 2656 consistant,
1214 2583 1346 2661 populis
1357 2584 1618 2652 christianismo
1629 2583 1804 2646 videamur

160 2707 281 2784 prioris
308 2702 454 2765 mandati
480 2699 585 2762 nostri
608 2700 769 2768 tenorem,
802 2694 953 2772 appella·
1009 2681 1219 2754 mercenarii,
1235 2681 1402 2757 afflinem
1427 2698 1492 2742 110ss
1518 2681 1801 2758 Dertl'ss0t0libuss

74 2835 77 2842 ·
160 2805 252 2866 tione
265 2801 456 2880 postposita,
474 2795 671 2875 procedatis,
688 2793 839 2856 eumdem
858 2791 953 2868 eple—
997 2776 1159 2874 :umbram
1168 2779 1294 2851 tenere,
1307 2777 1364 2839 sed
1391 2777 1648 2840 sollicitudinem
1673 2777 1801 2854 providi

161 2916 280 2978 copum
307 2897 348 2960 ab
384 2895 474 2957 omni
499 2890 797 2954 administrationis
830 2887 952 2959 officio,
1009 2874 1117 2950 DOIIUS
1135 2889 1292 2936 exercere
1317 2875 1472 2951 pastoris,
1500 2891 1574 2936 cum
1600 2875 1799 2947 humilitate.

161 2999 233 3059 sine
259 2997 419 3058 dilatione
444 2990 692 3068 suspendentes,
721 2988 825 3048 donee
854 3001 955 3061 super
1010 2988 1073 3049 qua
1084 2972 1132 3033 DII
1145 2971 1349 3049 splendidius
1360 2971 1463 3048 fulget
1476 2973 1512 3033 in
1527 2973 1658 3035 cervice
1684 2973 1802 3034 Ponti·

161 3097 224 3157 hoc
239 3094 431 3161 duxerimus
447 3087 536 3150 aliud
552 3085 780 3160 statuendum
804 3083 953 3160 alioquin

1008 2017 1083 2061 nem
1108 2001 1192 2062 ritus
1213 2015 1301 2072 suos,
1321 2000 1357 2063 ut
1384 2002 1418 2061 in
1441 2001 1504 2061 boc
1526 2001 1710 2062 nostraene
1734 2002 1801 2061 tuae

1007 2097 1115 2174 gentis
1131 2114 1196 2158 non
1212 2097 1256 2159 sit
1280 2097 1394 2174 dispar
1420 2097 1576 2171 conditio,
1593 2095 1650 2159 sed
1671 2113 1802 2175 aequum

1008 2195 1086 2254 hinc
1098 2195 1176 2255 inde
1188 2195 1404 2256 humanitatis
1413 2194 1654 2263 solatium,n0n
1665 2195 1699 2256 te
1710 2195 1803 2256 decet

1008 2291 1186 2365 dt‘licilem,
1200 2292 1256 2353 sed
1269 2292 1377 2368 potius
1393 2291 1620 2364 favorabilem,
1631 2293 1663 2354 et
1671 2291 1803 2354 facilem

1009 2390 1164 2450 inveniri.
1183 2391 1270 2451 Sane
1285 2405 1360 2450 cum
1384 2390 1425 2450 ad
1450 2405 1510 2450 nos
1532 2405 1613 2450 cura
1639 2389 1805 2466 pertineat

1010 3070 1081 3132 ficis
1095 3068 1186 3132 illins
1201 3069 1300 3140 servi,
1316 3069 1371 3146 qui
1383 3069 1422 3131 de
1437 3085 1473 3131 se
1486 3070 1570 3132 dixit
1586 3091 1593 3130 ι
1610 3087 1628 3129 ιι
1643 3069 1767 3132 Discite
1782 3086 1802 3131 a

1007 1904 1216 1964 innumeram
1231 1903 1315 1978 legis
1330 1903 1396 1965 tuae
1417 1903 1589 1964 bominum
1611 1903 1800 1965 multitudi-
1923 1927 1927 1938 ·

1008 2486 1049 2548 de
1064 2487 1248 2548 commissis
1264 2486 1400 2548 nobisa
1427 2487 1577 2559 Domino,
1604 2486 1803 2564 ubicumque
1916 2531 1919 2539 .

161 3209 235 3253 cnm
251 3191 347 3266 culpa
360 3188 465 3266 ipsius
481 3185 627 3262 episcopi
648 3181 859 3257 negligentiae
874 3195 953 3242 ves-

161 3293 233 3361 trae,
250 3303 290 3348 ne
306 3286 454 3348 dicamus
474 3281 621 3353 malitiae,
643 3279 747 3356 possit
770 3278 810 3338 de
835 3279 953 3338 caetero

159 3384 328 3464 imputari,
343 3384 475 3443 extunc
491 3377 612 3449 officio,
628 3375 855 3451 beneficioque
880 3389 955 3433 sus·

160 3497 292 3560 pensos,
306 3481 419 3540 nostro
432 3493 490 3538 vos
506 3473 697 3551 conspectui
710 3471 932 3560 praesentetis.

202 3581 320 3640 Datum
336 3577 438 3637 Reate
460 3572 604 3634 secundo
626 3569 787 3631 kalendas
812 3569 956 3646 septem·

161 3675 231 3738 bris
247 3671 456 3755 pontificatus
472 3669 577 3732 nostri
588 3684 675 3729 anno
689 3669 818 3743 quarto.

279 3969 331 4030 Ad
351 3839 634 4026 nobiemyIatvrItm
656 3961 835 4032 Aibuiacob

396 4061 722 4122 Miramomeiiunm.

442 4163 460 4220 5
486 4169 558 4235 sept.
592 4161 669 4218 lala.

247 4259 393 4328 fflayualdi,
403 4260 470 4310 Ann.
480 4258 574 4309 Eccles.
590 4257 622 4306 ad
635 4269 696 4308 ann.
708 4255 779 4314 lala,
790 4254 802 4318 I
812 4254 843 4304 tu
854 4253 864 4318 ]

162 4357 234 4412 Eum
247 4351 376 4408 obsecrat
390 4356 420 4406 ut
434 4349 589 4405 existentes
603 4347 631 4402 in
647 4353 722 4402 terra
734 4345 797 4416 ejus
816 4342 951 4402 Christia-

285 4454 338 4496 nos
352 4437 393 4496 uti
410 4438 477 4509 lege
498 4449 549 4493 sua
571 4433 659 4491 libere
672 4433 829 4506 permiitat.

201 4536 313 4600 Nobili
324 4537 396 4598 viro
416 4532 596 4611 Albujacob
616 4530 891 4602 Miramomelino,
905 4529 953 4591 ti·

161 4651 286 4698 morem
302 4633 406 4695 divini
419 4631 563 4692 nominis
573 4631 606 4691 et
620 4644 779 4690 amorem.

201 4733 364 4809 Expedire
378 4729 438 4791 tibi
448 4745 513 4789 non
522 4727 697 4798 credimus,
712 4727 746 4787 et
759 4739 876 4786 reuera
888 4739 954 4784 non

161 4830 304 4908 expedit,
321 4830 357 4890 ut
384 4826 495 4889 serbis
523 4824 716 4901 acquiescas
741 4838 868 4888 eorum,
899 4821 953 4897 qui

161 4928 221 4990 tibi
237 4928 321 4989 forte
336 4924 486 4995 stradent,
499 4923 534 4984 ut
544 4921 728 4983 existentes
743 4921 778 4979 in
793 4919 883 4981 terra
897 4920 954 4980 tua

160 5024 366 5088 Christianos
382 5021 430 5081 uti
443 5020 517 5094 lege
532 5033 592 5079 sua
607 5017 713 5078 libere
723 5033 796 5078 non
816 5015 955 5092 permit-

160 5125 223 5184 tas.
245 5125 349 5182 Porro
375 5116 504 5188 Daniel,
527 5117 561 5176 et
585 5116 652 5176 tres
681 5114 787 5191 pueri,
816 5111 905 5174 ducti
934 5127 953 5172 a

158 5218 338 5298 Babylonis
366 5229 444 5290 rege
473 5212 611 5289 captivi,
640 5210 793 5288 permissi
828 5211 906 5270 sunt
935 5223 954 5270 a

160 5315 337 5394 praeposito
346 5310 574 5372 eunuchorum
588 5308 705 5384 ipsius,
716 5305 954 5384 quibusvolue

161 5414 229 5474 rint
241 5411 289 5473 uti
307 5409 381 5472 cibo
395 5410 428 5469 et
443 5407 532 5483 potu,
547 5421 594 5476 se,
612 5405 698 5464 sicut
712 5402 955 5480 proposuerunt

1009 3183 1061 3229 me
1076 3167 1153 3244 quia
1168 3167 1258 3228 mltis
1273 3183 1357 3239 sum,
1374 3167 1407 3228 et
1421 3167 1557 3228 humilis
1570 3168 1669 3229 corde
1684 3184 1713 3240 ιι,
1731 3183 1805 3228 ma-

1009 3264 1215 3341 gnitudinem
1254 3265 1343 3328 tuam
1382 3265 1538 3328 attentius
1576 3263 1800 3335 obsecramus,

1010 3367 1172 3442 quatenus
1197 3363 1378 3424 existentes
1400 3363 1539 3424 interra
1563 3363 1621 3424 tua
1649 3363 1802 3425 homines

1010 3461 1117 3536 gentis
1130 3460 1252 3521 nostrae
1275 3460 1323 3520 uti
1345 3460 1418 3536 lege
1444 3475 1504 3520 sua
1526 3458 1805 3536 liuere-patiaris.

1010 3559 1141 3619 Domini
1163 3557 1326 3619 enimest
1350 3563 1450 3630 terra,
1469 3559 1501 3619 et
1521 3557 1692 3634 plenitudo
1718 3559 1805 3636 ejus,

1011 3657 1044 3716 et
1058 3655 1207 3716 universi
1223 3656 1278 3732 qui
1293 3655 1444 3717 habitant
1457 3656 1492 3715 in
1505 3655 1632 3724 eadem,
1649 3655 1802 3717 habentis

1011 3754 1044 3814 in
1059 3769 1163 3828 regno
1185 3751 1355 3822 hominum
1378 3755 1583 3830 potestatem,
1599 3755 1631 3814 et
1654 3753 1736 3814 illud
1761 3753 1802 3814 ad

1011 3865 1107 3927 quem
1121 3849 1265 3912 voluerit
1275 3851 1519 3912 transferentis.
1532 3853 1699 3926 Rogamus
1714 3851 1805 3910 insu-

1010 3963 1079 4025 per,
1097 3946 1133 4009 ut
1146 3947 1285 4008 latorem
1301 3947 1512 4024 praesentium
1526 3947 1681 4009 dilectum
1698 3945 1802 4008 tilium

1010 4043 1210 4107 Gonsafvum
1225 4041 1362 4105 fratrem
1373 4043 1548 4119 hospitalis
1560 4044 1808 4122 Hierosolymi-

1009 4140 1092 4210 tani,
1121 4140 1319 4201 familiarem
1356 4142 1515 4211 nostrum,
1553 4156 1650 4217 quem
1688 4157 1805 4203 carum

1010 4237 1169 4300 babemus
1184 4237 1359 4298 admodum
1383 4238 1416 4298 et
1440 4238 1623 4314 acceptum,
1649 4238 1690 4299 ad
1711 4239 1803 4300 tuam

1008 4335 1240 4398 transmissum
1262 4337 1490 4410 praesentiam,
1520 4333 1663 4412 benigne
1690 4337 1803 4397 susci-

1009 4433 1092 4511 pias,
1112 4435 1145 4496 et
1167 4433 1306 4496 honeste
1331 4435 1524 4512 pertractes.
1549 4435 1669 4495 Datum
1688 4436 1802 4500 Reate.

1009 4547 1087 4593 non.
1100 4532 1183 4608 sept.
1193 4531 1404 4609 pontificatus
1419 4531 1525 4595 nostri
1541 4547 1629 4594 anno
1644 4534 1774 4610 quarto.

1344 4683 1476 4770 XVIII

1009 4810 1061 4868 Ad
1078 4809 1215 4869 abbates
1234 4810 1275 4868 de
1293 4809 1486 4882 sconaugia
1500 4807 1534 4868 et
1552 4810 1593 4868 de
1613 4808 1805 4880 Oiterbuott,

1054 4906 1293 4966 Cistercieosis
1315 4907 1458 4975 ordinis,
1474 4905 1508 4966 et
1519 4907 1747 4979 praepositum
1766 4909 1807 4968 de

1031 4985 1239 5077 ‘Hepeneoa
1256 5001 1410 5077 Montani.
1425 5001 1458 5062 et
1476 5003 1646 5064 Wurmuo.
1662 5005 1759 5065 dioec.

1310 5107 1325 5162 7
1340 5111 1413 5176 sept.
1427 5105 1505 5162 lala.

1164 5200 1343 5266 [Wurdtueim
1353 5202 1424 5268 Nove
1434 5201 1513 5260 subs,
1527 5201 1570 5261 tv,
1587 5202 1652 5266 lot]

1010 5291 1051 5348 De
1067 5296 1142 5348 statu
1162 5287 1283 5347 abbatiae
1298 5289 1394 5347 Sancti
1413 5289 1513 5347 Albani
1529 5289 1661 5348 dioecesis
1677 5293 1805 5365 lingunt.

1050 5398 1217 5458 Honorius
1253 5397 1447 5475 episcopus,
1485 5415 1601 5460 servus
1634 5415 1808 5460 servorum

159 5512 196 5571 in
208 5510 306 5572 corde
321 5521 392 5582 sup,
410 5517 618 5580 nequaquam
640 5515 752 5561 mensa
768 5499 861 5574 regia
878 5499 952 5575 pol·
1009 5496 1080 5567 Dei,
1097 5495 1227 5557 dilectis
1240 5495 1320 5557 filiis
1333 5496 1373 5558 de
1387 5496 1573 5572 sconaugia
1591 5498 1623 5558 et
1638 5495 1678 5556 de
1694 5498 1807 5558 Otter-

160 5610 302 5676 luentes,
320 5605 397 5665 licet
410 5617 470 5663 rex
487 5600 556 5677 ipse
571 5599 661 5662 vesci
674 5612 731 5659 eos
743 5596 816 5658 cibo
831 5598 864 5657 et
875 5598 954 5673 potu
1009 5591 1107 5667 buch,
1135 5591 1313 5655 abbatibus
1336 5594 1565 5656 cisterciensis
1585 5592 1711 5654 ordinis
1736 5597 1817 5658 et...
