4300 6392
315 351 374 411 415
935 339 1109 402 HONORII
1131 338 1176 398 ΙΙΙ
1197 339 1345 401 OPERA.
1900 344 1959 402 lle

316 509 446 582 Walde,
464 511 499 570 in
514 508 631 580 Hartb,
648 508 682 568 in
699 505 906 583 Leumptlng,
931 507 966 568 in
988 509 1106 580 beent,
1163 500 1312 563 Obeunte
1325 516 1406 563 vero
1421 499 1454 564 te
1475 517 1563 562 nunc
1586 501 1734 578 ejusdem
1750 501 1815 564 loci
1827 516 1960 578 proepo-

316 607 351 668 in
367 606 674 676 unaldendemacn,
691 605 725 664 in
738 605 922 680 Walgsing,
937 603 973 664 in
985 605 1109 664 Bazen-
1164 599 1238 668 sito,
1248 599 1301 658 vel
1314 599 1447 660 tuorum
1461 599 1609 676 quolibet
1619 614 1860 668 successorum,
1877 599 1958 659 nul·-

316 703 408 780 berg‚
431 703 520 765 etin
542 701 809 777 Reginbalmlng,
833 716 966 761 mansos
982 705 1107 776 septem
1164 697 1215 758 lus
1239 698 1285 760 ibi
1311 697 1457 776 qualibet
1484 695 1706 772 subreptionis
1736 697 1871 768 astutia,
1899 711 1959 760 seu

316 801 352 861 in
365 801 484 871 Reutb,
499 801 567 860 tres
581 813 714 858 mansos
727 799 762 857 in
777 797 979 868 Gerchweis,
994 799 1027 858 et
1041 799 1109 858 tres
1164 795 1322 857 violentia
1332 795 1554 870 praeponatur,
1564 794 1628 854 nisi
1638 792 1863 869 quemiratres
1874 809 1960 854 oom-

316 895 651 962 cbaratascerevisle,
667 896 734 955 tres
750 895 932 954 mansosin
949 893 1107 966 Chularn,
1165 892 1256 952 muni
1278 907 1456 964 consensu,
1484 891 1537 952 vel
1561 891 1701 954 fratrum
1725 906 1803 968 pars
1827 890 1960 952 consilii

315 994 350 1054 in
363 992 549 1062 Berclraim‚
566 992 600 1052 in
613 991 814 1062 Leuncbart,
831 991 865 1054 et
879 991 914 1052 in
928 991 1110 1052 Reicbers-
1165 989 1321 1060 sanioris
1339 989 1519 1049 secundum
1535 989 1594 1049 Dei
1609 989 1642 1050 et
1661 989 1768 1049 sancti
1783 989 1960 1064 Augustini

316 1090 448 1152 torlvll
471 1105 615 1150 mansos.
628 1089 776 1160 Quatuor
790 1103 923 1148 mansos
936 1089 971 1148 in
985 1089 1108 1154 strazz,
1163 1086 1326 1161 regulam,
1343 1077 1549 1162 providerint
1567 1085 1766 1160 eligendum.
1781 1085 1860 1147 Paci
1873 1100 1958 1161 quo-

320 1187 505 1247 dlimidium
526 1201 680 1246 mansum
700 1185 735 1244 in
752 1185 962 1256 Eichendorl,
973 1185 1007 1244 in
1028 1188 1112 1246 Dor·
1165 1197 1229 1258 que
1240 1184 1273 1243 ct
1286 1183 1520 1258 tranquillitati
1536 1183 1655 1243 vestrae
1675 1185 1812 1258 paterna
1828 1182 1863 1241 in
1879 1197 1960 1258 pos-

317 1284 415 1352 nacb,
428 1285 463 1344 in
477 1281 713 1354 Ainbartstorl,
724 1283 758 1343 in
771 1283 963 1354 Vilzboven,
976 1283 1011 1342 in
1020 1283 1112 1342 Win-
1165 1278 1273 1339 terum
1287 1279 1511 1340 sollicitudine
1522 1279 1695 1354 providere
1709 1279 1867 1350 volentes,
1881 1295 1961 1340 auc-

318 1381 496 1454 cblarn,in
515 1379 627 1451 Stude,
645 1379 679 1439 in
696 1379 849 1455 Eunling,
877 1380 913 1440 in
935 1378 1109 1450 Tonbelm,
1165 1375 1300 1437 toritate
1334 1375 1526 1453 Apostolica
1557 1375 1781 1453 probibemus,
1809 1376 1845 1436 ut
1872 1375 1961 1436 inira

317 1478 352 1538 in
371 1478 555 1548 Hartbeim,
573 1476 607 1537 in
622 1477 758 1550 Busing,
777 1475 812 1536 in
827 1475 1060 1552 bumptingen,
1077 1477 1112 1536 in
1166 1473 1339 1533 clausuras
1353 1473 1500 1535 locorum
1515 1489 1572 1536 seu
1594 1473 1810 1535 ecclesiarum
1830 1475 1960 1534 vestra-

317 1573 615 1648 BrublinBering,
641 1573 846 1649 inBocbing,
861 1573 897 1633 in
912 1572 1112 1635 Wincbelet
1166 1584 1240 1629 rum
1267 1569 1378 1630 nullus
1403 1571 1567 1646 rapinam,
1596 1586 1656 1630 seu
1686 1569 1809 1631 furtum
1838 1570 1959 1642 iacere,

317 1671 505 1742 inAbstori,
523 1671 636 1731 dimid.
649 1685 794 1740 mansos,
808 1670 968 1730 villamin
984 1669 1113 1732 Enzen-
1167 1667 1277 1740 ignem
1297 1682 1477 1742 apponere,
1501 1667 1697 1743 sanguinem
1723 1665 1870 1738 tundere,
1899 1667 1961 1728 bo-

316 1769 411 1838 wele,
436 1767 471 1827 in
497 1766 747 1836 Wacbenweis‚
787 1766 822 1825 in
852 1766 1042 1840 Sunnbacb,
1076 1768 1111 1828 in
1167 1765 1289 1824 minem
1310 1765 1434 1824 temere
1450 1777 1580 1842 capere,
1611 1764 1663 1824 vel
1682 1757 1881 1836 interlicere,
1899 1781 1960 1824 seu

317 1864 549 1939 Burcharting,
568 1864 601 1924 in
615 1863 793 1938 Nennling,
813 1861 895 1924 etin
914 1864 1113 1925 Muncbreut
1166 1861 1360 1922 violentiam
1385 1877 1553 1933 exercere,
1579 1863 1711 1922 audeat.
1744 1861 1959 1922 Decernimus

316 1962 409 2024 villa.
428 1961 549 2022 Pradia
570 1960 610 2020 de
632 1961 737 2032 Vilsa,
755 1960 789 2020 in
810 1959 1113 2032 Rotba‚in1³rien-
1167 1957 1279 2033 igitur,
1295 1957 1330 2019 ut
1345 1957 1428 2017 nulli
1440 1959 1574 2019 omnino
1587 1957 1758 2019 bominum
1769 1957 1878 2029 liceat,
1895 1961 1957 2019 etc.

318 2059 414 2130 bacb,
429 2060 463 2118 in
480 2057 725 2127 Sobalcbbeim,
740 2057 774 2116 in
792 2057 1060 2128 Grieschircben,
1075 2059 1109 2117 in
1207 2057 1325 2116 Datum
1350 2055 1490 2117 viterbii
1515 2071 1575 2132 per
1596 2071 1729 2116 manum
1751 2054 1853 2115 Wilb.
1867 2051 1906 2116 V.
1923 2058 1957 2115 S.

319 2157 570 2224 Eschetunowe‚
592 2153 627 2212 in
650 2152 854 2224 Alncboven,
873 2153 906 2214 in
923 2154 1109 2225 Griendorl,
1168 2154 1324 2214 Romanae
1348 2153 1504 2214 Ecclesiae
1527 2151 1805 2224 vicecancellarii,
1829 2150 1858 2213 V
1882 2151 1958 2212 idus

316 2254 354 2314 in
369 2250 554 2322 Freindori,
564 2250 599 2310 in
614 2251 708 2319 Rust,
721 2251 753 2310 et
768 2250 802 2308 in
818 2249 970 2326 Eucbing
985 2251 1110 2326 praedia
1167 2248 1293 2324 aprilis*
1303 2243 1483 2309 indictione
1496 2249 1582 2314 vill,
1597 2243 1763 2310 incarnat.
1778 2249 1959 2310 Dominicae

317 2349 541 2410 molendinum
553 2348 587 2408 in
604 2345 850 2417 Euzenweis‚in
866 2347 1108 2422 Ainbartsdors,
1167 2360 1254 2407 anno
1289 2346 1450 2417 MCCXX,
1482 2346 1692 2423 pontificatus
1725 2361 1806 2408 vero
1831 2342 1958 2407 domini

319 2447 353 2507 in
377 2446 536 2519 Bocblng‚
562 2445 596 2503 in
620 2442 771 2514 Absdorl,
796 2443 831 2503 in
851 2444 1048 2520 Prienpacb,
1076 2447 1111 2505 in
1167 2443 1305 2505 Honorii
1320 2442 1383 2504 ΡΡ.
1400 2443 1489 2505 tertil
1503 2458 1591 2504 anno
1607 2441 1734 2521 quart.

319 2540 561 2612 Gbaldenbacb,
574 2541 607 2602 et
619 2541 806 2602 Pataviens.
825 2540 1023 2602 molendina.
1046 2543 1112 2604 Re-

317 2641 406 2702 ditus
420 2638 500 2700 salis
515 2637 550 2698 in
563 2637 656 2708 Halo,
667 2639 782 2698 vineas
797 2637 831 2697 in
843 2637 1108 2712 uriescnircnen,
1502 2622 1625 2708 CXIV

318 2740 354 2800 in
366 2737 529 2806 Ascbacb,
549 2735 583 2795 1¹²
605 2734 800 2802 HOleumh’
817 2735 851 2795 ¹¹²
865 2735 1058 2808 Wasshawes
1076 2737 1110 2797 ¹¹1
1166 2757 1216 2815 Ad
1226 2755 1641 2830 Ulricrcmproepositums.
1651 2757 1782 2818 Nicolai
1791 2756 1956 2816 Patarico.

317 2833 513 2904 Hunzbeim,
550 2829 796 2939 indreindort
828 2831 863 2890 in
897 2831 1053 2900 Chreme,
1079 2834 1112 2893 et
1449 2879 1483 2936 ¹5
1497 2879 1577 2950 april.
1594 2879 1673 2937 im

317 2931 353 2992 ln
381 2931 549 2994 Mauttarn
577 2943 692 2989 vmaas
716 2943 789 2988 cum
816 2929 916 2999 areis,
947 2929 1107 3000 domibus,

317 3029 433 3108 pratis,
456 3025 598 3104 pascuis,
627 3023 877 3102 piscationibus,
907 3026 1108 3098 nemoribus,
1351 2993 1409 3058 [ω’
1421 2994 1454 3043 ⁰¹¹
1469 2993 1514 3044 ‘¹⁰‘
1528 2995 1606 3044 ΕΜ·
1620 2999 1639 3044 ³·
1658 2995 1690 3052 11,
1703 2995 1771 3059 m]

319 3121 511 3186 etomnibus
522 3120 597 3182 aliis
606 3118 804 3181 utilitatibus
815 3121 895 3179 suis.
910 3120 1111 3198 Liceatquo·
1201 3109 1354 3167 Ctssflfmfll
1366 3108 1463 3167 datam
1481 3111 1524 3167 eis
1539 3111 1574 3167 ab
1591 3111 1745 3167 Allmfluno
1760 3107 1922 3169 Perdvlcnsl

319 3235 381 3298 qne
392 3218 499 3288 vobis,
514 3216 664 3288 clericos,
675 3217 728 3276 vel
743 3214 858 3284 laicos,
871 3216 994 3278 liberos
1006 3222 1039 3278 et
1051 3218 1112 3278 ab·
1364 3199 1758 3270 eli⁸⁰⁰l⁰2⁰⁰¹¹⁸ml¹i¹⁰¹¹0ffi

318 3318 443 3379 solutos
457 3333 475 3376 a
487 3314 609 3376 saecnlo
622 3313 786 3387 fugientes
799 3313 841 3373 ad
859 3315 1108 3376 conversionem
1205 3315 1383 3386 Honorius,
1401 3317 1476 3387 etc,
1493 3315 1622 3378 dilectis
1635 3317 1712 3377 tiliis
1736 3318 1848 3382 Ulrico
1871 3335 1959 3394 prae-

316 3415 477 3490 recipere,
501 3415 534 3474 et
553 3428 609 3472 ecs
629 3409 1028 3496 absqueucontradictione
1041 3413 1109 3472 ali·
1166 3411 1273 3486 posito
1300 3414 1332 3473 et
1358 3412 1503 3488 capitulo
1519 3413 1669 3474 ecclesiae
1695 3416 1807 3475 Sancti
1827 3416 1956 3475 Nicolai

318 3529 382 3590 qua
398 3511 552 3571 retinere.
571 3507 790 3568 probibemus
803 3507 951 3584 insuper,
978 3511 1014 3570 ut
1027 3509 1109 3568 nulli
1166 3509 1324 3578 pataviae,
1342 3509 1469 3570 ordinis
1486 3511 1598 3572 Sancti
1613 3512 1802 3586 Augustini,
1818 3511 1958 3573 salutem

318 3609 457 3670 fratrum
473 3607 670 3676 vestrorum,
687 3606 761 3682 post
779 3603 898 3664 iactam
916 3605 951 3665 in
968 3606 1109 3666 ecclesia
1165 3606 1197 3665 et
1212 3605 1427 3680 apostolicam
1442 3605 1716 3668 benedictionem.

317 3708 428 3766 vestra
436 3700 744 3780 professionemlas
753 3702 797 3762 sit
806 3700 930 3777 absque
940 3703 1110 3778 praepositi
1206 3702 1406 3777 Significasti
1420 3703 1527 3773 nobis,
1538 3705 1583 3765 lili
1598 3705 1785 3781 praeposite,
1799 3707 1955 3767 innostra

318 3802 370 3863 sul
399 3799 545 3870 licentia,
571 3798 636 3858 nisi
661 3798 815 3859 arctioris
847 3798 1019 3872 religionis
1050 3799 1110 3860 ob-
1166 3800 1341 3874 praesentia
1355 3801 1553 3864 constitutus
1569 3803 1655 3880 quod
1671 3802 1765 3862 bonae
1789 3804 1955 3864 memoriae

317 3900 421 3970 tantu,
445 3897 485 3958 de
504 3896 619 3957 eodem
639 3895 712 3956 loco
727 3894 917 3970 discedere;
934 3896 1110 3956 disceden-
1165 3895 1360 3958 Altmannus
1373 3899 1582 3960 Pataviensis
1597 3900 1783 3976 episcopus,
1802 3900 1952 3960 ecclesiae

316 3999 381 4058 tem
405 4011 485 4056 vero
516 3991 639 4070 absque
671 3992 894 4056 communium
923 3993 1108 4054 litterarum
1165 3997 1284 4054 vestrae
1309 3993 1474 4066 fundator,
1499 3996 1599 4057 clerae
1623 3997 1791 4058 memoriae
1806 3999 1842 4057 L.
1861 4013 1953 4057 mar-

317 4095 502 4156 vestrarum
517 4091 670 4152 cautione
687 4089 798 4150 nullus
813 4089 934 4151 audeat
951 4090 1107 4152 retinere.
1165 4089 1276 4150 ebioni
1296 4091 1336 4151 de
1351 4092 1486 4152 Austris
1499 4094 1531 4154 et
1546 4095 1585 4154 Η.
1602 4094 1714 4154 comiti
1727 4093 1767 4156 de
1780 4093 1955 4155 Vornbacb

317 4192 402 4254 lllud
418 4189 601 4251 districtius
622 4187 821 4257 inhibentes,
844 4203 885 4247 ne
904 4188 1022 4256 terras,
1051 4203 1110 4248 seu
1165 4187 1956 4268 advocatiamconcessitejusdemecclesiaecertis

315 4288 482 4367 quodlibet
495 4285 692 4347 beneficium
706 4285 857 4345 ecclesiae
872 4286 992 4344 vestrae
1006 4285 1111 4345 colla·
1164 4283 1213 4345 eis
1228 4285 1593 4364 redditibusdeputatis
1604 4288 1763 4359 statuens,
1775 4288 1810 4349 ut
1820 4303 1880 4349 nec
1889 4287 1954 4364 ipsi

315 4387 396 4456 tum,
422 4383 521 4444 liceat
551 4381 653 4442 alicui
682 4381 904 4458 personaliter
929 4380 1013 4451 dari,
1039 4381 1109 4442 sive
1165 4396 1226 4441 nec
1241 4381 1389 4445 haeredes
1415 4399 1530 4444 eorum
1554 4384 1630 4445 aliis
1652 4387 1786 4462 possent
1810 4384 1955 4446 osticium

316 4483 383 4544 alio
398 4480 494 4542 modo
514 4478 667 4548 alienari,
692 4476 815 4552 absque
830 4491 994 4537 consensu
1008 4477 1109 4538 totius
1165 4477 1457 4541 subadvocationis
1482 4481 1673 4552 concedere,
1710 4482 1888 4558 praeposito
1922 4483 1955 4544 et

316 4577 466 4654 capituli,
483 4575 535 4638 vel
551 4575 698 4651 majoris,
712 4574 770 4633 aut
782 4573 925 4634 sanioris
941 4575 1043 4650 partis
1054 4576 1109 4652 ip·
1164 4575 1308 4652 capitulo
1330 4578 1436 4654 ipsius
1457 4578 1608 4641 ecclesiae
1630 4579 1837 4640 inconsultis.
1860 4579 1953 4641 Unde

317 4677 399 4737 sius.
421 4675 456 4735 Si
477 4689 550 4750 quae
567 4671 775 4741 donationes,
797 4673 855 4732 aut
876 4670 1106 4743 alienationes,
1164 4673 1436 4735 nobisbumiliter
1446 4675 1651 4752 supplicasti,
1662 4677 1697 4737 nt
1714 4678 1870 4739 statutum
1886 4675 1952 4736 bu-

316 4774 414 4835 aliter
436 4787 533 4849 quam
559 4768 757 4838 dictumest,
782 4767 878 4828 factae
900 4767 1034 4842 luerint,
1051 4785 1109 4831 eas
1160 4771 1305 4847 jiismodi
1318 4771 1507 4848 Apostolico
1526 4771 1741 4848 dignaremur
1762 4773 1955 4835 munimime

316 4869 430 4932 irritas
456 4881 641 4929 censemus.
671 4864 883 4940 sepulturam
903 4881 1032 4942 quoque
1056 4868 1109 4944 ip·
1163 4869 1331 4929 roborare.
1341 4870 1619 4946 Nosergovestris
1629 4871 1952 4947 precibusinclinati‚

316 4970 385 5032 sius
399 4966 463 5028 loci
478 4960 930 5034 liberamessedeccrnimus,
946 4965 982 5025 ut
993 4980 1107 5026 eorum
1163 4965 1248 5043 qnod
1265 4981 1365 5042 super
1383 4965 1446 5026 boc
1462 4967 1598 5042 provide
1613 4970 1646 5029 et
1658 4968 1785 5030 utiliter
1795 4969 1954 5030 statutum

315 5062 481 5128 devotioni
497 5063 529 5123 et
543 5061 699 5121 extremae
716 5059 889 5130 voluntati,
909 5061 964 5136 qui
984 5077 1019 5120 se
1036 5061 1108 5123 illic
1162 5064 1223 5132 est,
1240 5063 1438 5124 auctoritate
1451 5064 1641 5140 Apostolica
1665 5065 1897 5126 confirmamus
1922 5067 1955 5128 et

315 5160 451 5239 sepeliri
466 5156 723 5220 deliberaverint
736 5156 802 5217 nisi
818 5155 901 5217 forte
915 5173 1109 5218 excommu-
1163 5159 1337 5234 praesentis
1359 5159 1474 5236 scripti
1498 5161 1684 5238 patrocinio
1698 5163 1951 5222 communimus.

315 5260 428 5330 niceti,
449 5257 503 5319 vel
528 5253 695 5316 interdicti
719 5253 795 5324 sint,
823 5254 933 5314 nullus
956 5253 1104 5328 obsistat,
1162 5255 1253 5316 Nulli
1277 5271 1368 5332 erg0,
1386 5259 1448 5318 etc.
1467 5258 1502 5319 Si
1526 5259 1600 5335 quis
1613 5259 1734 5330 eutem,
1756 5263 1818 5319 etc.
1835 5261 1953 5321 Datum

314 5359 407 5420 salva
423 5357 532 5416 tamen
543 5351 674 5430 justitia
693 5350 826 5412 illarum
842 5351 1069 5424 ecclesiarum,
1087 5369 1106 5413 a
1161 5351 1312 5426 Viterbii,
1323 5355 1413 5416 XVII
1429 5354 1495 5416 kal.
1513 5355 1603 5430 maii,
1623 5355 1833 5432 pontificatus
1849 5355 1953 5417 nostri

314 5456 434 5533 quibus
469 5453 673 5513 mortuorum
707 5463 845 5524 corpora
881 5451 1104 5516 assumuntur.
1162 5465 1249 5510 anno
1265 5451 1393 5528 quarto.
