4280 6404
179 367 239 428 289

171 527 329 590 locorum
348 517 585 604 possessiones,
603 542 677 586 cum
693 525 845 586 omnibus
868 526 973 601 perti-

184 624 308 686 nentiis
320 623 522 695 eorumdem,
540 639 614 684 cum
639 623 754 700 pratis,
771 622 889 693 vineis,
907 624 975 682 ter-

182 721 241 792 ris,
260 719 460 791 nemoribus,
477 721 623 781 usuariis
636 721 669 780 31
679 718 810 796 pascuis
823 719 858 778 in
875 717 975 779 bosco

184 821 218 880 ot
234 819 343 895 plano,
360 818 396 876 13
411 818 507 893 aquis
527 819 560 878 et
580 816 791 888 molendinis
808 815 919 876 inviis
944 816 977 876 31

180 915 321 987 3331113,
340 915 373 976 31
388 914 541 975 3331133
557 914 633 975 aliis
641 912 850 975 libertatibus
866 915 899 974 31
917 913 976 972 13-

182 1011 402 1074 33311311133
418 1011 499 1071 3313.

222 1113 308 1170 Sane
336 1107 487 1169 laborum
514 1108 711 1179 vestrorum,
735 1123 808 1184 quae
832 1106 976 1182 propriis

182 1205 334 1267 manibus
363 1207 421 1266 aut
445 1205 629 1282 sumptibus
648 1205 767 1276 colitis,
785 1204 825 1265 de
839 1219 975 1280 posses-

180 1301 470 1364 313311331311113
496 1303 573 1363 ante
594 1302 778 1362 Concilium
801 1300 974 1375 generale;

183 1401 253 1462 3133
265 1399 371 1460 133113
380 1400 413 1460 31
423 1399 587 1475 virgultis,
601 1397 974 1475 piscationibusuestris,

182 1499 216 1560 et
225 1496 478 1559 denutrimentis
502 1495 698 1556 animalium
710 1497 911 1565 vestrorum,
920 1494 979 1554 aut

182 1594 283 1656 etiam
306 1593 346 1655 de
365 1593 551 1664 novalibus,
566 1592 678 1652 nullus
692 1607 712 1652 3
724 1590 819 1652 33113
833 1591 977 1652 1331333

183 1692 318 1768 exigere
343 1690 397 1751 331
421 1692 619 1767 extorquere
647 1689 836 1766 praesumat.
865 1687 978 1750 Liceat

184 1803 314 1866 quoque
328 1786 421 1849 vobis
436 1787 575 1847 clericos
598 1786 651 1847 331
676 1787 791 1858 131333,
807 1784 930 1846 1113333
945 1785 979 1845 31

184 1883 362 1956 313313133,
377 1899 397 1945 3
412 1883 533 1944 saeculo
548 1882 712 1958 fugientes
727 1882 768 1943 ad
781 1881 977 1944 conversio-

183 1997 259 2043 nem
272 1981 430 2058 recipere,
448 1982 551 2042 31333
573 1979 697 2056 absque
719 1979 978 2041 contradictione

183 2079 296 2155 aliqua
326 2078 481 2139 33113333.
513 2076 730 2138 Ρ331113333
762 2077 913 2152 1333333,
943 2078 979 2137 31

184 2175 267 2236 33111
284 2174 422 2236 fratrum
434 2175 620 2236 vestrorum
636 2175 710 2250 post
723 2173 844 2234 factam
857 2173 892 2233 in
907 2189 980 2233 mo-

183 2273 330 2334 nasterio
353 2273 464 2333 vestro
493 2270 733 2348 professionem
757 2270 808 2331 fas
828 2271 870 2332 sit
905 2271 978 2330 sine

179 2368 318 2430 licentia
330 2368 458 2431 abbatis
473 2369 525 2428 sui
536 2368 575 2429 13
586 2370 701 2430 33133
712 2367 784 2430 1333
793 2367 975 2438 discedere,

181 2465 407 2528 discedentem
419 2481 499 2527 3333
514 2465 637 2543 absque
653 2465 875 2527 communium
885 2464 977 2526 litte-

183 2559 510 2624 33333333133333
534 2563 688 2624 cautione
720 2562 831 2623 nullus
859 2563 979 2623 audeat

183 2659 341 2721 retinere.
357 2659 449 2731 Quod
471 2660 499 2719 si
520 2659 594 2736 quis
618 2658 702 2720 forte
726 2659 871 2720 33113333
892 2672 980 2736 3333-

183 2757 373 2833 sumpserit,
401 2755 666 2818 1133313311313
688 2757 777 2833 13333
799 2756 978 2818 33333133

185 2853 240 2914 331
269 2868 446 2914 333333333
469 2854 656 2929 regularem
685 2855 883 2915 sententiam
901 2869 979 2930 pro-

185 2950 347 3026 mulgare.
374 2950 459 3011 11131
485 2950 668 3012 districtius
697 2950 906 3022 1311133133,
937 2967 978 3011 33

182 3047 303 3119 terras,
321 3063 381 3108 333
401 3046 570 3123 quodlibet
593 3045 801 3119 beneficium,
829 3048 978 3110 ecclesiae

182 3144 304 3205 333133
328 3143 495 3216 33113133,
521 3143 621 3206 113331
636 3143 738 3206 311331
759 3145 979 3222 personaliter

185 3239 268 3312 dari,
285 3240 437 3302 31333113
459 3241 555 3303 3313
579 3241 731 3314 31133331,
748 3241 872 3320 absque
894 3257 977 3304 con-

183 3352 285 3397 sensu
296 3337 396 3398 totius
408 3338 556 3414 capituli,
571 3338 625 3399 331
640 3339 776 3416 majoris
791 3340 849 3401 331
860 3340 977 3400 33313-

184 3433 233 3494 313
262 3435 365 3511 333113
391 3435 507 3512 133133.
535 3436 668 3513 Siquos
687 3451 766 3498 vero
784 3437 978 3499 donationes

182 3530 293 3602 aliter,
311 3547 409 3607 quam
427 3531 549 3593 dictum
567 3535 627 3605 est,
653 3533 747 3594 factae
763 3533 896 3606 fuerint,
921 3551 978 3595 eas

185 3627 393 3689 irritasesse
418 3644 601 3690 censemus.
628 3629 676 3690 nd
692 3630 764 3692 baec
783 3631 882 3692 etiam
896 3647 976 3709 pro-

185 3723 350 3799 bibemus,
372 3741 414 3787 ne
435 3725 555 3803 aliquis
582 3728 776 3800 monachus,
806 3729 876 3790 3133
898 3744 979 3791 con-

184 3837 301 3884 versus
328 3822 389 3883 sub
402 3822 606 3898 professione
633 3826 753 3886 3331333
767 3825 883 3887 13333
898 3827 977 3888 313-

187 3919 315 3990 1313133,
333 3919 405 3980 3133
426 3934 588 3980 33333333
604 3923 637 3982 31
655 3921 790 3984 11333113
805 3923 933 3985 3113113
946 3925 979 3986 31

184 4017 323 4093 majoris
351 4017 455 4093 partis
485 4017 622 4094 capituli
652 4019 838 4096 333131333
866 4022 978 4098 aliquo

185 4113 374 4190 fidejubeat,
390 4114 443 4174 331
463 4113 505 4174 31
527 4115 639 4192 aliquo
664 4116 838 4191 pecuniam
864 4120 978 4180 mutuo

183 4211 328 4287 accipiat
350 4210 436 4272 ultra
462 4212 604 4288 pretium
629 4213 767 4289 capituli
786 4215 979 4292 333131333-

183 4307 570 4380 3113311333331113133,
588 4309 655 4370 uisi
670 4311 980 4386 33331333331133-

158 4435 163 4444 ·
185 4405 378 4466 13313333
391 4406 512 4496 3331333
523 4407 709 4468 3111113133.
724 4407 855 4480 Quodsi
868 4409 978 4471 facere

186 4501 271 4562 forte
283 4503 541 4578 praesumpserit,
554 4519 620 4564 non
629 4506 783 4565 teneatur
797 4509 978 4568 conventus

185 4613 245 4674 pro
272 4598 325 4659 bis
354 4598 562 4676 aliquatenus
588 4601 801 4677 respondere.
836 4603 977 4664 Licitum

183 4696 345 4770 praeterea
369 4697 412 4757 sit
432 4696 525 4758 33113
546 4697 580 4758 13
599 4697 710 4760 333313
732 4699 887 4775 33333113,
905 4716 977 4776 quse

184 4791 255 4854 sive
283 4793 426 4865 civilem,
449 4794 520 4856 3133
542 4795 761 4866 criminalem,
787 4796 979 4858 contineant
1011 4854 1015 4863 .

184 4889 410 4964 questionem,
426 4890 565 4953 fratrum
578 4895 763 4954 vestrorum
778 4894 978 4955 testimoniis

184 4986 243 5058 nti,
261 5002 302 5046 ne
317 5003 376 5064 pro
389 4988 518 5050 defectu
530 4989 674 5062 testium,
683 4992 739 5067 Jus
754 4993 977 5052 333133333-

182 5083 250 5145 1331
264 5084 299 5144 13
317 5085 430 5159 aliquo
443 5083 606 5162 deperire.
629 5089 768 5164 Insuper
781 5088 978 5150 auctoritate

182 5181 978 5261 Apostolicainbibemus,neullusepiscopusvel

183 5278 338 5354 quaslibet
352 5277 419 5338 3113
443 5294 595 5355 3333333,
610 5279 651 5340 31
674 5281 817 5357 synodos
829 5283 882 5343 331
898 5299 979 5344 333-

182 5377 301 5436 333133
317 5375 466 5437 forenses
476 5391 534 5436 333
545 5376 605 5448 133,
616 5376 670 5437 331
681 5377 808 5453 judicio
823 5380 978 5441 saeculari

183 5471 223 5531 de
234 5476 345 5532 uestra
356 5471 491 5549 3333313
506 5472 704 5545 3313133113,
719 5474 773 5534 331
788 5477 976 5550 333333313-

182 5567 281 5628 31133
291 5569 413 5631 3331313
440 5567 612 5646 subjacere
639 5571 825 5647 compellat.
852 5573 921 5633 Nec
935 5573 977 5632 31

183 5666 297 5726 domos
322 5667 450 5727 vestras
488 5681 589 5728 33333
617 5668 750 5729 ordines
774 5667 974 5742 celebrandi,

327 5821 439 5863 333333.
460 5807 605 5866 3333111.

800 359 1030 427 iselsteine:
1052 360 1129 424 LIB.
1153 365 1206 424 IV.

1665 384 1674 407 ¹
1767 365 1826 426 290

1030 539 1149 584 333333
1170 523 1344 594 tractandi,
1358 523 1411 585 331
1427 521 1556 598 aliquos
1571 525 1826 600 33333313333-

1030 619 1136 680 111333
1151 621 1366 692 3333333311,
1389 621 1507 683 333133
1533 621 1732 696 praesumat3
1765 637 1828 684 neo

1031 719 1218 792 regularem
1232 716 1361 779 abbatis
1376 717 1479 779 333131
1503 717 1697 778 electionem
1722 717 1828 794 impe-

1032 815 1111 887 1131,
1132 816 1246 877 33113
1269 815 1471 876 instituendo
1487 814 1538 875 vel
1564 816 1765 878 removendo
1776 833 1826 888 eo,

1034 912 1090 988 qui
1108 927 1166 989 pro
1181 913 1330 989 tempore
1350 912 1460 982 fuerit,
1483 914 1598 974 contra
1614 913 1828 974 3131313013-

1032 1008 1210 1069 terciensis
1234 1009 1363 1070 ordinis
1379 1025 1415 1070 se
1429 1010 1639 1086 aliquatenus
1662 1010 1830 1072 intromit-

1031 1107 1091 1166 tat.

1074 1201 1110 1263 Si
1131 1217 1212 1266 3333
1232 1204 1418 1280 331333333,
1437 1205 1472 1264 13
1488 1207 1582 1280 cujus
1597 1206 1755 1281 parocbia
1770 1205 1831 1266 13-

1033 1315 1107 1359 333
1121 1301 1232 1361 333133
1253 1300 1390 1362 1331313
1411 1303 1472 1372 331,
1498 1317 1573 1361 333
1588 1301 1776 1364 1331111313
1797 1305 1830 1364 31

1032 1396 1218 1468 133311333,
1231 1413 1295 1474 qua
1307 1399 1472 1465 convenit,
1484 1399 1663 1474 requisitus
1674 1399 1831 1462 substitu-

1030 1493 1100 1554 tum
1116 1493 1267 1555 abbatem
1283 1494 1490 1566 benedicere,
1501 1496 1605 1556 313113
1616 1512 1690 1571 quae
1704 1496 1745 1558 ad
1761 1496 1830 1557 offi-

1032 1590 1120 1650 cium
1146 1591 1335 1667 episcopale
1361 1592 1538 1668 pertinent,
1561 1592 1656 1653 vobis
1678 1593 1830 1655 conferre
1891 1609 1895 1624 ·

1032 1687 1191 1759 renuerit,
1209 1687 1337 1749 licitum
1353 1689 1395 1750 sit
1411 1689 1517 1749 eidem
1533 1688 1659 1761 abbati,
1676 1690 1705 1750 31
1719 1691 1830 1752 tamen

1033 1781 1828 1862 sacerdosfuerit,propriosnuntiosbenedicere,

1032 1881 1158 1942 313113
1192 1897 1266 1959 quae
1294 1883 1336 1942 31
1355 1881 1501 1944 officium
1530 1899 1627 1944 suum
1651 1884 1827 1960 pertinent,

1033 1989 1201 2046 exercere,
1231 1982 1264 2041 31
1288 1978 1382 2041 33113
1410 1981 1522 2041 33313
1536 1980 1658 2042 313113
1674 1983 1829 2058 33133333

1033 2075 1225 2151 percipere,
1252 2091 1325 2152 quae
1355 2092 1374 2137 a
1401 2079 1511 2138 vestro
1538 2077 1662 2138 fuerint
1684 2078 1831 2140 indebite

1033 2171 1206 2246 denegata.
1223 2173 1305 2233 Illud
1320 2173 1527 2249 adJicientes,
1543 2175 1830 2251 utinrecipiendis

1033 2268 1309 2344 possessionibus,
1326 2286 1400 2345 333
1421 2285 1440 2330 3
1458 2257 1652 2341 benedictis
1669 2271 1832 2334 3311333-

1033 2364 1643 2446 113331133113111333311133133,33
1657 2369 1727 2431 3131
1741 2371 1831 2446 3313-

1034 2463 1107 2539 copi
1122 2463 1228 2523 forma
1243 2464 1401 2534 contenti,
1417 2479 1490 2541 quae
1503 2464 1544 2525 ab
1560 2465 1691 2541 origine
1703 2467 1829 2528 ordinis

1033 2559 1181 2620 noscitur
1206 2559 1357 2621 instituta
1372 2577 1395 2632 ;.
1409 2562 1445 2622 31
1473 2561 1601 2623 33111331
1615 2562 1750 2624 abbates
1765 2565 1829 2642 ipsi

1034 2656 1253 2718 33133331133
1268 2673 1328 2720 suo
1341 2657 1490 2734 profiteri
1501 2659 1651 2732 1313331,
1667 2661 1829 2724 31333133

1031 2755 1155 2816 statuta
1179 2755 1307 2816 ordinis
1341 2755 1394 2814 sui
1431 2755 1557 2816 nullam
1587 2756 1828 2832 professionem

1033 2851 1143 2913 facere
1156 2852 1406 2929 compellantur.
1429 2855 1493 2914 Pro
1521 2854 1829 2917 consecrationibus
1865 2853 1867 2860 ’

1033 2965 1112 3012 3333
1141 2950 1308 3024 altarium,
1329 2951 1382 3013 331
1409 2951 1639 3025 33313313333,
1669 2953 1739 3016 3133
1769 2969 1829 3031 333

1033 3048 1106 3110 3133
1127 3051 1252 3121 333313,
1278 3049 1332 3110 331
1351 3065 1410 3125 333
1433 3049 1580 3127 quolibet
1603 3051 1830 3114 ecclesiastico

1033 3144 1260 3217 sacramento,
1287 3145 1400 3206 nullus
1427 3160 1446 3207 3
1476 3146 1570 3208 33113
1598 3147 1659 3213 331
1694 3148 1853 3210 obtentu‘

1033 3244 1281 3305 consuetudinis
1299 3244 1430 3305 3313113
1449 3245 1546 3306 3313
1567 3245 1746 3324 quidquam
1763 3261 1828 3307 33-

1033 3339 1110 3401 1331
1121 3343 1329 3419 extorqnere,
1345 3341 1403 3402 sed
1416 3341 1487 3402 lraec
1498 3343 1608 3403 omnia
1621 3343 1725 3419 gratis
1736 3341 1830 3406 33113

1033 3437 1206 3515 episcopus
1235 3438 1443 3500 dioecesanus
1469 3439 1640 3515 impendat
1655 3461 1663 3502 ε
1680 3440 1830 3518 alioquin

1032 3535 1240 3597 11333133113
1256 3551 1495 3613 quemcumque
1515 3537 1700 3600 malueritis
1715 3538 1831 3600 catho-

1033 3631 1133 3692 licum
1149 3633 1332 3694 antistitem
1344 3632 1448 3706 adire,
1466 3633 1607 3708 gratiam
1620 3635 1654 3698 et
1677 3651 1829 3698 commu-

1033 3730 1168 3791 nionem
1194 3729 1392 3804 Apostolicae
1422 3730 1516 3792 Sedis
1547 3731 1744 3806 habentem,
1774 3733 1830 3810 qui

1033 3828 1145 3888 nostra
1158 3825 1262 3888 fretus
1281 3827 1491 3899 auctoritate,
1514 3828 1620 3900 vobis,
1645 3831 1732 3906 quod
1752 3847 1830 3907 pos-

1032 3923 1168 3996 tulatur,
1185 3923 1364 4000 impendat.
1380 3925 1473 3996 Quod
1489 3925 1518 3985 si
1535 3925 1631 3987 sedes
1645 3928 1829 3989 dioecesani

1032 4022 1178 4098 episcopi
1207 4020 1292 4082 forte
1316 4022 1507 4090 vacaverit,
1550 4023 1685 4085 interim
1718 4026 1828 4086 33313

1034 4117 1481 4180 33313313311333333333313
1494 4134 1513 4179 3
1527 4119 1648 4180 3131313
1664 4121 1832 4198 episcopis

1032 4216 1186 4292 accipere
1215 4214 1319 4276 libere
1353 4215 1386 4275 et
1410 4214 1535 4294 absque
1563 4217 1830 4280 contradictione

1033 4313 1185 4390 possitis;
1209 4313 1257 4373 sic
1280 4315 1402 4384 tamen,
1427 4316 1463 4375 ut
1489 4313 1525 4374 in
1552 4317 1721 4390 33313333
1750 4331 1830 4392 pro-

1034 4411 1115 4487 priis
1139 4409 1304 4488 episcopis
1332 4409 1459 4470 nullum
1484 4412 1713 4489 prejudicium
1727 4429 1831 4491 gene-

1033 4509 1136 4569 retur.
1179 4507 1262 4580 Quia
1293 4523 1373 4569 3333
1411 4506 1576 4569 13133133
1620 4513 1828 4588 3333313333

1033 4605 1263 4681 episcoporum
1284 4606 1413 4681 copiam
1435 4621 1502 4666 non
1523 4605 1662 4678 habetis,
1682 4609 1711 4668 31
1732 4624 1829 4685 quem

1033 4702 1226 4777 episcopum
1241 4705 1399 4764 Romanae
1412 4703 1518 4773 Sedis,
1536 4705 1572 4765 ut
1583 4703 1740 4776 diximus,
1751 4721 1831 4781 gra-

1032 4798 1113 4860 tiam
1124 4800 1432 4859 3133333313333
1449 4799 1637 4870 habentem,
1653 4804 1687 4863 et
1700 4802 1741 4863 13
1765 4819 1830 4879 quo

1032 4895 1165 4972 plenam
1181 4895 1334 4956 notitiam
1347 4896 1509 4970 13133113,
1535 4913 1595 4975 333
1615 4914 1675 4961 333
1686 4899 1829 4961 transire

1032 4991 1220 5066 contigerit,
1246 4990 1288 5052 ab
1307 5007 1348 5053 33
1363 4991 1612 5057 benedictiones
1625 5011 1783 5058 vasorum
1797 5001 1831 5059 31

1031 5089 1185 5160 3331133,
1211 5089 1478 5152 consecrationes
1500 5092 1668 5164 altarium,
1690 5094 1828 5155 ordina-

1031 5187 1140 5248 tiones
1160 5184 1397 5246 monacborum
1418 5189 1828 5267 3331331131311333131133

1034 5282 1128 5344 Sedis
1143 5281 1292 5358 recipere
1307 5280 1459 5343 33133113.
1477 5286 1592 5355 Porro,
1617 5287 1646 5347 si
1668 5289 1825 5364 episcopi,

1031 5380 1085 5442 331
1109 5379 1167 5440 3111
1188 5377 1406 5440 ecclesiarum
1429 5382 1576 5442 rectores
1601 5383 1637 5443 in
1656 5388 1828 5447 moneste-

1032 5477 1119 5538 rium
1133 5477 1280 5537 vestrum
1293 5475 1346 5536 331
1361 5490 1520 5550 personas
1533 5477 1616 5538 inibi
1631 5483 1827 5544 constitutus

1033 5573 1273 5649 suspensionis,
1287 5573 1640 5636 excommunicationis
1655 5579 1708 5638 331
1723 5581 1829 5641 13133-

1032 5669 1111 5730 11311
1125 5669 1324 5730 3331331133
1338 5669 1632 5744 promulgaverint,
1642 5674 1713 5733 3133
1727 5677 1828 5740 etiarn

1655 5811 1690 5870 lo
