4300 6392
210 273 269 335 aaa

568 457 653 544 dil

257 592 309 652 Ad
332 589 550 652 Frtdcrtcam
572 592 807 654 Romanorum
834 605 963 667 repent.

497 713 532 772 20
546 721 629 771 mart.
647 715 725 772 lito.

232 818 381 884 magnaldi,
390 819 481 870 Annnl.
493 820 629 870 ecclesiast.
648 819 681 870 ad
696 833 792 870 annum
805 819 874 879 amo,
887 819 900 883 fl
914 817 979 879 dn]

213 926 354 986 Honorius
366 938 440 998 papa
456 926 599 984 Friderico
612 929 804 984 Romanorum
819 925 882 998 regi
892 938 1005 998 proces·

244 1029 296 1074 sus
315 1015 467 1072 terminum
482 1016 617 1074 nonnius
632 1014 720 1073 multa
733 1015 847 1087 querela
861 1029 951 1086 usque
970 1012 1006 1070 ad

243 1101 385 1160 kalendas
396 1102 463 1160 maii
477 1104 621 1176 proximas
637 1102 849 1176 prorogandum
864 1100 1003 1168 concedit,

251 1190 438 1264 hortaturque
459 1192 537 1248 illum
560 1191 664 1261 denuo,
680 1189 838 1250 uitandam
858 1205 889 1248 se
904 1189 1005 1248 Christi

248 1279 383 1338 athletam
395 1286 424 1337 ct
439 1281 532 1338 Terrae
543 1281 654 1338 Sancta
669 1279 849 1338 defensorem
863 1277 1003 1336 ostendat.

252 1398 420 1461 Honorius
435 1396 610 1474 opiscopus
625 1413 742 1461 servus
761 1409 933 1460 servorum
946 1395 1005 1456 Del

212 1494 392 1566 Friderico‚
411 1497 558 1556 Romano
576 1495 658 1570 regi,
672 1495 735 1556 etc.

253 1592 410 1669 sinceris,
426 1592 514 1652 etc...
525 1595 629 1653 Porro
642 1591 699 1668 qui
716 1592 797 1653 satis
812 1590 931 1666 diligit,
945 1605 1003 1650 sa-

213 1689 256 1750 tis
271 1688 381 1764 timet3
399 1688 486 1749 unde
502 1704 567 1750 non
591 1688 710 1750 mirum
732 1689 761 1749 si
783 1689 823 1750 de
837 1687 1004 1749 retardato

212 1800 370 1862 processu
390 1786 446 1846 tuo
467 1785 503 1846 in
529 1784 712 1848 subsidium
738 1789 849 1848 Terrae
876 1785 1004 1846 Sanctae

212 1881 272 1944 tibi
287 1881 464 1943 timeamus
486 1883 519 1944 et
541 1882 662 1944 uobis:
687 1882 748 1944 tibi
772 1898 813 1944 ne
832 1897 892 1958 per
907 1881 1004 1944 toties

206 1979 360 2056 repetitae
394 1979 564 2042 dilationis
599 1981 803 2051 instantiam,
824 1979 1002 2048 offensam,

205 2076 299 2153 ·quod
322 2076 419 2147 absit,
442 2078 664 2153 potentissimi
691 2079 780 2153 regis
804 2076 1002 2150 lncurreris3

212 2171 320 2244 nobis,
347 2187 390 2232 ne
416 2171 573 2234 facultate
597 2172 868 2248 prorogationum
888 2172 1006 2248 hunus-

207 2269 301 2329 ·modi
328 2285 463 2330 causam
490 2269 581 2330 illius
604 2271 730 2330 Summi
755 2269 926 2331 Pontificis
949 2265 1005 2344 qui

211 2380 273 2441 pro
294 2365 401 2427 salute
422 2367 535 2442 populi
557 2367 592 2426 in
620 2381 679 2428 ara
701 2367 809 2428 crucis
833 2381 869 2428 se
897 2366 1004 2442 ipsum

211 2461 331 2523 obtulit
343 2461 486 2524 hostiam
502 2466 569 2524 Deo
590 2464 694 2534 Patri,
706 2463 879 2525 videamur
892 2463 1004 2538 negli-

213 2562 331 2634 genter
352 2561 543 2637 reliquisse.
568 2563 690 2622 Verum
711 2561 820 2622 adbuc
843 2561 948 2622 instas
970 2560 1007 2620 nt

212 2656 389 2733 adiicietur
412 2659 530 2734 quarta
553 2658 686 2729 dilatio,
711 2659 744 2720 et
769 2673 834 2719 non
861 2657 1005 2720 intendis

207 2753 298 2832 pund
321 2754 440 2814 citatus
463 2754 570 2815 tribus
591 2754 707 2819 edictis
730 2757 759 2816 si
784 2755 824 2816 ad
842 2755 1005 2831 Judioium

214 2853 331 2912 ¹venire
349 2851 540 2924 contemnit,
570 2855 677 2928 potest
704 2853 920 2914 contumaciae
946 2865 1004 2912 rc-

211 2948 384 3024 ·prehendi.
405 2948 467 3009 Sed
484 2949 606 3010 scimus
621 2950 705 3026 quod
722 2950 762 3010 ad
777 2949 1005 3026 purgationem

212 3059 315 3105 moras
331 3044 508 3106 nonnullas
532 3061 651 3106 causas
675 3047 900 3107 excusationis
917 3045 1005 3107 alle-

209 3157 296 3216 gas3
314 3143 435 3203 scimus
450 3143 549 3204 etiam
565 3143 650 3222 quod
671 3159 735 3203 non
755 3143 875 3204 siccas
896 3143 1005 3204 inter-

214 3239 389 3314 pretantur
411 3239 522 3300 aemuli
546 3241 583 3302 ut
603 3241 712 3302 amici.
737 3242 806 3302 Nos
828 3242 938 3302 antem
964 3257 1006 3302 ne

210 3335 280 3396 tam
307 3335 376 3395 cari
405 3335 468 3395 filii
492 3336 612 3397 famam
640 3353 809 3414 exponere
835 3338 1007 3399 videamur

214 3433 426 3508 contemptui,
447 3425 550 3510 usque
565 3435 605 3500 ad
619 3433 779 3496 kalendas
792 3436 870 3496 maii
887 3435 1005 3512 proxi-

215 3545 285 3588 mas
301 3529 348 3590 tui
364 3545 539 3605 processus
553 3531 732 3592 terminum
752 3546 1004 3608 prorogamus...

206 3628 302 3686 -Sane
312 3626 496 3699 considera,
507 3631 602 3704 cujus
612 3627 655 3689 sit
667 3643 768 3689 cause
781 3645 854 3705 quae
867 3629 1004 3705 geritur,

210 3724 291 3800 qrria
306 3723 446 3798 Ghristi3
460 3728 554 3802 cujus
566 3725 783 3798 commodum,
799 3727 876 3803 quia
892 3737 1007 3804 prose-

817 271 1051 343 ‚splslobm
1076 273 1153 332 ΜΒ.
1178 273 1231 332 lv.

1796 274 1855 334 410

1058 430 1211 506 princeps
1238 429 1408 505 egregius,
1435 431 1591 506 qnoniam
1621 432 1854 508 utaperiamus

1058 527 1194 602 paratus
1204 530 1254 588 est
1266 527 1425 589 Dominus
1435 527 1594 602 grandem
1605 526 1726 588 offerre
1739 528 1856 590 trium·

1058 625 1160 702 pbum
1174 625 1230 702 qui
1245 624 1381 686 multam
1395 627 1466 699 jam
1485 624 1597 685 attulit
1612 624 1653 685 de
1670 639 1851 700 paucorum

1059 721 1172 783 labora
1188 736 1357 782 coronam.
1374 722 1565 796 Accingere,
1584 721 1759 796 accingere
1776 722 1853 796 gla-

1059 819 1115 879 dio
1140 819 1229 879 circa
1252 817 1378 890 femur,
1410 818 1638 894 potentissime
1667 818 1855 895 principum

1058 917 1276 977 terrenorum.
1304 916 1487 990 Accingere
1518 916 1552 976 in
1583 915 1771 976 bumilitate
1794 931 1856 992 po·

1058 1013 1147 1086 tans3
1163 1011 1338 1085 accingere
1351 1012 1387 1071 in
1406 1011 1553 1086 potentia
1569 1011 1719 1082 humilis,
1737 1011 1854 1072 utnon

1059 1109 1094 1168 in
1119 1107 1256 1169 brachio
1280 1109 1337 1170 tuo
1368 1107 1529 1180 confisus,
1555 1108 1594 1169 de
1626 1123 1725 1168 manu
1750 1107 1854 1168 Altis·

1059 1205 1135 1265 simi
1150 1205 1314 1280 suscipias
1327 1205 1362 1264 in
1377 1205 1460 1266 tanti
1482 1205 1765 1266 consummatione
1787 1219 1851 1265 ne·
1967 1189 1976 1210 ⁸

1058 1303 1140 1376 gotti
1150 1302 1292 1377 gloriam
1304 1317 1377 1378 quaa
1390 1301 1556 1378 speratur.

1100 1424 1208 1503 (Notae
1237 1423 1481 1500 chronologica
1510 1423 1639 1486 desunt.
1669 1425 1744 1485 Non
1772 1439 1853 1486 varo

1059 1520 1274 1583 dubitandum
1295 1523 1362 1582 tam
1378 1535 1421 1582 ex
1440 1537 1578 1582 numero
1593 1521 1743 1598 epistolae
1755 1535 1854 1599 quam

1059 1632 1101 1676 ex
1129 1617 1246 1678 ordine
1272 1631 1383 1678 rerum
1414 1617 1494 1693 quin
1533 1617 1622 1678 circa
1658 1617 1853 1678 vicesimum

1058 1713 1169 1775 martii
1184 1713 1271 1775 diem
1286 1715 1475 1792 reponenda
1500 1715 1552 1776 sit.
1572 1711 1673 1776 Adest
1686 1715 1721 1774 ln
1739 1727 1855 1790 reges-

1058 1811 1101 1872 tis
1116 1811 1176 1872 sub
1192 1827 1223 1870 n.
1239 1813 1299 1872 700
1320 1811 1426 1872 altera
1451 1811 1592 1888 epistola
1615 1827 1681 1889 qua
1705 1825 1852 1871 summus

1059 1907 1207 1984 pontifex
1235 1908 1446 1969 Fredericnm
1484 1923 1613 1982 regem,
1644 1907 1749 1968 tilium
1780 1911 1852 1984 ejus

1059 2005 1237 2066 Henricum
1253 2007 1286 2066 et
1308 2021 1423 2065 eorum
1444 2007 1552 2065 terras
1579 2005 1615 2065 in
1639 2020 1699 2065 sua
1715 1999 1854 2081 speciali

1058 2101 1262 2178 protectione
1283 2103 1391 2162 denuo
1406 2101 1535 2178 recipit.
1557 2102 1676 2163 Datum
1697 2095 1851 2168 viterbii,

1058 2199 1148 2260 XVII
1164 2197 1325 2258 kalendas
1338 2195 1482 2276 aprilis)

1423 2375 1488 2461 dx

1195 2511 1247 2569 Ad
1264 2513 1428 2582 populum
1449 2511 1711 2569 Bononiensem.

1351 2629 1367 2685 s
1383 2629 1463 2702 spru.
1480 2629 1558 2686 raso.

1147 2743 1299 2808 [naussum
1313 2744 1467 2802 numanum,
1478 2743 1538 2794 sart.
1552 2744 1638 2800 raus,
1648 2742 1691 2801 111,
1703 2705 1771 2806 soa]

1059 2839 1182 2898 Abolitio
1195 2839 1382 2913 quorumdam
1401 2847 1568 2898 statutorum
1581 2854 1631 2911 per
1646 2839 1853 2908 bononienses,

1147 2937 1244 2986 contra
1255 2929 1413 2986 libertatem
1425 2929 1597 2986 scholarium
1608 2927 1760 2984 editorum.

1099 3047 1265 3108 Honorius
1298 3047 1492 3123 spiscopus,
1531 3058 1646 3106 servus
1681 3055 1854 3104 servorum

1060 3145 1131 3216 Dei,
1150 3143 1278 3204 dilectis
1293 3144 1372 3203 filiis
1392 3143 1513 3220 populo
1530 3141 1744 3212 Bononiensi,
1761 3139 1854 3201 salu·-

1060 3243 1125 3302 tem
1141 3241 1174 3303 et
1189 3239 1404 3317 apostolicam
1419 3239 1694 3300 benedictionem.

1101 3341 1150 3398 llx
1181 3339 1343 3399 relatione
1375 3335 1576 3397 venerabilis
1606 3335 1718 3396 fratris
1747 3333 1853 3395 nostri

1061 3435 1217 3510 Hugolini
1263 3434 1411 3510 episcopi
1447 3433 1632 3494 Hostiensis
1677 3431 1852 3492 devotione

1061 3548 1159 3608 quarn
1175 3532 1215 3593 ad
1231 3534 1414 3592 Romanam
1430 3530 1610 3592 Ecclesiam
1619 3529 1734 3606 geritis
1750 3529 1852 3588 intel-

1060 3628 1156 3700 lecta,
1179 3629 1272 3689 tanto
1300 3628 1341 3688 ad
1366 3643 1417 3699 ea,
1441 3643 1515 3704 quae
1535 3627 1681 3688 vestram
1711 3625 1851 3686 salutern

1061 3725 1254 3802 respiciunt,
1281 3726 1314 3786 et
1338 3724 1509 3796 honorem,
1526 3724 1709 3785 ferventius
1724 3722 1856 3798 aspira-

210 3821 383 3896 quentinm
404 3821 526 3896 ipsam;
548 3825 643 3898 cujus
667 3823 786 3898 gloria,
804 3825 881 3901 quia
905 3825 1006 3886 totius
1060 3838 1144 3892 mus,
1162 3823 1284 3897 quanto
1298 3837 1358 3882 vos
1372 3823 1541 3898 tamquam
1556 3819 1753 3881 obedientiae
1768 3817 1855 3878 filios

214 3917 326 3993 populi
342 3917 532 3992 christiani3
549 3921 581 3980 et
595 3919 736 3996 negligis
758 3935 831 3982 esse
848 3937 1008 3997 prosocu·
1060 3919 1102 3979 ad
1124 3917 1272 3995 ejusdem
1295 3917 1514 3978 obediendum
1534 3915 1698 3976 mandatis
1713 3931 1856 3990 cognos-

213 4015 268 4076 tor
289 4027 399 4076 caussa
424 4016 494 4088 Dei,
512 4018 706 4093 procurator
718 4019 881 4079 commodi
897 4019 957 4090 tui,
975 4019 1008 4079 et
1061 4015 1167 4076 cimus
1182 4015 1368 4090 proniores,
1382 4029 1442 4075 vos
1457 4013 1499 4074 ab
1514 4014 1557 4073 ils
1571 4011 1742 4072 retrahere
1758 4011 1853 4071 sata-

215 4110 467 4174 cbristianitatis
494 4113 631 4175 athleta.
657 4115 697 4176 nt
723 4115 854 4191 quidem
877 4115 918 4176 ad
943 4115 1006 4177 ista
1060 4113 1186 4187 gentes,
1202 4125 1274 4187 quae
1296 4112 1329 4171 et
1348 4109 1469 4171 famam
1483 4111 1628 4170 vestram
1647 4106 1853 4176 obnubilant,

211 4209 247 4268 -te
282 4209 440 4272 Dominus
472 4207 641 4271 beneficiis
676 4211 799 4284 allicit,
835 4211 1006 4274 miraculis
1061 4209 1095 4269 et
1120 4208 1241 4268 afferre
1262 4206 1357 4268 vobis
1385 4203 1521 4284 possent
1542 4203 1798 4274 incommodum,
1824 4203 1857 4264 at

211 4305 383 4378 provocat,
415 4307 448 4366 et
477 4305 638 4381 exemplis
665 4305 845 4370 informat:
878 4307 1006 4369 benefl—
1059 4306 1233 4382 jacturam.
1252 4307 1338 4364 Sane
1362 4319 1437 4364 cum
1461 4319 1505 4364 ex
1531 4303 1641 4364 studio
1669 4301 1857 4362 litterarum

215 4399 276 4460 ciis
291 4400 405 4474 allicit,
423 4402 500 4480 qnia
515 4403 583 4464 tam
608 4402 801 4480 depressum
827 4405 1007 4481 aliquando
1061 4405 1183 4480 praeter
1208 4402 1338 4464 infinita
1365 4401 1548 4470 commoda,
1565 4417 1639 4478 quae
1652 4399 1793 4471 sentitis,
1814 4413 1857 4460 cx

210 4495 263 4558 sic
290 4497 423 4560 tandem
458 4499 565 4561 crexit
603 4499 638 4562 in
673 4500 802 4576 altum3
836 4503 1007 4564 miraculis
1061 4516 1100 4564 eo
1115 4501 1225 4562 vestra
1254 4501 1372 4561 civitas
1396 4501 1484 4562 inter
1505 4499 1589 4560 alias
1611 4498 1655 4559 sit
1669 4497 1806 4567 famosa,
1824 4497 1858 4556 et

215 4596 393 4669 provocat,
418 4597 496 4673 quia
532 4595 573 4658 de
601 4599 751 4659 Damiata
784 4600 1007 4662 munitissima
1061 4599 1096 4658 in
1126 4599 1283 4660 universo
1316 4597 1438 4658 mundo
1475 4611 1596 4657 nomen
1632 4593 1858 4655 annuncietur

212 4693 350 4756 civitate
393 4693 489 4770 plene
523 4693 723 4756 desiderium
759 4697 871 4772 pusilli
910 4713 1009 4759 exer·
1061 4695 1177 4771 ipsius,
1191 4695 1343 4772 factaque
1356 4695 1399 4756 sit
1421 4695 1526 4756 altera
1541 4692 1723 4762 Bethleem,
1740 4689 1857 4750 domus

212 4789 301 4850 citus
330 4789 506 4850 christiani
536 4806 594 4866 spa
623 4793 693 4868 jam
726 4791 898 4854 debilitata
926 4809 1007 4870 per-

217 4885 310 4958 fecit;
331 4885 489 4947 informat
513 4888 683 4964 exemplis,
710 4888 875 4964 quianon
900 4891 1008 4950 solum

214 4982 344 5044 nobiles
367 4983 400 5044 ct
414 4985 573 5059 potentes,
599 4985 656 5045 sed
680 4987 779 5047 etiam
799 5003 962 5064 pauperes
977 4988 1010 5049 et

213 5079 339 5142 debiles
352 5079 416 5140 hoc
430 5079 563 5142 salubre
576 5083 743 5156 negotium
760 5087 836 5146 sunt
846 5085 1007 5159 aggressi.

215 5177 422 5254 Quapropter
455 5175 631 5251 diligenter
660 5179 810 5241 advertat
846 5195 908 5241 rex
940 5185 1009 5242 tarn

214 5273 350 5348 grandis
361 5274 394 5334 et
409 5271 540 5342 nobilis,
552 5275 619 5334 tam
631 5275 746 5348 potens
759 5279 792 5336 et
805 5275 911 5347 fortis,
923 5277 1008 5352 quod

215 5369 250 5430 in
265 5369 308 5430 iis
324 5385 363 5430 eo
376 5369 485 5429 minus
500 5370 725 5431 excusationis
745 5375 934 5447 competere
944 5387 1008 5447 po-

214 5468 302 5540 terit,
319 5483 383 5545 quo
396 5469 470 5543 plus
485 5467 615 5529 videtur
632 5470 807 5544 suppetere
828 5469 1005 5532 facultatis.

217 5565 381 5641 Exstrrgni
397 5565 498 5640 igitur
513 5564 709 5626 excellentia
729 5565 833 5640 regia,
852 5569 1011 5644 exsurget

1061 4791 1217 4854 videlicet
1241 4792 1348 4868 panis,
1373 4792 1428 4867 qui
1454 4790 1604 4867 parvulis
1629 4788 1806 4864 frangitur,
1821 4785 1858 4846 in

1062 4889 1188 4960 eadem,
1216 4903 1259 4948 ex
1287 4903 1352 4965 qua
1376 4889 1499 4948 exeunt
1518 4887 1630 4956 duces,
1657 4886 1715 4962 qui
1738 4883 1858 4959 regant

1063 4986 1218 5062 populum
1234 4986 1375 5056 Domini,
1392 4985 1548 5062 quoniam
1561 4982 1715 5045 instudio
1730 4979 1854 5042 eruditi

1063 5084 1277 5144 assumuntur
1290 5083 1332 5143 ad
1346 5083 1494 5157 regimen
1506 5082 1704 5150 animarum,
1724 5094 1791 5138 non
1807 5092 1858 5137 so-

1063 5179 1131 5239 lum
1157 5178 1283 5240 debetis
1316 5195 1336 5240 a
1369 5179 1571 5240 scholarium
1605 5173 1856 5253 gravaminibus

1063 5276 1310 5352 conquiescere,
1337 5290 1452 5336 varum
1468 5276 1569 5336 etiarn
1585 5274 1660 5335 illos
1675 5268 1859 5331 honoribus

1064 5373 1259 5448 praevenire.
1284 5373 1498 5435 Attendentcs
1520 5371 1607 5450 quod
1630 5368 1694 5446 ipsi
1709 5367 1857 5441 gratuito

1064 5471 1105 5532 ad
1130 5469 1325 5531 studendum
1346 5475 1491 5532 vestram
1510 5465 1752 5546 praeelegerunt
1771 5462 1858 5524 civi-

1064 5569 1174 5637 tatem,
1204 5583 1276 5644 quae
1303 5584 1376 5628 cum
1408 5569 1500 5643 prius
1525 5564 1612 5626 esset
1632 5561 1778 5631 humilis,
1799 5575 1858 5636 per
