4250 6404
298 263 338 320 35
921 258 1097 321 HONORII
1120 257 1164 318 m
1185 257 1332 320 OPERA.
1912 261 1952 320 36

634 425 763 513 XXVI

333 563 388 622 Ad
401 560 555 624 abbatem
574 559 711 622 tiaratae
727 559 847 623 orme
862 559 896 621 et
908 562 1065 642 priorem

597 660 705 720 scam
722 659 797 720 Det.

573 771 607 830 18
627 769 720 828 octob.
748 771 826 830 lala.

433 877 587 942 [llenriqne,
600 875 694 928 band.
707 875 820 936 Gistate..
841 876 884 935 IV,
896 874 962 940 rto]

301 979 337 1046 lli
358 977 502 1048 inquirant
520 975 670 1034 veritatem
689 972 858 1043 facinorum,
880 972 982 1045 quibus
996 974 1096 1032 bertu-

337 1065 430 1124 sensis
439 1063 622 1140 episcopare
637 1062 784 1122 canonicis
795 1062 855 1122 suis
865 1068 1016 1120 accusatus
1026 1061 1072 1118 sit.

343 1173 512 1246 Quatenus
526 1173 568 1234 ad
584 1175 818 1234 Dertnsensem
833 1170 1009 1236 ecclesiam
1024 1186 1102 1248 per-

304 1271 464 1336 sonaliter
478 1270 685 1339 accedentes,
697 1271 733 1332 et
745 1267 905 1332 habentes
918 1283 986 1346 prta
995 1267 1101 1332 oculis

303 1369 410 1432 solum
421 1369 607 1441 Dominum,
616 1369 648 1430 et
657 1367 1000 1432 revocatoinirritum
1011 1365 1102 1446 quid·

302 1467 381 1546 quid
396 1481 455 1544 per
482 1466 673 1544 praedictam
700 1464 967 1544 appellationem,
983 1462 1018 1525 in
1044 1479 1104 1526 eo·

302 1564 454 1626 rumdam
473 1563 709 1626 canonicorum
724 1561 954 1642 praeiudicium
977 1563 1103 1625 temere

301 1660 498 1724 inueneritis
532 1662 753 1734 attentatum;
794 1658 974 1740 inquiratis
1004 1672 1105 1736 super

303 1760 487 1837 praemissis
500 1758 643 1821 sollicite
660 1759 847 1830 veritatem,
863 1759 981 1836 atquae
1005 1756 1104 1820 inve-

303 1855 422 1918 neritis
447 1855 589 1918 fideliter
611 1855 800 1932 redigentes
814 1855 849 1917 in
867 1855 1011 1934 scriptis,
1027 1869 1105 1916 res·

303 1955 366 2017 tris
379 1953 508 2014 inclusa
519 1954 652 2032 sigillis,
669 1953 710 2014 ad
726 1953 876 2014 nostram
890 1952 1104 2028 presentiam

304 2050 548 2120 transmittatis,
565 2049 767 2126 praeligendo
782 2049 846 2127 ipsi
859 2049 1013 2127 episcopo
1035 2049 1105 2110 ter·

304 2148 432 2210 minum
455 2147 706 2224 competentem,
731 2162 795 2224 quo
821 2148 935 2208 nostro
951 2162 987 2208 se
1003 2161 1104 2208 cons-

305 2243 416 2322 pectui
437 2244 663 2322 representet,
679 2243 764 2324 quod
780 2243 977 2306 canonicum
993 2242 1103 2314 tuerit,

307 2342 443 2403 auctore
470 2341 621 2412 Domino,
637 2343 845 2418 recepturus.
873 2343 991 2402 natum
1007 2341 1107 2402 Late·

306 2439 394 2511 rani,
409 2441 468 2499 XV
490 2438 652 2500 kalendas
670 2437 870 2512 novembris,
894 2437 1106 2516 pontificatus

306 2537 412 2600 nostri
423 2552 510 2598 anno
525 2535 634 2598 tertio.

623 2685 777 2780 ,XXVII

370 2824 422 2884 Ad
443 2819 599 2886 abbatem
625 2820 657 2882 et
683 2821 841 2892 priorem
863 2819 1044 2882 alcobatiae

427 2917 461 2980 et
475 2916 654 2979 certiorem
664 2919 987 2978 corrtmortceesem.

589 3029 624 3087 25
636 3029 729 3088 octob.
745 3029 824 3087 litt.

447 3141 599 3208 [llanriqna
612 3141 888 3203 Annnl.Cistere.,1V,
900 3141 966 3205 lib]

335 3245 386 3302 Eia
398 3242 497 3302 scribit
508 3240 544 3300 de
556 3241 673 3314 flagitiis
685 3241 839 3312 vincentii,
855 3239 1030 3313 mandatque
1040 3247 1083 3310 ut,

389 3329 526 3405 quidquid
539 3331 710 3388 canonicum
723 3327 816 3398 luerit,
829 3335 1032 3402 exsequantur.

348 3440 623 3502 Persecnlionnm
645 3437 848 3500 venerahilis
870 3437 984 3500 fratris
1005 3439 1111 3501 nostri

310 3536 541 3600 Ulisbonensis
556 3535 704 3612 episcopi
725 3550 793 3595 non
807 3549 983 3611 possiumus
997 3549 1112 3596 recor—

309 3635 383 3696 dari
400 3634 472 3695 sine
482 3633 609 3705 dolore,
622 3647 705 3708 quas
719 3647 741 3694 a
754 3631 913 3708 magistro
922 3632 1109 3705 Vincentio,

309 3731 476 3810 quondam
511 3729 725 3792 Ulisbonensi
758 3728 896 3802 decano,
925 3744 961 3792 se
992 3730 1113 3792 asserit

310 3829 499 3907 pertulisse,
516 3843 629 3906 quum,
652 3828 740 3888 sicut
755 3827 954 3914 accepimus,
968 3827 1061 3890 tanta
1080 3829 1113 3890 et

308 3925 540 3990 tamenormis
557 3925 690 3997 existat,
711 3924 805 3986 illius
823 3924 859 3985 in
874 3923 1025 3986 eumdem
1041 3940 1114 3985 ma·

310 4025 397 4088 toria
418 4039 504 4085 nova
519 4024 699 4099 gestorum,
718 4023 756 4084 ut
775 4037 837 4084 nec
851 4020 944 4084 illam
958 4023 1114 4100 expediat

311 4124 347 4184 in
368 4123 473 4185 totum
493 4119 713 4198 praesentibus
735 4119 922 4197 explicare3
948 4121 983 4182 et
1004 4120 1113 4182 adbuc

312 4224 387 4298 ejus
399 4235 519 4282 manus
533 4218 713 4297 (credentis
727 4217 841 4278 forsan
856 4219 959 4279 etiam
973 4218 1007 4278 in
1018 4219 1115 4280 Altis·

311 4320 434 4380 simum
476 4314 655 4394 rebellare)
697 4316 857 4378 adversus
897 4319 1113 4380 memoratum

314 4415 517 4493 episcopum,
552 4427 619 4472 non
641 4412 751 4472 minus
774 4413 873 4473 solito
898 4415 942 4475 sit
967 4415 1110 4477 eatena.

317 4516 420 4574 Porro
443 4508 602 4588 praefatus
617 4508 792 4585 episcopus
807 4509 877 4570 suis
892 4510 988 4572 nobis
1008 4527 1115 4591 nuper

316 4609 437 4672 litteris
451 4606 628 4679 intimavit,
637 4606 722 4683 quod
734 4621 809 4667 cum
825 4605 992 4683 proiectus
1005 4609 1042 4670 in
1055 4625 1115 4671 aes·

314 4709 382 4770 tate
402 4705 571 4784 preterita
585 4705 702 4766 contra
717 4703 795 4766 fidei
816 4705 939 4767 nostrae
957 4704 1115 4785 blaspbe-

315 4821 398 4876 mos,
415 4804 457 4866 ad
476 4802 653 4864 ecclesiam
670 4817 765 4863 snam
779 4803 924 4876 rediens,
941 4820 1014 4866 eam
1035 4821 1115 4881 gra-

315 4903 454 4964 uissime
470 4900 637 4962 turbatam
656 4900 834 4973 invenerit,
856 4904 975 4979 utpote·
991 4902 1027 4963 in
1049 4917 1113 4980 qna

317 5001 445 5063 diadas
457 4999 653 5061 Vincentius
667 4999 773 5061 multa
788 5002 1057 5077 presumpserat,
1074 5016 1113 5062 ac

1154 415 1271 480 forsan
1295 417 1381 480 liber
1407 415 1523 494 brerit3
1557 419 1592 482 at
1615 418 1789 496 postquam
1811 417 1953 481 obtinuit

1155 516 1344 577 animarum
1366 531 1480 577 curam
1501 517 1536 577 in
1555 515 1632 578 aliis
1646 517 1809 589 ecclesiis,
1828 519 1953 594 praeju-

1155 613 1279 676 dicium
1297 613 1361 676 sibi
1378 614 1502 676 fecerat
1520 615 1796 693 renitendo.1pse
1818 618 1952 677 secutus

1152 713 1243 790 juris
1270 712 1443 783 ordinem·
1460 713 1647 791 presemm
1672 729 1746 774 oum
1774 712 1888 774 multis
1912 712 1952 773 de

1155 811 1280 883 causis,
1293 825 1333 871 eo
1344 826 1383 871 se
1394 809 1570 886 indignum
1581 810 1737 883 reddidlt‚
1753 827 1773 872 a
1788 810 1952 873 decanatu

1154 907 1301 974 removit.
1321 907 1449 976 codem.
1479 910 1553 972 Dat.
1575 911 1653 972 Vlll
1673 908 1741 970 kal.
1765 923 1843 971 nov.
1864 921 1952 971 anno

1154 1005 1266 1068 tertio.
1469 1093 1617 1182 XXVII

1196 1221 1250 1282 Ad
1266 1219 1423 1282 meatem
1437 1221 1472 1282 S.
1489 1221 1612 1281 Severi
1634 1217 1668 1281 et
1689 1221 1850 1294 onerem
1868 1219 1913 1282 de

1395 1317 1709 1380 montemarano.
1792 1321 1794 1328 ’

1434 1420 1577 1478 tbootob.
1594 1421 1672 1480 lars.
1761 1460 1765 1470 .

1194 1515 1312 1581 magari„
1322 1515 1369 1568 lib.
1382 1517 1426 1577 111,
1437 1517 1511 1582 epist.
1522 1517 1562 1568 ss.
1575 1517 1634 1570 lise.
1642 1519 1679 1570 Le
1688 1517 1765 1570 Porta
1777 1516 1813 1570 dn
1823 1517 1916 1588 thail]

1308 1619 1348 1676 Ut
1358 1615 1516 1676 sententias
1527 1616 1675 1675 obsoevmi
1687 1615 1802 1675 ladani.

1198 1716 1377 1788 Honorius,
1398 1715 1783 1784 etc.‚venerabili1’ratrl
1798 1717 1955 1794 episcopo

1157 1813 1345 1886 Oleren.,et
1355 1813 1485 1874 dilectis
1498 1811 1577 1874 liliis
1588 1812 1698 1876 abbati
1713 1815 1826 1876 &noti
1837 1814 1953 1878 Severi

1158 1913 1192 1973 et
1206 1911 1309 1988 priori
1325 1911 1366 1971 de
1379 1911 1492 1972 Monte
1511 1911 1678 1984 Marsano,
1699 1909 1843 1976 Aduren-
1867 1909 1954 1973 dioe·

1159 2009 1255 2080 cesis,
1271 2008 1427 2080 salutem,
1445 2007 1506 2069 etc.

1199 2105 1409 2169 Venerabilis
1429 2105 1534 2168 irater
1552 2105 1666 2167 noster
1686 2105 1956 2184 archiepiscopus

1160 2201 1347 2266 Arrxitanus
1362 2217 1422 2264 sua
1437 2201 1534 2266 nobis
1550 2201 1778 2264 insinuatione
1796 2204 1958 2264 monstra·

1160 2300 1219 2370 vit,
1231 2299 1316 2377 quod
1337 2315 1412 2362 curn
1425 2299 1460 2360 in
1476 2299 1635 2377 quosdam
1648 2299 1741 2361 cives
1753 2301 1957 2361 Baionenses

1159 2397 1525 2470 excommunicationis,
1538 2397 1572 2459 et
1581 2396 1615 2458 in
1630 2397 1779 2474 reliquos
1789 2394 1957 2460 interdicti

1162 2496 1343 2558 sententias
1366 2495 1601 2573 promulgarit,
1624 2494 1836 2571 exigentibus
1850 2494 1957 2573 culpis

1163 2594 1243 2666 suis,
1265 2593 1364 2655 iidem
1380 2593 1542 2670 pretextu
1561 2591 1794 2670 appellationis
1813 2591 1959 2655 frustra-

1160 2692 1269 2760 torias,
1291 2705 1389 2768 qnam
1411 2689 1602 2758 emiserant,
1618 2690 1753 2752 easdem
1775 2691 1958 2752 sententias

1162 2791 1410 2852 contemnentes
1444 2789 1484 2850 ad
1489 2830 1565 2849 .....
1599 2792 1750 2850 eeneren
1754 2829 1835 2848 .....
1864 2789 1958 2850 Casas

1164 2887 1234 2959 Dei,
1251 2887 1284 2949 et
1299 2929 1380 2947 .....
1402 2885 1518 2948 Pontis
1542 2885 1601 2947 alti
1628 2885 1763 2948 abbates
1790 2889 1956 2948 Toronen.

1163 2984 1197 3046 et
1209 2984 1354 3046 Aduren.
1378 2983 1557 3044 dioecesum
1582 2998 1642 3060 por
1661 2999 1856 3060 expressum
1870 2999 1961 3046 men·

1164 3081 1307 3153 dacium,
1329 3083 1363 3143 et
1382 3082 1558 3143 veritatem
1582 3095 1794 3158 suppressam
1817 3081 1961 3159 Aposto-

1164 3179 1247 3241 lioas
1262 3194 1362 3255 super
1379 3179 1442 3240 hoc
1455 3179 1583 3240 litteras
1594 3179 1825 3255 impetrarunt,
1841 3178 1959 3257 quibus

1164 3278 1213 3340 uti
1235 3277 1398 3339 hactenus
1418 3276 1608 3350 noluerunt,
1636 3276 1715 3339 licet
1738 3293 1846 3339 annus
1869 3279 1963 3355 post·

1165 3374 1297 3436 modum
1321 3374 1365 3436 sit
1390 3375 1533 3451 elapsus,
1558 3373 1633 3451 ipsi,
1655 3375 1806 3452 quamvis
1830 3375 1961 3453 praelati

1166 3473 1292 3549 iudices
1322 3471 1463 3548 abipso
1491 3472 1743 3550 archiepiscopo
1774 3489 1873 3550 super
1897 3472 1962 3534 hoc

1167 3569 1329 3632 instanter
1354 3569 1479 3630 luerint
1502 3569 1666 3647 requisiti.
1700 3571 1860 3642 Quocirca
1889 3571 1961 3631 dis-

1166 3667 1435 3730 cretionivestrae
1447 3667 1705 3744 perbpostolica
1720 3669 1848 3745 scripta·
1867 3685 1963 3729 man-

1167 3765 1295 3838 damus,
1312 3766 1484 3844 quatenus,
1507 3764 1536 3825 si
1551 3765 1733 3842 praemissis
1753 3765 1877 3829 veritas
1892 3766 1964 3827 sui-

1167 3863 1327 3940 fragatur,
1353 3863 1535 3926 sententias
1560 3863 1650 3940 ipsas
1674 3862 1823 3940 praelatis
1841 3863 1962 3930 litteris

1168 3975 1377 4038 aequaeuam
1406 3959 1626 4034 obstantibus,
1656 3959 1788 4024 raneos
1815 3961 1965 4024 auetori-
2081 3911 2107 3996 ,³

1167 4061 1235 4122 tate
1256 4059 1371 4120 nostra
1396 4057 1566 4146 usquead
1593 4057 1856 4120 satisfactionem
1882 4075 1964 4121 con-

1168 4157 1314 4233 dignam,
1337 4156 1560 4234 appellatione
1582 4156 1720 4228 remota,
1744 4155 1884 4218 firmiter
1904 4155 1965 4218 ob-

1169 4253 1310 4315 servari,
1327 4252 1418 4325 Quod
1435 4252 1463 4316 si
1479 4268 1545 4313 non
1567 4267 1693 4326 omnes,
1716 4253 1792 4326 eto,
1806 4254 1842 4314 tu
1862 4253 1965 4316 irater

1169 4353 1322 4429 episcope
1339 4366 1412 4411 cum
1430 4365 1545 4412 eorum
1561 4349 1677 4424 altere,
1694 4351 1756 4414 etc.
1768 4349 1887 4412 Datum
1899 4353 1965 4413 La·

1168 4449 1287 4518 terant,
1296 4449 1354 4511 Vll
1368 4447 1529 4510 kalendas
1542 4447 1744 4522 novembris
1753 4447 1964 4525 pontificatus

1169 4546 1274 4609 nostri
1286 4561 1375 4606 anno
1391 4546 1500 4607 tertio.

1503 4669 1631 4758 XXIX

1266 4796 1633 4856 dedecorationem
1651 4795 1863 4869 Campaniae.
1991 4773 1995 4780 ⁶

1448 4898 1482 4956 27
1495 4896 1589 4956 octob.
1604 4897 1684 4956 tals.

1192 4995 1321 5059 illem,
1333 4995 1378 5049 lib.
1389 4993 1434 5054 lli,
1443 4994 1520 5059 epist.
1535 4993 1577 5050 on.
1587 4995 1648 5050 llse.
1660 4993 1933 5057 lensiensibus]

316 5099 433 5162 illicite
452 5096 642 5173 usurparat,
663 5096 705 5158 ad
721 5097 958 5159 canonicorum
978 5113 1112 5160 suorum
1165 5093 1310 5167 intumet.
1327 5099 1362 5150 ut·
1387 5107 1552 5165 quanquam
1579 5099 1664 5150 natus
1691 5091 1728 5151 de
1752 5107 1811 5150 non
1836 5093 1966 5168 legitimo

316 5196 522 5267 instantiam,
559 5194 755 5271 suppliciter
793 5195 1044 5271 postulantium,
1078 5195 1115 5256 ut
1203 5181 1387 5246 matrimonio
1400 5181 1674 5242 adsamosordines
1688 5183 1849 5256 promoveri
1864 5185 1965 5256 possit.

316 5311 390 5373 qua
412 5292 625 5355 reformanda
649 5295 746 5355 erant
766 5291 801 5353 in
822 5291 1111 5364 eademecclesia,
1165 5325 1171 5334 ·
1207 5291 1385 5364 Honorius,
1400 5292 1478 5360 stoa
1494 5291 1615 5355 dilecto
1630 5291 1700 5354 tilio
1711 5293 1749 5354 ll.
1764 5291 1966 5354 cancellario

313 5395 410 5471 juxta
421 5390 565 5452 officium
581 5389 645 5452 sibi
659 5389 806 5452 debitum
820 5389 1018 5452 reformaret
1030 5411 1039 5449 ε
1051 5404 1113 5451 neo
1168 5389 1369 5468 campanie,
1386 5389 1540 5463 salutern,
1555 5393 1620 5452 etc.

317 5491 485 5567 pateretur
520 5488 671 5552 eumdem
704 5487 915 5562 magistrum,
950 5486 1113 5548 decanum
1208 5487 1359 5552 Debitum
1372 5487 1612 5566 quodammodo
1627 5501 1689 5548 nos
1702 5488 1876 5552 exsolvere
1892 5504 1968 5549 cre·

318 5585 590 5658 Ulisbonensem,
620 5584 661 5646 ad
688 5601 786 5663 quem
823 5584 1052 5660 recipiendum
1078 5587 1114 5648 ut
1169 5588 1290 5660 dimus,
1307 5603 1381 5648 cnm
1397 5587 1450 5648 his
1464 5587 1584 5650 merita
1598 5601 1738 5663 quorum
1763 5586 1796 5648 id
1816 5585 1964 5661 exigunt,
