<?xml version="1.0" encoding="UTF-8"?>
<!DOCTYPE html PUBLIC "-//W3C//DTD XHTML 1.0 Transitional//EN"
    "http://www.w3.org/TR/xhtml1/DTD/xhtml1-transitional.dtd">
<html xmlns="http://www.w3.org/1999/xhtml" xml:lang="en" lang="en">
 <head>
  <title>
</title>
<meta http-equiv="Content-Type" content="text/html;charset=utf-8" />
  <meta name='ocr-system' content='tesseract 3.04.00' />
  <meta name='ocr-capabilities' content='ocr_page ocr_carea ocr_par ocr_line ocrx_word'/>
</head>
<body>
  <div class='ocr_page' id='page_1' title='image "./mediiaevibiblio03bottgoog_0106.png"; bbox 0 0 4280 6404; ppageno 0'>
   <div class='ocr_carea' id='block_1_1' title="bbox 193 299 248 358">
    <p class='ocr_par' dir='ltr' id='par_1_1' title="bbox 193 299 248 358">
     <span class='ocr_line' id='line_1_1' title="bbox 193 299 248 358; baseline 0.036 -3"><span class='ocrx_word' id='word_1_1' title='bbox 193 299 248 358; x_wconf 78' lang='lat'>189</span> 
     </span>
    </p>
   </div>
   <div class='ocr_carea' id='block_1_2' title="bbox 508 467 674 570">
    <p class='ocr_par' dir='ltr' id='par_1_2' title="bbox 508 467 674 570">
     <span class='ocr_line' id='line_1_2' title="bbox 508 467 674 570; baseline 0.006 -19"><span class='ocrx_word' id='word_1_2' title='bbox 508 467 674 570; x_wconf 74' lang='lat' dir='ltr'>CLXXX</span> 
     </span>
    </p>
   </div>
   <div class='ocr_carea' id='block_1_3' title="bbox 192 590 988 763">
    <p class='ocr_par' dir='ltr' id='par_1_3' title="bbox 192 590 988 763">
     <span class='ocr_line' id='line_1_3' title="bbox 192 590 988 665; baseline 0 -15"><span class='ocrx_word' id='word_1_3' title='bbox 192 591 244 650; x_wconf 80' lang='lat' dir='ltr'>Ad</span> <span class='ocrx_word' id='word_1_4' title='bbox 266 591 390 665; x_wconf 77' lang='lat' dir='ltr'>arpen.</span> <span class='ocrx_word' id='word_1_5' title='bbox 411 590 445 651; x_wconf 84' lang='lat' dir='ltr'>et</span> <span class='ocrx_word' id='word_1_6' title='bbox 465 592 736 665; x_wconf 73' lang='lat' dir='ltr'>Arsitpolttcaum</span> <span class='ocrx_word' id='word_1_7' title='bbox 757 593 930 664; x_wconf 73' lang='lat' dir='ltr'>episcopos</span> <span class='ocrx_word' id='word_1_8' title='bbox 953 591 988 651; x_wconf 85' lang='lat' dir='ltr'>et</span> 
     </span>
     <span class='ocr_line' id='line_1_4' title="bbox 392 689 786 763; baseline -0.005 -14"><span class='ocrx_word' id='word_1_9' title='bbox 392 689 603 749; x_wconf 79' lang='lat' dir='ltr'>coabbatem</span> <span class='ocrx_word' id='word_1_10' title='bbox 612 691 786 763; x_wconf 80' lang='lat' dir='ltr'>Horeplce.</span> 
     </span>
    </p>
   </div>
   <div class='ocr_carea' id='block_1_4' title="bbox 226 801 954 974">
    <p class='ocr_par' dir='ltr' id='par_1_4' title="bbox 226 801 954 974">
     <span class='ocr_line' id='line_1_5' title="bbox 484 801 689 875; baseline 0 -17"><span class='ocrx_word' id='word_1_11' title='bbox 484 801 502 858; x_wconf 76' lang='lat'>2</span> <span class='ocrx_word' id='word_1_12' title='bbox 518 801 597 875; x_wconf 81' lang='lat' dir='ltr'>april.</span> <span class='ocrx_word' id='word_1_13' title='bbox 611 801 689 858; x_wconf 76' lang='lat'><strong>1219.</strong></span> 
     </span>
     <span class='ocr_line' id='line_1_6' title="bbox 226 904 954 974; baseline -0.001 -17"><span class='ocrx_word' id='word_1_14' title='bbox 226 906 396 974; x_wconf 82' lang='lat' dir='ltr'>[Regest.,lib.</span> <span class='ocrx_word' id='word_1_15' title='bbox 407 907 452 969; x_wconf 90' lang='lat' dir='ltr'>lll,</span> <span class='ocrx_word' id='word_1_16' title='bbox 461 906 535 970; x_wconf 82' lang='lat' dir='ltr'>epist.</span> <span class='ocrx_word' id='word_1_17' title='bbox 553 905 608 956; x_wconf 75' lang='lat'>374.</span> <span class='ocrx_word' id='word_1_18' title='bbox 620 907 677 957; x_wconf 83' lang='lat' dir='ltr'>llss.</span> <span class='ocrx_word' id='word_1_19' title='bbox 688 907 725 957; x_wconf 86' lang='lat' dir='ltr'>La</span> <span class='ocrx_word' id='word_1_20' title='bbox 733 904 851 957; x_wconf 85' lang='lat' dir='ltr'>Portedu</span> <span class='ocrx_word' id='word_1_21' title='bbox 862 907 954 973; x_wconf 85' lang='lat' dir='ltr'>l&#39;beil.]</span> 
     </span>
    </p>
   </div>
   <div class='ocr_carea' id='block_1_5' title="bbox 192 1003 985 1168">
    <p class='ocr_par' dir='ltr' id='par_1_5' title="bbox 192 1003 985 1168">
     <span class='ocr_line' id='line_1_7' title="bbox 192 1003 985 1079; baseline 0 -15"><span class='ocrx_word' id='word_1_22' title='bbox 192 1006 308 1064; x_wconf 81' lang='lat' dir='ltr'>Mandat</span> <span class='ocrx_word' id='word_1_23' title='bbox 325 1011 357 1062; x_wconf 89' lang='lat' dir='ltr'>ut</span> <span class='ocrx_word' id='word_1_24' title='bbox 373 1008 584 1079; x_wconf 78' lang='lat' dir='ltr'>quamprimum</span> <span class='ocrx_word' id='word_1_25' title='bbox 611 1003 704 1064; x_wconf 82' lang='lat' dir='ltr'>debita</span> <span class='ocrx_word' id='word_1_26' title='bbox 726 1003 898 1063; x_wconf 77' lang='lat' dir='ltr'>indemnitas</span> <span class='ocrx_word' id='word_1_27' title='bbox 913 1021 985 1064; x_wconf 79' lang='lat' dir='ltr'>assi·</span> 
     </span>
     <span class='ocr_line' id='line_1_8' title="bbox 227 1093 929 1168; baseline 0.003 -18"><span class='ocrx_word' id='word_1_28' title='bbox 227 1101 331 1168; x_wconf 88' lang='lat' dir='ltr'>guetur</span> <span class='ocrx_word' id='word_1_29' title='bbox 345 1094 518 1152; x_wconf 90' lang='lat' dir='ltr'>monasterio</span> <span class='ocrx_word' id='word_1_30' title='bbox 534 1095 629 1152; x_wconf 87' lang='lat' dir='ltr'>Sancti</span> <span class='ocrx_word' id='word_1_31' title='bbox 639 1094 762 1153; x_wconf 82' lang='lat' dir='ltr'>Victoris</span> <span class='ocrx_word' id='word_1_32' title='bbox 774 1093 929 1153; x_wconf 80' lang='lat' dir='ltr'>Massiliae.</span> 
     </span>
    </p>
   </div>
   <div class='ocr_carea' id='block_1_6' title="bbox 232 1201 987 1280">
    <p class='ocr_par' dir='ltr' id='par_1_6' title="bbox 232 1201 987 1280">
     <span class='ocr_line' id='line_1_9' title="bbox 232 1201 987 1280; baseline 0.001 -18"><span class='ocrx_word' id='word_1_33' title='bbox 232 1203 411 1274; x_wconf 89' lang='lat' dir='ltr'>Honorius,</span> <span class='ocrx_word' id='word_1_34' title='bbox 441 1204 517 1276; x_wconf 80' lang='lat' dir='ltr'>etc,</span> <span class='ocrx_word' id='word_1_35' title='bbox 554 1205 676 1279; x_wconf 84' lang='lat' dir='ltr'>Regen.</span> <span class='ocrx_word' id='word_1_36' title='bbox 702 1203 735 1266; x_wconf 90' lang='lat' dir='ltr'>et</span> <span class='ocrx_word' id='word_1_37' title='bbox 761 1201 987 1280; x_wconf 69' lang='lat' dir='ltr'>antipolitano</span> 
     </span>
    </p>
   </div>
   <div class='ocr_carea' id='block_1_7' title="bbox 191 1298 1047 1377">
    <p class='ocr_par' dir='ltr' id='par_1_7' title="bbox 191 1298 1047 1377">
     <span class='ocr_line' id='line_1_10' title="bbox 191 1298 1047 1377; baseline 0 -17"><span class='ocrx_word' id='word_1_38' title='bbox 191 1299 356 1377; x_wconf 88' lang='lat' dir='ltr'>episcopis</span> <span class='ocrx_word' id='word_1_39' title='bbox 380 1300 413 1362; x_wconf 90' lang='lat' dir='ltr'>et</span> <span class='ocrx_word' id='word_1_40' title='bbox 444 1299 563 1362; x_wconf 89' lang='lat' dir='ltr'>dilecto</span> <span class='ocrx_word' id='word_1_41' title='bbox 593 1299 661 1361; x_wconf 87' lang='lat' dir='ltr'>illio</span> <span class='ocrx_word' id='word_1_42' title='bbox 688 1298 800 1361; x_wconf 86' lang='lat' dir='ltr'>abbati</span> <span class='ocrx_word' id='word_1_43' title='bbox 834 1300 987 1376; x_wconf 85' lang='lat' dir='ltr'>Horegiae</span> <span class='ocrx_word' id='word_1_44' title='bbox 1045 1355 1047 1360; x_wconf 73' lang='grc'><strong>,</strong></span> 
     </span>
    </p>
   </div>
   <div class='ocr_carea' id='block_1_8' title="bbox 193 1395 991 1864">
    <p class='ocr_par' dir='ltr' id='par_1_8' title="bbox 194 1395 574 1473">
     <span class='ocr_line' id='line_1_11' title="bbox 194 1395 574 1473; baseline -0.005 -15"><span class='ocrx_word' id='word_1_45' title='bbox 194 1397 396 1473; x_wconf 80' lang='lat' dir='ltr'>ForoJulien.</span> <span class='ocrx_word' id='word_1_46' title='bbox 412 1395 574 1458; x_wconf 87' lang='lat' dir='ltr'>dioecesis.</span> 
     </span>
    </p>

    <p class='ocr_par' dir='ltr' id='par_1_9' title="bbox 193 1492 991 1864">
     <span class='ocr_line' id='line_1_12' title="bbox 233 1492 987 1556; baseline -0.001 -1"><span class='ocrx_word' id='word_1_47' title='bbox 233 1492 352 1555; x_wconf 87' lang='lat' dir='ltr'>Dilecti</span> <span class='ocrx_word' id='word_1_48' title='bbox 368 1493 468 1554; x_wconf 87' lang='lat' dir='ltr'>fllii...</span> <span class='ocrx_word' id='word_1_49' title='bbox 485 1494 587 1555; x_wconf 89' lang='lat' dir='ltr'>abhas</span> <span class='ocrx_word' id='word_1_50' title='bbox 603 1495 635 1556; x_wconf 90' lang='lat' dir='ltr'>et</span> <span class='ocrx_word' id='word_1_51' title='bbox 650 1495 831 1556; x_wconf 88' lang='lat' dir='ltr'>conventus</span> <span class='ocrx_word' id='word_1_52' title='bbox 849 1509 987 1554; x_wconf 89' lang='lat' dir='ltr'>monas-</span> 
     </span>
     <span class='ocr_line' id='line_1_13' title="bbox 193 1590 989 1653; baseline -0.004 0"><span class='ocrx_word' id='word_1_53' title='bbox 193 1593 270 1653; x_wconf 89' lang='lat' dir='ltr'>terii</span> <span class='ocrx_word' id='word_1_54' title='bbox 291 1593 323 1651; x_wconf 88' lang='lat' dir='ltr'>S.</span> <span class='ocrx_word' id='word_1_55' title='bbox 346 1591 492 1653; x_wconf 83' lang='lat' dir='ltr'>Victoris</span> <span class='ocrx_word' id='word_1_56' title='bbox 515 1591 696 1652; x_wconf 86' lang='lat' dir='ltr'>Massilien.</span> <span class='ocrx_word' id='word_1_57' title='bbox 722 1591 870 1653; x_wconf 78' lang='lat' dir='ltr'>exhibita</span> <span class='ocrx_word' id='word_1_58' title='bbox 894 1590 989 1652; x_wconf 88' lang='lat' dir='ltr'>nobis</span> 
     </span>
     <span class='ocr_line' id='line_1_14' title="bbox 194 1687 991 1766; baseline -0.001 -17"><span class='ocrx_word' id='word_1_59' title='bbox 194 1688 352 1765; x_wconf 87' lang='lat' dir='ltr'>petitione</span> <span class='ocrx_word' id='word_1_60' title='bbox 366 1689 602 1761; x_wconf 87' lang='lat' dir='ltr'>monstrarunt,</span> <span class='ocrx_word' id='word_1_61' title='bbox 613 1689 699 1766; x_wconf 85' lang='lat' dir='ltr'>quod</span> <span class='ocrx_word' id='word_1_62' title='bbox 710 1705 785 1750; x_wconf 85' lang='lat' dir='ltr'>cum</span> <span class='ocrx_word' id='word_1_63' title='bbox 797 1687 904 1751; x_wconf 89' lang='lat' dir='ltr'>felicis</span> <span class='ocrx_word' id='word_1_64' title='bbox 920 1702 991 1748; x_wconf 90' lang='lat' dir='ltr'>me-</span> 
     </span>
     <span class='ocr_line' id='line_1_15' title="bbox 194 1786 988 1864; baseline -0.003 -18"><span class='ocrx_word' id='word_1_65' title='bbox 194 1787 309 1847; x_wconf 88' lang='lat' dir='ltr'>moriae</span> <span class='ocrx_word' id='word_1_66' title='bbox 325 1787 536 1849; x_wconf 80' lang='lat' dir='ltr'>Innocentius</span> <span class='ocrx_word' id='word_1_67' title='bbox 549 1802 646 1864; x_wconf 90' lang='lat' dir='ltr'>papa,</span> <span class='ocrx_word' id='word_1_68' title='bbox 662 1786 888 1864; x_wconf 87' lang='lat' dir='ltr'>praedecessor</span> <span class='ocrx_word' id='word_1_69' title='bbox 907 1801 988 1845; x_wconf 90' lang='lat' dir='ltr'>nos-</span> 
     </span>
    </p>
   </div>
   <div class='ocr_carea' id='block_1_9' title="bbox 807 290 1218 358">
    <p class='ocr_par' dir='ltr' id='par_1_10' title="bbox 807 290 1218 358">
     <span class='ocr_line' id='line_1_16' title="bbox 807 290 1218 358; baseline 0 -2"><span class='ocrx_word' id='word_1_70' title='bbox 807 290 1036 358; x_wconf 75' lang='lat' dir='ltr'><strong>EPISTOLAE.</strong></span> <span class='ocrx_word' id='word_1_71' title='bbox 1060 297 1138 357; x_wconf 88' lang='lat' dir='ltr'><strong>LIB.</strong></span> <span class='ocrx_word' id='word_1_72' title='bbox 1161 297 1218 358; x_wconf 87' lang='grc' dir='ltr'><strong>ΙΙΙ.</strong></span> 
     </span>
    </p>
   </div>
   <div class='ocr_carea' id='block_1_10' title="bbox 1776 303 1834 364">
    <p class='ocr_par' dir='ltr' id='par_1_11' title="bbox 1776 303 1834 364">
     <span class='ocr_line' id='line_1_17' title="bbox 1776 303 1834 364; baseline 0 0"><span class='ocrx_word' id='word_1_73' title='bbox 1776 303 1834 364; x_wconf 81' lang='lat' dir='ltr'>loo</span> 
     </span>
    </p>
   </div>
   <div class='ocr_carea' id='block_1_11' title="bbox 1042 449 1900 732">
    <p class='ocr_par' dir='ltr' id='par_1_12' title="bbox 1042 431 1900 732">
     <span class='ocr_line' id='line_1_18' title="bbox 1043 449 1900 547; baseline 0.008 -27"><span class='ocrx_word' id='word_1_74' title='bbox 1043 457 1083 520; x_wconf 91' lang='lat' dir='ltr'>de</span> <span class='ocrx_word' id='word_1_75' title='bbox 1108 457 1332 520; x_wconf 80' lang='lat' dir='ltr'>inobedientia</span> <span class='ocrx_word' id='word_1_76' title='bbox 1351 458 1562 538; x_wconf 81' lang='lat' dir='ltr'>reprebendi,</span> <span class='ocrx_word' id='word_1_77' title='bbox 1586 461 1643 524; x_wconf 89' lang='lat' dir='ltr'>sad</span> <span class='ocrx_word' id='word_1_78' title='bbox 1659 461 1767 538; x_wconf 85' lang='lat' dir='ltr'>potius</span> <span class='ocrx_word' id='word_1_79' title='bbox 1791 464 1833 547; x_wconf 76' lang='lat' dir='ltr'>dp</span> <span class='ocrx_word' id='word_1_80' title='bbox 1894 449 1900 463; x_wconf 60' lang='grc'><strong>“</strong></span> 
     </span>
     <span class='ocr_line' id='line_1_19' title="bbox 1042 555 1834 628; baseline 0.015 -12"><span class='ocrx_word' id='word_1_81' title='bbox 1042 555 1228 619; x_wconf 85' lang='lat' dir='ltr'>obedientia</span> <span class='ocrx_word' id='word_1_82' title='bbox 1250 556 1444 620; x_wconf 88' lang='lat' dir='ltr'>mereamini</span> <span class='ocrx_word' id='word_1_83' title='bbox 1464 559 1697 622; x_wconf 87' lang='lat' dir='ltr'>commendari.</span> <span class='ocrx_word' id='word_1_84' title='bbox 1714 562 1834 628; x_wconf 79' lang='lat' dir='ltr'>natum</span> 
     </span>
     <span class='ocr_line' id='line_1_20' title="bbox 1043 653 1791 732; baseline 0.008 -18"><span class='ocrx_word' id='word_1_85' title='bbox 1043 653 1198 716; x_wconf 81' lang='lat' dir='ltr'>Laterani</span> <span class='ocrx_word' id='word_1_86' title='bbox 1213 654 1436 731; x_wconf 79' lang='lat' dir='ltr'>quartanariis</span> <span class='ocrx_word' id='word_1_87' title='bbox 1451 655 1567 732; x_wconf 87' lang='lat' dir='ltr'>aprilis</span> <span class='ocrx_word' id='word_1_88' title='bbox 1580 671 1668 721; x_wconf 88' lang='lat' dir='ltr'>anuo</span> <span class='ocrx_word' id='word_1_89' title='bbox 1682 658 1791 720; x_wconf 87' lang='lat' dir='ltr'>tertio.</span> 
     </span>
    </p>
   </div>
   <div class='ocr_carea' id='block_1_12' title="bbox 1343 813 1531 906">
    <p class='ocr_par' dir='ltr' id='par_1_13' title="bbox 1343 813 1531 906">
     <span class='ocr_line' id='line_1_21' title="bbox 1343 813 1531 906; baseline 0.005 -4"><span class='ocrx_word' id='word_1_90' title='bbox 1343 813 1531 906; x_wconf 79' lang='lat' dir='ltr'>CLXXXI</span> 
     </span>
    </p>
   </div>
   <div class='ocr_carea' id='block_1_13' title="bbox 964 947 1836 1024">
    <p class='ocr_par' dir='ltr' id='par_1_14' title="bbox 964 947 1836 1024">
     <span class='ocr_line' id='line_1_22' title="bbox 964 947 1836 1024; baseline 0.007 -15"><span class='ocrx_word' id='word_1_91' title='bbox 964 1006 969 1017; x_wconf 85' lang='grc'><strong>,</strong></span> <span class='ocrx_word' id='word_1_92' title='bbox 1042 950 1093 1010; x_wconf 76' lang='lat' dir='ltr'>Ad</span> <span class='ocrx_word' id='word_1_93' title='bbox 1115 947 1304 1018; x_wconf 80' lang='lat' dir='ltr'>cantorem,</span> <span class='ocrx_word' id='word_1_94' title='bbox 1326 949 1513 1024; x_wconf 79' lang='lat' dir='ltr'>maptrtroa</span> <span class='ocrx_word' id='word_1_95' title='bbox 1531 954 1646 1014; x_wconf 77' lang='lat' dir='ltr'>Zacca</span> <span class='ocrx_word' id='word_1_96' title='bbox 1669 952 1702 1014; x_wconf 82' lang='lat' dir='ltr'>ei</span> <span class='ocrx_word' id='word_1_97' title='bbox 1720 956 1836 1018; x_wconf 74' lang='lat' dir='ltr'>Rauen</span> 
     </span>
    </p>
   </div>
   <div class='ocr_carea' id='block_1_14' title="bbox 1200 1048 1675 1111">
    <p class='ocr_par' dir='ltr' id='par_1_15' title="bbox 1200 1048 1675 1111">
     <span class='ocr_line' id='line_1_23' title="bbox 1200 1048 1675 1111; baseline 0.015 -7"><span class='ocrx_word' id='word_1_98' title='bbox 1200 1048 1382 1106; x_wconf 76' lang='lat' dir='ltr'>certantem</span> <span class='ocrx_word' id='word_1_99' title='bbox 1391 1048 1675 1111; x_wconf 74' lang='lat' dir='ltr'>cenomanenses.</span> 
     </span>
    </p>
   </div>
   <div class='ocr_carea' id='block_1_15' title="bbox 1212 1159 1549 1232">
    <p class='ocr_par' dir='ltr' id='par_1_16' title="bbox 1212 1159 1549 1232">
     <span class='ocr_line' id='line_1_24' title="bbox 1212 1159 1549 1232; baseline -0.006 -16"><span class='ocrx_word' id='word_1_100' title='bbox 1212 1163 1213 1166; x_wconf 39' lang='lat'>¹</span> <span class='ocrx_word' id='word_1_101' title='bbox 1329 1159 1549 1232; x_wconf 72' lang='lat' dir='ltr'>sapmmna</span> 
     </span>
    </p>
   </div>
   <div class='ocr_carea' id='block_1_16' title="bbox 1043 1262 1837 1841">
    <p class='ocr_par' dir='ltr' id='par_1_17' title="bbox 1096 1262 1782 1410">
     <span class='ocr_line' id='line_1_25' title="bbox 1096 1262 1782 1333; baseline 0.007 -19"><span class='ocrx_word' id='word_1_102' title='bbox 1096 1262 1232 1328; x_wconf 74' lang='lat' dir='ltr'>[Bouguet</span> <span class='ocrx_word' id='word_1_103' title='bbox 1243 1264 1302 1316; x_wconf 82' lang='lat' dir='ltr'>Rec.</span> <span class='ocrx_word' id='word_1_104' title='bbox 1313 1264 1359 1314; x_wconf 89' lang='lat' dir='ltr'>des</span> <span class='ocrx_word' id='word_1_105' title='bbox 1369 1265 1444 1324; x_wconf 77' lang='lat' dir='ltr'>llist,</span> <span class='ocrx_word' id='word_1_106' title='bbox 1459 1271 1479 1315; x_wconf 88' lang='lat' dir='ltr'>t.</span> <span class='ocrx_word' id='word_1_107' title='bbox 1492 1267 1559 1325; x_wconf 79' lang='lat' dir='ltr'>xlx,</span> <span class='ocrx_word' id='word_1_108' title='bbox 1571 1281 1598 1331; x_wconf 87' lang='lat' dir='ltr'>p.</span> <span class='ocrx_word' id='word_1_109' title='bbox 1606 1267 1662 1318; x_wconf 71' lang='grc'>680.</span> <span class='ocrx_word' id='word_1_110' title='bbox 1673 1267 1782 1333; x_wconf 67' lang='lat' dir='ltr'>Regem..</span> 
     </span>
     <span class='ocr_line' id='line_1_26' title="bbox 1323 1343 1553 1410; baseline -0.004 -15"><span class='ocrx_word' id='word_1_111' title='bbox 1323 1343 1553 1410; x_wconf 57' lang='lat' dir='ltr'>mmmm]</span> 
     </span>
    </p>

    <p class='ocr_par' dir='ltr' id='par_1_18' title="bbox 1043 1433 1836 1504">
     <span class='ocr_line' id='line_1_27' title="bbox 1043 1433 1836 1504; baseline 0.006 -13"><span class='ocrx_word' id='word_1_112' title='bbox 1043 1433 1168 1501; x_wconf 87' lang='lat' dir='ltr'>Petrum,</span> <span class='ocrx_word' id='word_1_113' title='bbox 1184 1433 1336 1490; x_wconf 75' lang='lat' dir='ltr'>miurus</span> <span class='ocrx_word' id='word_1_114' title='bbox 1350 1433 1495 1504; x_wconf 82' lang='lat' dir='ltr'>comitem,</span> <span class='ocrx_word' id='word_1_115' title='bbox 1517 1434 1584 1492; x_wconf 86' lang='lat' dir='ltr'>olim</span> <span class='ocrx_word' id='word_1_116' title='bbox 1603 1438 1836 1502; x_wconf 74' lang='lat' dir='ltr'>excommunica·</span> 
     </span>
    </p>

    <p class='ocr_par' dir='ltr' id='par_1_19' title="bbox 1078 1519 1837 1590">
     <span class='ocr_line' id='line_1_28' title="bbox 1078 1519 1837 1590; baseline 0.009 -14"><span class='ocrx_word' id='word_1_117' title='bbox 1078 1519 1247 1590; x_wconf 73' lang='lat' dir='ltr'>natumsed</span> <span class='ocrx_word' id='word_1_118' title='bbox 1260 1535 1336 1578; x_wconf 90' lang='lat' dir='ltr'>nunc</span> <span class='ocrx_word' id='word_1_119' title='bbox 1345 1536 1410 1580; x_wconf 88' lang='lat' dir='ltr'>cum</span> <span class='ocrx_word' id='word_1_120' title='bbox 1421 1524 1597 1580; x_wconf 85' lang='lat' dir='ltr'>Nannetensi</span> <span class='ocrx_word' id='word_1_121' title='bbox 1606 1524 1726 1582; x_wconf 88' lang='lat' dir='ltr'>ecclesia</span> <span class='ocrx_word' id='word_1_122' title='bbox 1738 1539 1837 1583; x_wconf 80' lang='lat' dir='ltr'>recon-</span> 
     </span>
    </p>

    <p class='ocr_par' dir='ltr' id='par_1_20' title="bbox 1078 1607 1837 1681">
     <span class='ocr_line' id='line_1_29' title="bbox 1078 1607 1837 1681; baseline 0.012 -18"><span class='ocrx_word' id='word_1_123' title='bbox 1078 1607 1214 1679; x_wconf 87' lang='lat' dir='ltr'>ciliatum,</span> <span class='ocrx_word' id='word_1_124' title='bbox 1229 1609 1373 1681; x_wconf 84' lang='lat' dir='ltr'>signifieat</span> <span class='ocrx_word' id='word_1_125' title='bbox 1397 1612 1538 1667; x_wconf 89' lang='lat' dir='ltr'>Honorius</span> <span class='ocrx_word' id='word_1_126' title='bbox 1554 1612 1749 1670; x_wconf 85' lang='lat' dir='ltr'>communioni</span> <span class='ocrx_word' id='word_1_127' title='bbox 1764 1613 1837 1672; x_wconf 59' lang='lat' dir='ltr'>fides</span> 
     </span>
    </p>

    <p class='ocr_par' dir='ltr' id='par_1_21' title="bbox 1079 1696 1835 1775">
     <span class='ocr_line' id='line_1_30' title="bbox 1079 1696 1835 1775; baseline 0.011 -23"><span class='ocrx_word' id='word_1_128' title='bbox 1079 1696 1147 1752; x_wconf 92' lang='lat' dir='ltr'>lium</span> <span class='ocrx_word' id='word_1_129' title='bbox 1158 1697 1362 1755; x_wconf 87' lang='lat' dir='ltr'>restituendum</span> <span class='ocrx_word' id='word_1_130' title='bbox 1369 1697 1539 1758; x_wconf 87' lang='lat' dir='ltr'>etadversus</span> <span class='ocrx_word' id='word_1_131' title='bbox 1546 1699 1716 1774; x_wconf 83' lang='lat' dir='ltr'>Albigenses</span> <span class='ocrx_word' id='word_1_132' title='bbox 1724 1700 1835 1775; x_wconf 86' lang='lat' dir='ltr'>profec-</span> 
     </span>
    </p>

    <p class='ocr_par' dir='ltr' id='par_1_22' title="bbox 1079 1791 1182 1841">
     <span class='ocr_line' id='line_1_31' title="bbox 1079 1791 1182 1841; baseline 0 0"><span class='ocrx_word' id='word_1_133' title='bbox 1079 1791 1182 1841; x_wconf 91' lang='lat' dir='ltr'>turum.</span> 
     </span>
    </p>
   </div>
   <div class='ocr_carea' id='block_1_17' title="bbox 193 1882 1838 2064">
    <p class='ocr_par' dir='ltr' id='par_1_23' title="bbox 193 1882 1838 2064">
     <span class='ocr_line' id='line_1_32' title="bbox 193 1882 1835 1968; baseline 0.005 -22"><span class='ocrx_word' id='word_1_134' title='bbox 193 1885 255 1956; x_wconf 81' lang='lat' dir='ltr'>ter,</span> <span class='ocrx_word' id='word_1_135' title='bbox 271 1882 366 1944; x_wconf 88' lang='lat' dir='ltr'>bonae</span> <span class='ocrx_word' id='word_1_136' title='bbox 387 1884 555 1945; x_wconf 88' lang='lat' dir='ltr'>memoriae</span> <span class='ocrx_word' id='word_1_137' title='bbox 571 1884 728 1945; x_wconf 90' lang='lat' dir='ltr'>Recelino</span> <span class='ocrx_word' id='word_1_138' title='bbox 743 1882 889 1968; x_wconf 85' lang='lat' dir='ltr'>ejusdem</span> <span class='ocrx_word' id='word_1_139' title='bbox 913 1898 988 1944; x_wconf 89' lang='lat' dir='ltr'>mo·</span> <span class='ocrx_word' id='word_1_140' title='bbox 1083 1889 1753 1968; x_wconf 83' lang='lat' dir='ltr'>Honoriusepiscopus,servusservorum</span> <span class='ocrx_word' id='word_1_141' title='bbox 1763 1894 1835 1962; x_wconf 86' lang='lat' dir='ltr'>Dei.</span> 
     </span>
     <span class='ocr_line' id='line_1_33' title="bbox 194 1979 1838 2064; baseline 0.007 -24"><span class='ocrx_word' id='word_1_142' title='bbox 194 1980 334 2042; x_wconf 89' lang='lat' dir='ltr'>nasterii</span> <span class='ocrx_word' id='word_1_143' title='bbox 358 1981 521 2042; x_wconf 86' lang='lat' dir='ltr'>monacho</span> <span class='ocrx_word' id='word_1_144' title='bbox 543 1980 688 2043; x_wconf 78' lang='lat' dir='ltr'>dedisset</span> <span class='ocrx_word' id='word_1_145' title='bbox 718 1981 787 2042; x_wconf 89' lang='lat' dir='ltr'>suis</span> <span class='ocrx_word' id='word_1_146' title='bbox 810 1979 930 2042; x_wconf 89' lang='lat' dir='ltr'>litteris</span> <span class='ocrx_word' id='word_1_147' title='bbox 953 1979 988 2040; x_wconf 92' lang='lat' dir='ltr'>in</span> <span class='ocrx_word' id='word_1_148' title='bbox 1045 1985 1172 2048; x_wconf 88' lang='lat' dir='ltr'>dilectis</span> <span class='ocrx_word' id='word_1_149' title='bbox 1205 1986 1283 2047; x_wconf 85' lang='lat' dir='ltr'>filiis</span> <span class='ocrx_word' id='word_1_150' title='bbox 1311 1987 1451 2060; x_wconf 85' lang='lat' dir='ltr'>cantori,</span> <span class='ocrx_word' id='word_1_151' title='bbox 1473 1989 1641 2064; x_wconf 76' lang='lat' dir='ltr'>magistris</span> <span class='ocrx_word' id='word_1_152' title='bbox 1666 1990 1778 2052; x_wconf 85' lang='lat' dir='ltr'>Zuello</span> <span class='ocrx_word' id='word_1_153' title='bbox 1804 1992 1838 2052; x_wconf 88' lang='lat' dir='ltr'>et</span> 
     </span>
    </p>
   </div>
   <div class='ocr_carea' id='block_1_18' title="bbox 197 2076 1835 2158">
    <p class='ocr_par' dir='ltr' id='par_1_24' title="bbox 197 2076 1835 2158">
     <span class='ocr_line' id='line_1_34' title="bbox 197 2076 1835 2158; baseline 0.006 -20"><span class='ocrx_word' id='word_1_154' title='bbox 197 2077 373 2149; x_wconf 72' lang='lat' dir='ltr'>mandatis</span> <span class='ocrx_word' id='word_1_155' title='bbox 385 2078 707 2156; x_wconf 80' lang='lat' dir='ltr'>utjuxtaconsilium</span> <span class='ocrx_word' id='word_1_156' title='bbox 716 2076 811 2138; x_wconf 75' lang='lat' dir='ltr'>bonae</span> <span class='ocrx_word' id='word_1_157' title='bbox 822 2076 989 2137; x_wconf 80' lang='lat' dir='ltr'>memoriae</span> <span class='ocrx_word' id='word_1_158' title='bbox 1045 2082 1157 2143; x_wconf 87' lang='lat' dir='ltr'>Raher</span> <span class='ocrx_word' id='word_1_159' title='bbox 1171 2083 1340 2144; x_wconf 89' lang='lat' dir='ltr'>canonicis</span> <span class='ocrx_word' id='word_1_160' title='bbox 1355 2083 1669 2158; x_wconf 76' lang='lat' dir='ltr'>cenomanensibus,</span> <span class='ocrx_word' id='word_1_161' title='bbox 1683 2087 1835 2150; x_wconf 87' lang='lat' dir='ltr'>salutem.</span> 
     </span>
    </p>
   </div>
   <div class='ocr_carea' id='block_1_19' title="bbox 195 2175 995 4884">
    <p class='ocr_par' dir='ltr' id='par_1_25' title="bbox 195 2175 995 4884">
     <span class='ocr_line' id='line_1_35' title="bbox 195 2175 990 2254; baseline -0.005 -16"><span class='ocrx_word' id='word_1_162' title='bbox 195 2176 476 2254; x_wconf 87' lang='lat' dir='ltr'>praedecessorum</span> <span class='ocrx_word' id='word_1_163' title='bbox 490 2176 731 2238; x_wconf 89' lang='lat' dir='ltr'>venerabilium</span> <span class='ocrx_word' id='word_1_164' title='bbox 754 2175 894 2237; x_wconf 88' lang='lat' dir='ltr'>fratrum</span> <span class='ocrx_word' id='word_1_165' title='bbox 912 2191 990 2237; x_wconf 91' lang='lat' dir='ltr'>nos·</span> 
     </span>
     <span class='ocr_line' id='line_1_36' title="bbox 195 2272 987 2351; baseline -0.005 -16"><span class='ocrx_word' id='word_1_166' title='bbox 195 2277 323 2336; x_wconf 88' lang='lat' dir='ltr'>trorum</span> <span class='ocrx_word' id='word_1_167' title='bbox 327 2317 387 2334; x_wconf 92' lang='grc'><strong>.....</strong></span> <span class='ocrx_word' id='word_1_168' title='bbox 408 2273 617 2336; x_wconf 86' lang='lat' dir='ltr'>Ebredunen.</span> <span class='ocrx_word' id='word_1_169' title='bbox 634 2272 875 2351; x_wconf 87' lang='lat' dir='ltr'>archiepiscopi</span> <span class='ocrx_word' id='word_1_170' title='bbox 893 2274 926 2334; x_wconf 91' lang='lat' dir='ltr'>et</span> <span class='ocrx_word' id='word_1_171' title='bbox 928 2315 987 2333; x_wconf 90' lang='grc'><strong>.....</strong></span> 
     </span>
     <span class='ocr_line' id='line_1_37' title="bbox 198 2368 987 2448; baseline -0.005 -16"><span class='ocrx_word' id='word_1_172' title='bbox 198 2371 327 2433; x_wconf 84' lang='lat' dir='ltr'>Uticen.</span> <span class='ocrx_word' id='word_1_173' title='bbox 350 2371 509 2448; x_wconf 84' lang='lat' dir='ltr'>episcopi,</span> <span class='ocrx_word' id='word_1_174' title='bbox 533 2373 566 2432; x_wconf 91' lang='lat' dir='ltr'>et</span> <span class='ocrx_word' id='word_1_175' title='bbox 590 2373 709 2444; x_wconf 89' lang='lat' dir='ltr'>tecum,</span> <span class='ocrx_word' id='word_1_176' title='bbox 735 2368 838 2433; x_wconf 88' lang='lat' dir='ltr'>frater</span> <span class='ocrx_word' id='word_1_177' title='bbox 864 2373 987 2446; x_wconf 86' lang='lat' dir='ltr'>Regen.</span> 
     </span>
     <span class='ocr_line' id='line_1_38' title="bbox 196 2465 991 2546; baseline -0.003 -17"><span class='ocrx_word' id='word_1_178' title='bbox 196 2469 361 2546; x_wconf 85' lang='lat' dir='ltr'>episcope,</span> <span class='ocrx_word' id='word_1_179' title='bbox 377 2485 452 2530; x_wconf 90' lang='lat' dir='ltr'>cum</span> <span class='ocrx_word' id='word_1_180' title='bbox 476 2467 703 2530; x_wconf 84' lang='lat' dir='ltr'>cohaeredibus</span> <span class='ocrx_word' id='word_1_181' title='bbox 717 2467 786 2528; x_wconf 90' lang='lat' dir='ltr'>suis</span> <span class='ocrx_word' id='word_1_182' title='bbox 802 2469 924 2529; x_wconf 90' lang='lat' dir='ltr'>terram</span> <span class='ocrx_word' id='word_1_183' title='bbox 939 2465 991 2527; x_wconf 93' lang='lat' dir='ltr'>di·</span> 
     </span>
     <span class='ocr_line' id='line_1_39' title="bbox 197 2564 989 2644; baseline -0.005 -16"><span class='ocrx_word' id='word_1_184' title='bbox 197 2567 336 2640; x_wconf 88' lang='lat' dir='ltr'>videret,</span> <span class='ocrx_word' id='word_1_185' title='bbox 369 2567 402 2629; x_wconf 88' lang='lat' dir='ltr'>et</span> <span class='ocrx_word' id='word_1_186' title='bbox 429 2566 469 2628; x_wconf 90' lang='lat' dir='ltr'>de</span> <span class='ocrx_word' id='word_1_187' title='bbox 494 2565 645 2644; x_wconf 90' lang='lat' dir='ltr'>portione</span> <span class='ocrx_word' id='word_1_188' title='bbox 674 2582 747 2644; x_wconf 87' lang='lat' dir='ltr'>quae</span> <span class='ocrx_word' id='word_1_189' title='bbox 773 2564 882 2642; x_wconf 91' lang='lat' dir='ltr'>ipsum</span> <span class='ocrx_word' id='word_1_190' title='bbox 905 2580 989 2626; x_wconf 90' lang='lat' dir='ltr'>con-</span> 
     </span>
     <span class='ocr_line' id='line_1_40' title="bbox 199 2661 991 2742; baseline 0.004 -17"><span class='ocrx_word' id='word_1_191' title='bbox 199 2665 344 2740; x_wconf 85' lang='lat' dir='ltr'>tingeret</span> <span class='ocrx_word' id='word_1_192' title='bbox 369 2661 526 2742; x_wconf 88' lang='lat' dir='ltr'>praedicto</span> <span class='ocrx_word' id='word_1_193' title='bbox 551 2663 753 2726; x_wconf 89' lang='lat' dir='ltr'>monasterio</span> <span class='ocrx_word' id='word_1_194' title='bbox 773 2664 900 2740; x_wconf 89' lang='lat' dir='ltr'>partem</span> <span class='ocrx_word' id='word_1_195' title='bbox 926 2661 991 2728; x_wconf 87' lang='lat' dir='ltr'>ali-</span> 
     </span>
     <span class='ocr_line' id='line_1_41' title="bbox 197 2759 990 2840; baseline -0.006 -18"><span class='ocrx_word' id='word_1_196' title='bbox 197 2779 296 2840; x_wconf 89' lang='lat' dir='ltr'>quam</span> <span class='ocrx_word' id='word_1_197' title='bbox 335 2776 515 2840; x_wconf 81' lang='lat' dir='ltr'>congruam</span> <span class='ocrx_word' id='word_1_198' title='bbox 554 2761 750 2837; x_wconf 87' lang='lat' dir='ltr'>assignarat,</span> <span class='ocrx_word' id='word_1_199' title='bbox 782 2759 822 2820; x_wconf 93' lang='lat' dir='ltr'>de</span> <span class='ocrx_word' id='word_1_200' title='bbox 857 2759 990 2820; x_wconf 89' lang='lat' dir='ltr'>residuo</span> 
     </span>
     <span class='ocr_line' id='line_1_42' title="bbox 199 2851 991 2935; baseline -0.005 -16"><span class='ocrx_word' id='word_1_201' title='bbox 199 2851 298 2920; x_wconf 80' lang='lat' dir='ltr'>terrae</span> <span class='ocrx_word' id='word_1_202' title='bbox 323 2858 552 2921; x_wconf 78' lang='lat' dir='ltr'>satisfacturus</span> <span class='ocrx_word' id='word_1_203' title='bbox 573 2875 632 2935; x_wconf 89' lang='lat' dir='ltr'>pro</span> <span class='ocrx_word' id='word_1_204' title='bbox 652 2855 877 2919; x_wconf 84' lang='lat' dir='ltr'>satisfactione</span> <span class='ocrx_word' id='word_1_205' title='bbox 899 2855 991 2916; x_wconf 87' lang='lat' dir='ltr'>debi-</span> 
     </span>
     <span class='ocr_line' id='line_1_43' title="bbox 197 2956 992 3030; baseline -0.004 -13"><span class='ocrx_word' id='word_1_206' title='bbox 197 2959 307 3018; x_wconf 91' lang='lat' dir='ltr'>torum</span> <span class='ocrx_word' id='word_1_207' title='bbox 328 2973 474 3027; x_wconf 85' lang='lat' dir='ltr'>suorum,</span> <span class='ocrx_word' id='word_1_208' title='bbox 499 2973 572 3018; x_wconf 92' lang='lat' dir='ltr'>cum</span> <span class='ocrx_word' id='word_1_209' title='bbox 591 2958 646 3019; x_wconf 91' lang='lat' dir='ltr'>tua</span> <span class='ocrx_word' id='word_1_210' title='bbox 670 2956 772 3017; x_wconf 91' lang='lat' dir='ltr'>frater</span> <span class='ocrx_word' id='word_1_211' title='bbox 793 2957 916 3030; x_wconf 87' lang='lat' dir='ltr'>Regen.</span> <span class='ocrx_word' id='word_1_212' title='bbox 933 2969 992 3014; x_wconf 94' lang='lat' dir='ltr'>eo-</span> 
     </span>
     <span class='ocr_line' id='line_1_44' title="bbox 198 3051 990 3132; baseline -0.004 -18"><span class='ocrx_word' id='word_1_213' title='bbox 198 3054 349 3114; x_wconf 86' lang='lat' dir='ltr'>rumdem</span> <span class='ocrx_word' id='word_1_214' title='bbox 381 3054 623 3132; x_wconf 87' lang='lat' dir='ltr'>archiepiscopi</span> <span class='ocrx_word' id='word_1_215' title='bbox 646 3055 679 3114; x_wconf 94' lang='lat' dir='ltr'>et</span> <span class='ocrx_word' id='word_1_216' title='bbox 703 3051 849 3130; x_wconf 88' lang='lat' dir='ltr'>episcopi</span> <span class='ocrx_word' id='word_1_217' title='bbox 874 3068 913 3112; x_wconf 92' lang='lat' dir='ltr'>ac</span> <span class='ocrx_word' id='word_1_218' title='bbox 916 3095 990 3111; x_wconf 93' lang='grc'><strong>......</strong></span> 
     </span>
     <span class='ocr_line' id='line_1_45' title="bbox 201 3148 992 3226; baseline -0.001 -14"><span class='ocrx_word' id='word_1_219' title='bbox 201 3151 329 3214; x_wconf 90' lang='lat' dir='ltr'>abbatis</span> <span class='ocrx_word' id='word_1_220' title='bbox 355 3151 407 3212; x_wconf 87' lang='lat' dir='ltr'>sui</span> <span class='ocrx_word' id='word_1_221' title='bbox 433 3149 644 3214; x_wconf 89' lang='lat' dir='ltr'>conniventia</span> <span class='ocrx_word' id='word_1_222' title='bbox 668 3149 702 3212; x_wconf 88' lang='lat' dir='ltr'>et</span> <span class='ocrx_word' id='word_1_223' title='bbox 728 3165 878 3222; x_wconf 88' lang='lat' dir='ltr'>assensu,</span> <span class='ocrx_word' id='word_1_224' title='bbox 895 3148 992 3226; x_wconf 90' lang='lat' dir='ltr'>prout</span> 
     </span>
     <span class='ocr_line' id='line_1_46' title="bbox 198 3245 993 3325; baseline -0.006 -15"><span class='ocrx_word' id='word_1_225' title='bbox 198 3247 679 3325; x_wconf 79' lang='lat' dir='ltr'>videreturmeliusespedire.</span> <span class='ocrx_word' id='word_1_226' title='bbox 703 3247 771 3308; x_wconf 92' lang='lat' dir='ltr'>Nos</span> <span class='ocrx_word' id='word_1_227' title='bbox 792 3245 886 3309; x_wconf 89' lang='lat' dir='ltr'>vohis</span> <span class='ocrx_word' id='word_1_228' title='bbox 901 3245 993 3323; x_wconf 92' lang='lat' dir='ltr'>post-</span> 
     </span>
     <span class='ocr_line' id='line_1_47' title="bbox 199 3342 989 3414; baseline -0.003 -8"><span class='ocrx_word' id='word_1_229' title='bbox 199 3345 331 3406; x_wconf 89' lang='lat' dir='ltr'>modnm</span> <span class='ocrx_word' id='word_1_230' title='bbox 345 3345 467 3408; x_wconf 90' lang='lat' dir='ltr'>nostris</span> <span class='ocrx_word' id='word_1_231' title='bbox 477 3345 627 3406; x_wconf 90' lang='lat' dir='ltr'>dedimus</span> <span class='ocrx_word' id='word_1_232' title='bbox 640 3345 759 3407; x_wconf 87' lang='lat' dir='ltr'>litteris</span> <span class='ocrx_word' id='word_1_233' title='bbox 769 3345 804 3405; x_wconf 90' lang='lat' dir='ltr'>in</span> <span class='ocrx_word' id='word_1_234' title='bbox 815 3342 989 3414; x_wconf 71' lang='lat' dir='ltr'>mandatis</span> 
     </span>
     <span class='ocr_line' id='line_1_48' title="bbox 199 3439 992 3521; baseline -0.005 -18"><span class='ocrx_word' id='word_1_235' title='bbox 199 3440 236 3504; x_wconf 89' lang='lat' dir='ltr'>ut</span> <span class='ocrx_word' id='word_1_236' title='bbox 246 3443 273 3503; x_wconf 91' lang='lat' dir='ltr'>si</span> <span class='ocrx_word' id='word_1_237' title='bbox 287 3459 360 3520; x_wconf 87' lang='lat' dir='ltr'>quae</span> <span class='ocrx_word' id='word_1_238' title='bbox 376 3442 416 3504; x_wconf 91' lang='lat' dir='ltr'>de</span> <span class='ocrx_word' id='word_1_239' title='bbox 429 3443 610 3521; x_wconf 87' lang='lat' dir='ltr'>praemissis</span> <span class='ocrx_word' id='word_1_240' title='bbox 625 3459 692 3503; x_wconf 93' lang='lat' dir='ltr'>non</span> <span class='ocrx_word' id='word_1_241' title='bbox 712 3439 852 3502; x_wconf 87' lang='lat' dir='ltr'>inissent</span> <span class='ocrx_word' id='word_1_242' title='bbox 868 3455 992 3502; x_wconf 85' lang='lat' dir='ltr'>execu-</span> 
     </span>
     <span class='ocr_line' id='line_1_49' title="bbox 198 3537 992 3616; baseline -0.005 -15"><span class='ocrx_word' id='word_1_243' title='bbox 198 3539 283 3602; x_wconf 91' lang='lat' dir='ltr'>tioni</span> <span class='ocrx_word' id='word_1_244' title='bbox 303 3539 469 3611; x_wconf 88' lang='lat' dir='ltr'>mandata,</span> <span class='ocrx_word' id='word_1_245' title='bbox 486 3556 544 3601; x_wconf 86' lang='lat' dir='ltr'>vos</span> <span class='ocrx_word' id='word_1_246' title='bbox 564 3556 603 3601; x_wconf 91' lang='lat' dir='ltr'>ea</span> <span class='ocrx_word' id='word_1_247' title='bbox 617 3538 745 3600; x_wconf 88' lang='lat' dir='ltr'>sublato</span> <span class='ocrx_word' id='word_1_248' title='bbox 762 3537 992 3616; x_wconf 89' lang='lat' dir='ltr'>appellationis</span> 
     </span>
     <span class='ocr_line' id='line_1_50' title="bbox 197 3633 993 3716; baseline -0.006 -16"><span class='ocrx_word' id='word_1_249' title='bbox 197 3637 381 3706; x_wconf 87' lang='lat' dir='ltr'>obstaculo,</span> <span class='ocrx_word' id='word_1_250' title='bbox 396 3639 532 3716; x_wconf 82' lang='lat' dir='ltr'>exsequi</span> <span class='ocrx_word' id='word_1_251' title='bbox 546 3637 720 3708; x_wconf 88' lang='lat' dir='ltr'>curaretis,</span> <span class='ocrx_word' id='word_1_252' title='bbox 733 3633 993 3698; x_wconf 86' lang='lat' dir='ltr'>contradictores</span> 
     </span>
     <span class='ocr_line' id='line_1_51' title="bbox 200 3732 993 3813; baseline -0.003 -18"><span class='ocrx_word' id='word_1_253' title='bbox 200 3750 260 3813; x_wconf 91' lang='lat' dir='ltr'>per</span> <span class='ocrx_word' id='word_1_254' title='bbox 287 3751 462 3798; x_wconf 87' lang='lat' dir='ltr'>censuram</span> <span class='ocrx_word' id='word_1_255' title='bbox 487 3734 746 3797; x_wconf 84' lang='lat' dir='ltr'>ecclesiasticam</span> <span class='ocrx_word' id='word_1_256' title='bbox 771 3732 993 3811; x_wconf 89' lang='lat' dir='ltr'>appellatione</span> 
     </span>
     <span class='ocr_line' id='line_1_52' title="bbox 199 3830 993 3910; baseline -0.004 -17"><span class='ocrx_word' id='word_1_257' title='bbox 199 3833 380 3909; x_wconf 90' lang='lat' dir='ltr'>postposita</span> <span class='ocrx_word' id='word_1_258' title='bbox 393 3832 640 3910; x_wconf 86' lang='lat' dir='ltr'>compescendo.</span> <span class='ocrx_word' id='word_1_259' title='bbox 660 3831 723 3894; x_wconf 89' lang='lat' dir='ltr'>Sed</span> <span class='ocrx_word' id='word_1_260' title='bbox 738 3830 816 3894; x_wconf 89' lang='lat' dir='ltr'>licet</span> <span class='ocrx_word' id='word_1_261' title='bbox 834 3847 893 3892; x_wconf 88' lang='lat' dir='ltr'>vos</span> <span class='ocrx_word' id='word_1_262' title='bbox 903 3846 993 3907; x_wconf 88' lang='lat' dir='ltr'>prae-</span> 
     </span>
     <span class='ocr_line' id='line_1_53' title="bbox 197 3929 992 4008; baseline -0.005 -17"><span class='ocrx_word' id='word_1_263' title='bbox 197 3930 322 3992; x_wconf 89' lang='lat' dir='ltr'>dictum</span> <span class='ocrx_word' id='word_1_264' title='bbox 337 3929 489 3991; x_wconf 89' lang='lat' dir='ltr'>abbatem</span> <span class='ocrx_word' id='word_1_265' title='bbox 497 3931 533 3993; x_wconf 93' lang='lat' dir='ltr'>in</span> <span class='ocrx_word' id='word_1_266' title='bbox 548 3929 791 4008; x_wconf 89' lang='lat' dir='ltr'>possessionem</span> <span class='ocrx_word' id='word_1_267' title='bbox 806 3943 917 3990; x_wconf 88' lang='lat' dir='ltr'>rerum</span> <span class='ocrx_word' id='word_1_268' title='bbox 933 3943 992 3988; x_wconf 91' lang='lat' dir='ltr'>as-</span> 
     </span>
     <span class='ocr_line' id='line_1_54' title="bbox 201 4025 995 4102; baseline 0 -16"><span class='ocrx_word' id='word_1_269' title='bbox 201 4027 407 4102; x_wconf 85' lang='lat' dir='ltr'>signatarum</span> <span class='ocrx_word' id='word_1_270' title='bbox 428 4028 629 4091; x_wconf 89' lang='lat' dir='ltr'>monasterio</span> <span class='ocrx_word' id='word_1_271' title='bbox 651 4025 851 4089; x_wconf 84' lang='lat' dir='ltr'>induxeritis</span> <span class='ocrx_word' id='word_1_272' title='bbox 875 4039 995 4102; x_wconf 91' lang='lat' dir='ltr'>corpo-</span> 
     </span>
     <span class='ocr_line' id='line_1_55' title="bbox 201 4122 994 4202; baseline -0.001 -17"><span class='ocrx_word' id='word_1_273' title='bbox 201 4125 316 4196; x_wconf 90' lang='lat' dir='ltr'>ralem,</span> <span class='ocrx_word' id='word_1_274' title='bbox 347 4140 447 4201; x_wconf 90' lang='lat' dir='ltr'>super</span> <span class='ocrx_word' id='word_1_275' title='bbox 472 4126 623 4202; x_wconf 87' lang='lat' dir='ltr'>portione</span> <span class='ocrx_word' id='word_1_276' title='bbox 657 4125 769 4186; x_wconf 90' lang='lat' dir='ltr'>tamen</span> <span class='ocrx_word' id='word_1_277' title='bbox 793 4139 853 4201; x_wconf 91' lang='lat' dir='ltr'>pro</span> <span class='ocrx_word' id='word_1_278' title='bbox 874 4122 994 4184; x_wconf 86' lang='lat' dir='ltr'>debitis</span> 
     </span>
     <span class='ocr_line' id='line_1_56' title="bbox 201 4219 993 4298; baseline -0.004 -16"><span class='ocrx_word' id='word_1_279' title='bbox 201 4222 381 4298; x_wconf 89' lang='lat' dir='ltr'>assignata,</span> <span class='ocrx_word' id='word_1_280' title='bbox 406 4221 596 4284; x_wconf 89' lang='lat' dir='ltr'>mandatum</span> <span class='ocrx_word' id='word_1_281' title='bbox 611 4221 760 4284; x_wconf 89' lang='lat' dir='ltr'>nostrum</span> <span class='ocrx_word' id='word_1_282' title='bbox 774 4219 911 4297; x_wconf 79' lang='lat' dir='ltr'>exsequi</span> <span class='ocrx_word' id='word_1_283' title='bbox 927 4235 993 4280; x_wconf 89' lang='lat' dir='ltr'>non</span> 
     </span>
     <span class='ocr_line' id='line_1_57' title="bbox 201 4318 995 4398; baseline -0.004 -19"><span class='ocrx_word' id='word_1_284' title='bbox 201 4319 353 4390; x_wconf 70' lang='lat' dir='ltr'>curastis</span> <span class='ocrx_word' id='word_1_285' title='bbox 379 4320 514 4397; x_wconf 90' lang='lat' dir='ltr'>propter</span> <span class='ocrx_word' id='word_1_286' title='bbox 535 4319 620 4398; x_wconf 88' lang='lat' dir='ltr'>quod</span> <span class='ocrx_word' id='word_1_287' title='bbox 634 4318 840 4396; x_wconf 82' lang='lat' dir='ltr'>praedictum</span> <span class='ocrx_word' id='word_1_288' title='bbox 859 4332 995 4378; x_wconf 89' lang='lat' dir='ltr'>monas-</span> 
     </span>
     <span class='ocr_line' id='line_1_58' title="bbox 201 4413 994 4490; baseline -0.005 -13"><span class='ocrx_word' id='word_1_289' title='bbox 201 4416 321 4478; x_wconf 88' lang='lat' dir='ltr'>terium</span> <span class='ocrx_word' id='word_1_290' title='bbox 350 4418 549 4480; x_wconf 89' lang='lat' dir='ltr'>creditorum</span> <span class='ocrx_word' id='word_1_291' title='bbox 577 4416 737 4480; x_wconf 88' lang='lat' dir='ltr'>instantia</span> <span class='ocrx_word' id='word_1_292' title='bbox 767 4413 994 4490; x_wconf 87' lang='lat' dir='ltr'>multipliciter</span> 
     </span>
     <span class='ocr_line' id='line_1_59' title="bbox 202 4510 995 4589; baseline -0.003 -15"><span class='ocrx_word' id='word_1_293' title='bbox 202 4514 399 4576; x_wconf 88' lang='lat' dir='ltr'>insectatur.</span> <span class='ocrx_word' id='word_1_294' title='bbox 439 4514 596 4576; x_wconf 87' lang='lat' dir='ltr'>Volentes</span> <span class='ocrx_word' id='word_1_295' title='bbox 642 4511 744 4589; x_wconf 86' lang='lat' dir='ltr'>igitur</span> <span class='ocrx_word' id='word_1_296' title='bbox 785 4510 995 4574; x_wconf 89' lang='lat' dir='ltr'>indemnitati</span> 
     </span>
     <span class='ocr_line' id='line_1_60' title="bbox 202 4607 994 4688; baseline -0.006 -14"><span class='ocrx_word' id='word_1_297' title='bbox 202 4611 350 4688; x_wconf 90' lang='lat' dir='ltr'>ejusdem</span> <span class='ocrx_word' id='word_1_298' title='bbox 386 4611 579 4673; x_wconf 90' lang='lat' dir='ltr'>monasterii</span> <span class='ocrx_word' id='word_1_299' title='bbox 606 4611 744 4688; x_wconf 84' lang='lat' dir='ltr'>paterna</span> <span class='ocrx_word' id='word_1_300' title='bbox 771 4607 994 4672; x_wconf 89' lang='lat' dir='ltr'>sollicitudine</span> 
     </span>
     <span class='ocr_line' id='line_1_61' title="bbox 202 4707 994 4786; baseline -0.004 -17"><span class='ocrx_word' id='word_1_301' title='bbox 202 4708 394 4786; x_wconf 87' lang='lat' dir='ltr'>providere,</span> <span class='ocrx_word' id='word_1_302' title='bbox 422 4708 615 4776; x_wconf 87' lang='lat' dir='ltr'>discretioni</span> <span class='ocrx_word' id='word_1_303' title='bbox 642 4709 762 4774; x_wconf 86' lang='lat' dir='ltr'>vestrae</span> <span class='ocrx_word' id='word_1_304' title='bbox 786 4723 845 4785; x_wconf 88' lang='lat' dir='ltr'>per</span> <span class='ocrx_word' id='word_1_305' title='bbox 875 4707 994 4772; x_wconf 87' lang='lat' dir='ltr'>iterata</span> 
     </span>
     <span class='ocr_line' id='line_1_62' title="bbox 203 4803 993 4884; baseline -0.001 -20"><span class='ocrx_word' id='word_1_306' title='bbox 203 4805 326 4884; x_wconf 87' lang='lat' dir='ltr'>scripta</span> <span class='ocrx_word' id='word_1_307' title='bbox 363 4805 501 4869; x_wconf 88' lang='lat' dir='ltr'>tirmiter</span> <span class='ocrx_word' id='word_1_308' title='bbox 535 4806 757 4884; x_wconf 81' lang='lat' dir='ltr'>praecipiendo</span> <span class='ocrx_word' id='word_1_309' title='bbox 787 4803 993 4876; x_wconf 88' lang='lat' dir='ltr'>mandamus,</span> 
     </span>
    </p>
   </div>
   <div class='ocr_carea' id='block_1_20' title="bbox 1044 2180 1839 2938">
    <p class='ocr_par' dir='ltr' id='par_1_26' title="bbox 1044 2180 1839 2938">
     <span class='ocr_line' id='line_1_63' title="bbox 1084 2180 1838 2265; baseline 0.009 -26"><span class='ocrx_word' id='word_1_310' title='bbox 1084 2181 1219 2242; x_wconf 87' lang='lat' dir='ltr'>Petenta</span> <span class='ocrx_word' id='word_1_311' title='bbox 1234 2181 1416 2242; x_wconf 87' lang='lat' dir='ltr'>venerabili</span> <span class='ocrx_word' id='word_1_312' title='bbox 1431 2180 1534 2242; x_wconf 91' lang='lat' dir='ltr'>fratre</span> <span class='ocrx_word' id='word_1_313' title='bbox 1553 2183 1666 2246; x_wconf 88' lang='lat' dir='ltr'>nostro</span> <span class='ocrx_word' id='word_1_314' title='bbox 1681 2184 1838 2265; x_wconf 87' lang='lat' dir='ltr'>episcopo</span> 
     </span>
     <span class='ocr_line' id='line_1_64' title="bbox 1044 2277 1835 2346; baseline 0.005 -10"><span class='ocrx_word' id='word_1_315' title='bbox 1044 2277 1261 2346; x_wconf 84' lang='lat' dir='ltr'>Nannatensi,</span> <span class='ocrx_word' id='word_1_316' title='bbox 1269 2278 1620 2340; x_wconf 81' lang='lat' dir='ltr'>excommunicationis</span> <span class='ocrx_word' id='word_1_317' title='bbox 1629 2281 1661 2341; x_wconf 86' lang='lat' dir='ltr'>at</span> <span class='ocrx_word' id='word_1_318' title='bbox 1669 2279 1835 2342; x_wconf 87' lang='lat' dir='ltr'>interdicti</span> 
     </span>
     <span class='ocr_line' id='line_1_65' title="bbox 1045 2374 1835 2452; baseline 0.005 -18"><span class='ocrx_word' id='word_1_319' title='bbox 1045 2374 1236 2446; x_wconf 89' lang='lat' dir='ltr'>sententias,</span> <span class='ocrx_word' id='word_1_320' title='bbox 1254 2390 1336 2452; x_wconf 83' lang='lat' dir='ltr'>quas</span> <span class='ocrx_word' id='word_1_321' title='bbox 1354 2374 1548 2436; x_wconf 87' lang='lat' dir='ltr'>innobilem</span> <span class='ocrx_word' id='word_1_322' title='bbox 1560 2377 1668 2438; x_wconf 88' lang='lat' dir='ltr'>virum</span> <span class='ocrx_word' id='word_1_323' title='bbox 1680 2377 1835 2440; x_wconf 85' lang='lat' dir='ltr'>comitem</span> 
     </span>
     <span class='ocr_line' id='line_1_66' title="bbox 1044 2471 1835 2549; baseline 0.006 -18"><span class='ocrx_word' id='word_1_324' title='bbox 1044 2471 1224 2534; x_wconf 84' lang='lat' dir='ltr'>Britanniae</span> <span class='ocrx_word' id='word_1_325' title='bbox 1244 2487 1283 2532; x_wconf 87' lang='lat' dir='ltr'>ac</span> <span class='ocrx_word' id='word_1_326' title='bbox 1303 2474 1428 2532; x_wconf 87' lang='lat' dir='ltr'>terram</span> <span class='ocrx_word' id='word_1_327' title='bbox 1452 2488 1556 2545; x_wconf 88' lang='lat' dir='ltr'>suam,</span> <span class='ocrx_word' id='word_1_328' title='bbox 1574 2489 1633 2549; x_wconf 88' lang='lat' dir='ltr'>pro</span> <span class='ocrx_word' id='word_1_329' title='bbox 1655 2474 1835 2536; x_wconf 87' lang='lat' dir='ltr'>violatione</span> 
     </span>
     <span class='ocr_line' id='line_1_67' title="bbox 1044 2566 1837 2644; baseline 0.004 -16"><span class='ocrx_word' id='word_1_330' title='bbox 1044 2567 1233 2632; x_wconf 87' lang='lat' dir='ltr'>libertatum</span> <span class='ocrx_word' id='word_1_331' title='bbox 1260 2584 1299 2629; x_wconf 91' lang='lat' dir='ltr'>ac</span> <span class='ocrx_word' id='word_1_332' title='bbox 1322 2566 1435 2630; x_wconf 85' lang='lat' dir='ltr'>multis</span> <span class='ocrx_word' id='word_1_333' title='bbox 1465 2570 1498 2630; x_wconf 86' lang='lat' dir='ltr'>et</span> <span class='ocrx_word' id='word_1_334' title='bbox 1522 2569 1679 2644; x_wconf 85' lang='lat' dir='ltr'>gravibus</span> <span class='ocrx_word' id='word_1_335' title='bbox 1707 2570 1837 2632; x_wconf 86' lang='lat' dir='ltr'>damnis</span> 
     </span>
     <span class='ocr_line' id='line_1_68' title="bbox 1044 2664 1836 2743; baseline 0.004 -18"><span class='ocrx_word' id='word_1_336' title='bbox 1044 2665 1143 2741; x_wconf 88' lang='lat' dir='ltr'>atque</span> <span class='ocrx_word' id='word_1_337' title='bbox 1158 2665 1291 2741; x_wconf 90' lang='lat' dir='ltr'>injuriis</span> <span class='ocrx_word' id='word_1_338' title='bbox 1303 2664 1345 2725; x_wconf 88' lang='lat' dir='ltr'>ab</span> <span class='ocrx_word' id='word_1_339' title='bbox 1360 2665 1433 2741; x_wconf 89' lang='lat' dir='ltr'>ipso</span> <span class='ocrx_word' id='word_1_340' title='bbox 1446 2666 1566 2726; x_wconf 87' lang='lat' dir='ltr'>comite</span> <span class='ocrx_word' id='word_1_341' title='bbox 1576 2665 1674 2743; x_wconf 89' lang='lat' dir='ltr'>atque</span> <span class='ocrx_word' id='word_1_342' title='bbox 1690 2665 1760 2728; x_wconf 87' lang='lat' dir='ltr'>suis</span> <span class='ocrx_word' id='word_1_343' title='bbox 1773 2665 1836 2728; x_wconf 88' lang='lat' dir='ltr'>sibi</span> 
     </span>
     <span class='ocr_line' id='line_1_69' title="bbox 1045 2761 1835 2840; baseline -0.001 -15"><span class='ocrx_word' id='word_1_344' title='bbox 1045 2764 1078 2826; x_wconf 91' lang='lat' dir='ltr'>et</span> <span class='ocrx_word' id='word_1_345' title='bbox 1091 2762 1241 2824; x_wconf 84' lang='lat' dir='ltr'>ecclesiae</span> <span class='ocrx_word' id='word_1_346' title='bbox 1255 2777 1324 2824; x_wconf 84' lang='lat' dir='ltr'>suae</span> <span class='ocrx_word' id='word_1_347' title='bbox 1340 2777 1378 2824; x_wconf 90' lang='lat' dir='ltr'>ac</span> <span class='ocrx_word' id='word_1_348' title='bbox 1400 2765 1472 2840; x_wconf 86' lang='lat' dir='ltr'>ejus</span> <span class='ocrx_word' id='word_1_349' title='bbox 1487 2761 1637 2831; x_wconf 87' lang='lat' dir='ltr'>subditis,</span> <span class='ocrx_word' id='word_1_350' title='bbox 1653 2763 1691 2824; x_wconf 90' lang='lat' dir='ltr'>ut</span> <span class='ocrx_word' id='word_1_351' title='bbox 1703 2763 1835 2836; x_wconf 87' lang='lat' dir='ltr'>asserit,</span> 
     </span>
     <span class='ocr_line' id='line_1_70' title="bbox 1044 2858 1839 2938; baseline 0.001 -19"><span class='ocrx_word' id='word_1_352' title='bbox 1044 2859 1212 2935; x_wconf 85' lang='lat' dir='ltr'>irrogatis,</span> <span class='ocrx_word' id='word_1_353' title='bbox 1224 2858 1338 2921; x_wconf 90' lang='lat' dir='ltr'>fractis</span> <span class='ocrx_word' id='word_1_354' title='bbox 1350 2859 1452 2922; x_wconf 90' lang='lat' dir='ltr'>etiam</span> <span class='ocrx_word' id='word_1_355' title='bbox 1462 2859 1657 2937; x_wconf 85' lang='lat' dir='ltr'>quibusdam</span> <span class='ocrx_word' id='word_1_356' title='bbox 1672 2860 1839 2938; x_wconf 86' lang='lat' dir='ltr'>composi-</span> 
     </span>
    </p>
   </div>
   <div class='ocr_carea' id='block_1_21' title="bbox 1046 2955 1956 3030">
    <p class='ocr_par' dir='ltr' id='par_1_27' title="bbox 1046 2955 1956 3030">
     <span class='ocr_line' id='line_1_71' title="bbox 1046 2955 1956 3030; baseline 0.002 -15"><span class='ocrx_word' id='word_1_357' title='bbox 1046 2955 1192 3020; x_wconf 85' lang='lat' dir='ltr'>tionibus</span> <span class='ocrx_word' id='word_1_358' title='bbox 1207 2955 1295 3016; x_wconf 88' lang='lat' dir='ltr'>inter</span> <span class='ocrx_word' id='word_1_359' title='bbox 1315 2971 1372 3016; x_wconf 89' lang='lat' dir='ltr'>eos</span> <span class='ocrx_word' id='word_1_360' title='bbox 1391 2955 1495 3029; x_wconf 87' lang='lat' dir='ltr'>initis,</span> <span class='ocrx_word' id='word_1_361' title='bbox 1516 2956 1649 3030; x_wconf 88' lang='lat' dir='ltr'>tulerat,</span> <span class='ocrx_word' id='word_1_362' title='bbox 1665 2958 1699 3018; x_wconf 89' lang='lat' dir='ltr'>et</span> <span class='ocrx_word' id='word_1_363' title='bbox 1720 2957 1839 3019; x_wconf 86' lang='lat' dir='ltr'>metro·</span> <span class='ocrx_word' id='word_1_364' title='bbox 1952 3016 1956 3025; x_wconf 84' lang='grc'><em>,</em></span> 
     </span>
    </p>
   </div>
   <div class='ocr_carea' id='block_1_22' title="bbox 1046 3051 1846 4880">
    <p class='ocr_par' dir='ltr' id='par_1_28' title="bbox 1046 3051 1844 4394">
     <span class='ocr_line' id='line_1_72' title="bbox 1046 3051 1838 3132; baseline 0 -16"><span class='ocrx_word' id='word_1_365' title='bbox 1046 3053 1212 3132; x_wconf 90' lang='lat' dir='ltr'>politanus</span> <span class='ocrx_word' id='word_1_366' title='bbox 1243 3053 1449 3129; x_wconf 88' lang='lat' dir='ltr'>postmodum</span> <span class='ocrx_word' id='word_1_367' title='bbox 1483 3051 1748 3125; x_wconf 83' lang='lat' dir='ltr'>confirmaverat,</span> <span class='ocrx_word' id='word_1_368' title='bbox 1776 3069 1838 3116; x_wconf 85' lang='lat' dir='ltr'>nec</span> 
     </span>
     <span class='ocr_line' id='line_1_73' title="bbox 1046 3149 1839 3228; baseline -0.003 -16"><span class='ocrx_word' id='word_1_369' title='bbox 1046 3165 1113 3213; x_wconf 85' lang='lat' dir='ltr'>aon</span> <span class='ocrx_word' id='word_1_370' title='bbox 1127 3149 1204 3214; x_wconf 90' lang='lat' dir='ltr'>illas</span> <span class='ocrx_word' id='word_1_371' title='bbox 1219 3165 1302 3228; x_wconf 84' lang='lat' dir='ltr'>quas</span> <span class='ocrx_word' id='word_1_372' title='bbox 1316 3149 1403 3214; x_wconf 90' lang='lat' dir='ltr'>idem</span> <span class='ocrx_word' id='word_1_373' title='bbox 1416 3149 1690 3226; x_wconf 89' lang='lat' dir='ltr'>metropolitanus</span> <span class='ocrx_word' id='word_1_374' title='bbox 1700 3151 1736 3211; x_wconf 89' lang='lat' dir='ltr'>in</span> <span class='ocrx_word' id='word_1_375' title='bbox 1747 3166 1839 3212; x_wconf 90' lang='lat' dir='ltr'>oom-</span> 
     </span>
     <span class='ocr_line' id='line_1_74' title="bbox 1046 3245 1840 3326; baseline 0 -18"><span class='ocrx_word' id='word_1_376' title='bbox 1046 3245 1244 3326; x_wconf 85' lang='lat' dir='ltr'>provinciali</span> <span class='ocrx_word' id='word_1_377' title='bbox 1267 3246 1420 3316; x_wconf 87' lang='lat' dir='ltr'>concilio,</span> <span class='ocrx_word' id='word_1_378' title='bbox 1440 3246 1663 3309; x_wconf 88' lang='lat' dir='ltr'>assidentibus</span> <span class='ocrx_word' id='word_1_379' title='bbox 1687 3246 1751 3308; x_wconf 92' lang='lat' dir='ltr'>sibi</span> <span class='ocrx_word' id='word_1_380' title='bbox 1773 3245 1840 3308; x_wconf 89' lang='lat' dir='ltr'>suf·</span> 
     </span>
     <span class='ocr_line' id='line_1_75' title="bbox 1047 3343 1837 3422; baseline 0 -17"><span class='ocrx_word' id='word_1_381' title='bbox 1047 3343 1214 3422; x_wconf 89' lang='lat' dir='ltr'>fraganeis</span> <span class='ocrx_word' id='word_1_382' title='bbox 1230 3345 1311 3416; x_wconf 86' lang='lat' dir='ltr'>suis,</span> <span class='ocrx_word' id='word_1_383' title='bbox 1327 3343 1595 3422; x_wconf 81' lang='lat' dir='ltr'>promulgaverat</span> <span class='ocrx_word' id='word_1_384' title='bbox 1617 3346 1653 3408; x_wconf 92' lang='lat' dir='ltr'>in</span> <span class='ocrx_word' id='word_1_385' title='bbox 1671 3345 1837 3414; x_wconf 89' lang='lat' dir='ltr'>eumdem,</span> 
     </span>
     <span class='ocr_line' id='line_1_76' title="bbox 1047 3440 1840 3521; baseline 0 -17"><span class='ocrx_word' id='word_1_386' title='bbox 1047 3443 1227 3520; x_wconf 86' lang='lat' dir='ltr'>apostolico</span> <span class='ocrx_word' id='word_1_387' title='bbox 1243 3442 1425 3504; x_wconf 87' lang='lat' dir='ltr'>munimine</span> <span class='ocrx_word' id='word_1_388' title='bbox 1439 3442 1590 3504; x_wconf 89' lang='lat' dir='ltr'>roborari</span> <span class='ocrx_word' id='word_1_389' title='bbox 1606 3440 1665 3521; x_wconf 89' lang='lat'>(1).</span> <span class='ocrx_word' id='word_1_390' title='bbox 1682 3445 1732 3504; x_wconf 83' lang='lat' dir='ltr'>Ex</span> <span class='ocrx_word' id='word_1_391' title='bbox 1745 3443 1840 3520; x_wconf 88' lang='lat' dir='ltr'>parte</span> 
     </span>
     <span class='ocr_line' id='line_1_77' title="bbox 1047 3538 1840 3620; baseline -0.001 -20"><span class='ocrx_word' id='word_1_392' title='bbox 1047 3540 1153 3620; x_wconf 89' lang='lat' dir='ltr'>ipsius</span> <span class='ocrx_word' id='word_1_393' title='bbox 1168 3539 1298 3602; x_wconf 88' lang='lat' dir='ltr'>comitis</span> <span class='ocrx_word' id='word_1_394' title='bbox 1313 3538 1375 3602; x_wconf 90' lang='lat' dir='ltr'>fuit</span> <span class='ocrx_word' id='word_1_395' title='bbox 1398 3539 1493 3602; x_wconf 86' lang='lat' dir='ltr'>nobis</span> <span class='ocrx_word' id='word_1_396' title='bbox 1517 3539 1689 3603; x_wconf 86' lang='lat' dir='ltr'>humiliter</span> <span class='ocrx_word' id='word_1_397' title='bbox 1708 3538 1840 3617; x_wconf 88' lang='lat' dir='ltr'>suppli-</span> 
     </span>
     <span class='ocr_line' id='line_1_78' title="bbox 1047 3636 1843 3714; baseline -0.006 -13"><span class='ocrx_word' id='word_1_398' title='bbox 1047 3640 1169 3709; x_wconf 89' lang='lat' dir='ltr'>catum,</span> <span class='ocrx_word' id='word_1_399' title='bbox 1185 3637 1269 3700; x_wconf 90' lang='lat' dir='ltr'>utin</span> <span class='ocrx_word' id='word_1_400' title='bbox 1287 3636 1469 3700; x_wconf 69' lang='lat' dir='ltr'>contuenti</span> <span class='ocrx_word' id='word_1_401' title='bbox 1482 3637 1623 3714; x_wconf 87' lang='lat' dir='ltr'>quadam</span> <span class='ocrx_word' id='word_1_402' title='bbox 1639 3652 1767 3698; x_wconf 88' lang='lat' dir='ltr'>summa</span> <span class='ocrx_word' id='word_1_403' title='bbox 1782 3651 1843 3714; x_wconf 91' lang='lat' dir='ltr'>pe·</span> 
     </span>
     <span class='ocr_line' id='line_1_79' title="bbox 1048 3733 1843 3811; baseline -0.005 -15"><span class='ocrx_word' id='word_1_404' title='bbox 1048 3735 1167 3806; x_wconf 75' lang='lat' dir='ltr'>cuniae,</span> <span class='ocrx_word' id='word_1_405' title='bbox 1191 3733 1232 3796; x_wconf 90' lang='lat' dir='ltr'>de</span> <span class='ocrx_word' id='word_1_406' title='bbox 1253 3736 1347 3811; x_wconf 90' lang='lat' dir='ltr'>cujus</span> <span class='ocrx_word' id='word_1_407' title='bbox 1368 3734 1533 3796; x_wconf 89' lang='lat' dir='ltr'>solutione</span> <span class='ocrx_word' id='word_1_408' title='bbox 1551 3733 1638 3796; x_wconf 90' lang='lat' dir='ltr'>idem</span> <span class='ocrx_word' id='word_1_409' title='bbox 1656 3750 1730 3795; x_wconf 88' lang='lat' dir='ltr'>oum</span> <span class='ocrx_word' id='word_1_410' title='bbox 1752 3733 1843 3810; x_wconf 91' lang='lat' dir='ltr'>epis-</span> 
     </span>
     <span class='ocr_line' id='line_1_80' title="bbox 1048 3831 1840 3912; baseline -0.009 -16"><span class='ocrx_word' id='word_1_411' title='bbox 1048 3848 1129 3912; x_wconf 91' lang='lat' dir='ltr'>copo</span> <span class='ocrx_word' id='word_1_412' title='bbox 1151 3833 1332 3894; x_wconf 89' lang='lat' dir='ltr'>memorato</span> <span class='ocrx_word' id='word_1_413' title='bbox 1348 3831 1564 3904; x_wconf 84' lang='lat' dir='ltr'>tractaverat,</span> <span class='ocrx_word' id='word_1_414' title='bbox 1582 3846 1622 3892; x_wconf 88' lang='lat' dir='ltr'>ac</span> <span class='ocrx_word' id='word_1_415' title='bbox 1645 3845 1745 3907; x_wconf 90' lang='lat' dir='ltr'>super</span> <span class='ocrx_word' id='word_1_416' title='bbox 1764 3845 1840 3890; x_wconf 90' lang='lat' dir='ltr'>ma-</span> 
     </span>
     <span class='ocr_line' id='line_1_81' title="bbox 1048 3926 1843 4006; baseline -0.01 -13"><span class='ocrx_word' id='word_1_417' title='bbox 1048 3929 1178 3993; x_wconf 89' lang='lat' dir='ltr'>nifestis</span> <span class='ocrx_word' id='word_1_418' title='bbox 1197 3927 1420 4006; x_wconf 80' lang='lat' dir='ltr'>pignoratitia,</span> <span class='ocrx_word' id='word_1_419' title='bbox 1438 3926 1470 3988; x_wconf 93' lang='lat' dir='ltr'>et</span> <span class='ocrx_word' id='word_1_420' title='bbox 1491 3942 1591 4003; x_wconf 88' lang='lat' dir='ltr'>super</span> <span class='ocrx_word' id='word_1_421' title='bbox 1614 3926 1724 3988; x_wconf 89' lang='lat' dir='ltr'>dubiis</span> <span class='ocrx_word' id='word_1_422' title='bbox 1743 3928 1843 4001; x_wconf 82' lang='lat' dir='ltr'>jura·</span> 
     </span>
     <span class='ocr_line' id='line_1_82' title="bbox 1047 4022 1843 4101; baseline -0.009 -10"><span class='ocrx_word' id='word_1_423' title='bbox 1047 4027 1135 4090; x_wconf 87' lang='lat' dir='ltr'>toria</span> <span class='ocrx_word' id='word_1_424' title='bbox 1157 4025 1310 4088; x_wconf 89' lang='lat' dir='ltr'>cautione</span> <span class='ocrx_word' id='word_1_425' title='bbox 1329 4023 1483 4101; x_wconf 87' lang='lat' dir='ltr'>receptis,</span> <span class='ocrx_word' id='word_1_426' title='bbox 1501 4024 1686 4086; x_wconf 84' lang='lat' dir='ltr'>faceremus</span> <span class='ocrx_word' id='word_1_427' title='bbox 1708 4022 1843 4084; x_wconf 88' lang='lat' dir='ltr'>easdem</span> 
     </span>
     <span class='ocr_line' id='line_1_83' title="bbox 1048 4117 1843 4196; baseline -0.009 -11"><span class='ocrx_word' id='word_1_428' title='bbox 1048 4121 1230 4186; x_wconf 89' lang='lat' dir='ltr'>sententias</span> <span class='ocrx_word' id='word_1_429' title='bbox 1244 4119 1403 4190; x_wconf 86' lang='lat' dir='ltr'>relaxari,</span> <span class='ocrx_word' id='word_1_430' title='bbox 1419 4134 1485 4180; x_wconf 90' lang='lat' dir='ltr'>non</span> <span class='ocrx_word' id='word_1_431' title='bbox 1501 4118 1705 4180; x_wconf 87' lang='lat' dir='ltr'>obstantibus</span> <span class='ocrx_word' id='word_1_432' title='bbox 1719 4117 1843 4196; x_wconf 85' lang='lat' dir='ltr'>aliqui-</span> 
     </span>
     <span class='ocr_line' id='line_1_84' title="bbox 1048 4213 1844 4288; baseline -0.006 -7"><span class='ocrx_word' id='word_1_433' title='bbox 1048 4219 1109 4281; x_wconf 85' lang='lat' dir='ltr'>bus</span> <span class='ocrx_word' id='word_1_434' title='bbox 1123 4216 1244 4280; x_wconf 88' lang='lat' dir='ltr'>litteris</span> <span class='ocrx_word' id='word_1_435' title='bbox 1264 4215 1538 4288; x_wconf 82' lang='lat' dir='ltr'>confirmationis,</span> <span class='ocrx_word' id='word_1_436' title='bbox 1559 4215 1612 4276; x_wconf 88' lang='lat' dir='ltr'>vel</span> <span class='ocrx_word' id='word_1_437' title='bbox 1634 4213 1712 4276; x_wconf 89' lang='lat' dir='ltr'>aliis</span> <span class='ocrx_word' id='word_1_438' title='bbox 1727 4215 1844 4276; x_wconf 85' lang='lat' dir='ltr'>contra</span> 
     </span>
     <span class='ocr_line' id='line_1_85' title="bbox 1048 4312 1736 4394; baseline -0.007 -18"><span class='ocrx_word' id='word_1_439' title='bbox 1048 4317 1156 4394; x_wconf 85' lang='lat' dir='ltr'>ipsum</span> <span class='ocrx_word' id='word_1_440' title='bbox 1172 4313 1348 4391; x_wconf 85' lang='lat' dir='ltr'>superbae</span> <span class='ocrx_word' id='word_1_441' title='bbox 1362 4313 1525 4374; x_wconf 81' lang='lat' dir='ltr'>hactenus</span> <span class='ocrx_word' id='word_1_442' title='bbox 1540 4312 1736 4390; x_wconf 86' lang='lat' dir='ltr'>impetratis.</span> 
     </span>
    </p>

    <p class='ocr_par' dir='ltr' id='par_1_29' title="bbox 1049 4406 1846 4880">
     <span class='ocr_line' id='line_1_86' title="bbox 1089 4406 1842 4488; baseline -0.005 -14"><span class='ocrx_word' id='word_1_443' title='bbox 1089 4415 1170 4474; x_wconf 74' lang='lat' dir='ltr'>Ciam</span> <span class='ocrx_word' id='word_1_444' title='bbox 1190 4412 1293 4488; x_wconf 89' lang='lat' dir='ltr'>igitur</span> <span class='ocrx_word' id='word_1_445' title='bbox 1316 4409 1357 4472; x_wconf 92' lang='lat' dir='ltr'>ad</span> <span class='ocrx_word' id='word_1_446' title='bbox 1382 4409 1445 4472; x_wconf 87' lang='lat' dir='ltr'>hoc</span> <span class='ocrx_word' id='word_1_447' title='bbox 1472 4409 1668 4488; x_wconf 82' lang='lat' dir='ltr'>delinquens</span> <span class='ocrx_word' id='word_1_448' title='bbox 1691 4406 1842 4472; x_wconf 85' lang='lat' dir='ltr'>tradatur</span> 
     </span>
     <span class='ocr_line' id='line_1_87' title="bbox 1051 4505 1846 4578; baseline -0.01 -4"><span class='ocrx_word' id='word_1_449' title='bbox 1051 4511 1182 4574; x_wconf 76' lang='lat' dir='ltr'>satana</span> <span class='ocrx_word' id='word_1_450' title='bbox 1196 4509 1232 4572; x_wconf 91' lang='lat' dir='ltr'>in</span> <span class='ocrx_word' id='word_1_451' title='bbox 1243 4509 1415 4573; x_wconf 89' lang='lat' dir='ltr'>interitum</span> <span class='ocrx_word' id='word_1_452' title='bbox 1430 4509 1554 4578; x_wconf 88' lang='lat' dir='ltr'>carnis,</span> <span class='ocrx_word' id='word_1_453' title='bbox 1570 4509 1606 4570; x_wconf 92' lang='lat' dir='ltr'>ut</span> <span class='ocrx_word' id='word_1_454' title='bbox 1620 4505 1747 4568; x_wconf 87' lang='lat' dir='ltr'>salubri</span> <span class='ocrx_word' id='word_1_455' title='bbox 1761 4521 1846 4567; x_wconf 84' lang='lat' dir='ltr'>con·-</span> 
     </span>
     <span class='ocr_line' id='line_1_88' title="bbox 1049 4602 1845 4676; baseline -0.011 -4"><span class='ocrx_word' id='word_1_456' title='bbox 1049 4608 1180 4672; x_wconf 89' lang='lat' dir='ltr'>fusione</span> <span class='ocrx_word' id='word_1_457' title='bbox 1195 4606 1352 4670; x_wconf 85' lang='lat' dir='ltr'>confusus</span> <span class='ocrx_word' id='word_1_458' title='bbox 1367 4606 1408 4668; x_wconf 88' lang='lat' dir='ltr'>ad</span> <span class='ocrx_word' id='word_1_459' title='bbox 1421 4621 1478 4668; x_wconf 91' lang='lat' dir='ltr'>cor</span> <span class='ocrx_word' id='word_1_460' title='bbox 1489 4605 1614 4676; x_wconf 89' lang='lat' dir='ltr'>redeat,</span> <span class='ocrx_word' id='word_1_461' title='bbox 1628 4605 1660 4665; x_wconf 86' lang='lat' dir='ltr'>et</span> <span class='ocrx_word' id='word_1_462' title='bbox 1674 4619 1711 4664; x_wconf 91' lang='lat' dir='ltr'>se</span> <span class='ocrx_word' id='word_1_463' title='bbox 1725 4602 1845 4664; x_wconf 84' lang='lat' dir='ltr'>offerat</span> 
     </span>
     <span class='ocr_line' id='line_1_89' title="bbox 1050 4699 1843 4781; baseline -0.011 -12"><span class='ocrx_word' id='word_1_464' title='bbox 1050 4705 1214 4769; x_wconf 89' lang='lat' dir='ltr'>mandatis</span> <span class='ocrx_word' id='word_1_465' title='bbox 1228 4704 1379 4766; x_wconf 80' lang='lat' dir='ltr'>ecclesiae</span> <span class='ocrx_word' id='word_1_466' title='bbox 1394 4704 1591 4781; x_wconf 88' lang='lat' dir='ltr'>pariturum,</span> <span class='ocrx_word' id='word_1_467' title='bbox 1600 4699 1690 4762; x_wconf 85' lang='lat' dir='ltr'>etsie</span> <span class='ocrx_word' id='word_1_468' title='bbox 1705 4699 1843 4777; x_wconf 90' lang='lat' dir='ltr'>spiritus</span> 
     </span>
     <span class='ocr_line' id='line_1_90' title="bbox 1049 4796 1844 4880; baseline -0.008 -16"><span class='ocrx_word' id='word_1_469' title='bbox 1049 4806 1122 4880; x_wconf 87' lang='lat' dir='ltr'>ejus</span> <span class='ocrx_word' id='word_1_470' title='bbox 1134 4803 1169 4864; x_wconf 93' lang='lat' dir='ltr'>in</span> <span class='ocrx_word' id='word_1_471' title='bbox 1185 4802 1238 4863; x_wconf 90' lang='lat' dir='ltr'>die</span> <span class='ocrx_word' id='word_1_472' title='bbox 1248 4801 1378 4865; x_wconf 88' lang='lat' dir='ltr'>Domini</span> <span class='ocrx_word' id='word_1_473' title='bbox 1394 4801 1507 4862; x_wconf 87' lang='lat' dir='ltr'>salvus</span> <span class='ocrx_word' id='word_1_474' title='bbox 1522 4799 1590 4870; x_wconf 84' lang='lat' dir='ltr'>flat,</span> <span class='ocrx_word' id='word_1_475' title='bbox 1607 4813 1647 4860; x_wconf 87' lang='lat' dir='ltr'>ac</span> <span class='ocrx_word' id='word_1_476' title='bbox 1658 4796 1771 4859; x_wconf 86' lang='lat' dir='ltr'>taliter</span> <span class='ocrx_word' id='word_1_477' title='bbox 1784 4813 1844 4858; x_wconf 89' lang='lat' dir='ltr'>re-</span> 
     </span>
    </p>
   </div>
   <div class='ocr_carea' id='block_1_23' title="bbox 200 4893 1849 5564">
    <p class='ocr_par' dir='ltr' id='par_1_30' title="bbox 200 4893 1849 5564">
     <span class='ocr_line' id='line_1_91' title="bbox 204 4893 1847 4980; baseline -0.005 -17"><span class='ocrx_word' id='word_1_478' title='bbox 204 4906 366 4980; x_wconf 86' lang='lat' dir='ltr'>quatenus</span> <span class='ocrx_word' id='word_1_479' title='bbox 380 4903 414 4964; x_wconf 93' lang='lat' dir='ltr'>in</span> <span class='ocrx_word' id='word_1_480' title='bbox 435 4904 567 4979; x_wconf 87' lang='lat' dir='ltr'>negotio</span> <span class='ocrx_word' id='word_1_481' title='bbox 589 4903 662 4980; x_wconf 87' lang='lat' dir='ltr'>ipso</span> <span class='ocrx_word' id='word_1_482' title='bbox 676 4905 774 4980; x_wconf 84' lang='lat' dir='ltr'>juxta</span> <span class='ocrx_word' id='word_1_483' title='bbox 787 4901 886 4980; x_wconf 90' lang='lat' dir='ltr'>primi</span> <span class='ocrx_word' id='word_1_484' title='bbox 901 4917 996 4964; x_wconf 87' lang='lat' dir='ltr'>man-</span> <span class='ocrx_word' id='word_1_485' title='bbox 1050 4899 1227 4962; x_wconf 87' lang='lat' dir='ltr'>deuntibus</span> <span class='ocrx_word' id='word_1_486' title='bbox 1253 4914 1319 4960; x_wconf 87' lang='lat' dir='ltr'>non</span> <span class='ocrx_word' id='word_1_487' title='bbox 1353 4897 1397 4959; x_wconf 88' lang='lat' dir='ltr'>sit</span> <span class='ocrx_word' id='word_1_488' title='bbox 1424 4896 1577 4958; x_wconf 86' lang='lat' dir='ltr'>ecclesiae</span> <span class='ocrx_word' id='word_1_489' title='bbox 1600 4893 1710 4956; x_wconf 90' lang='lat' dir='ltr'>aditus</span> <span class='ocrx_word' id='word_1_490' title='bbox 1733 4893 1847 4956; x_wconf 86' lang='lat' dir='ltr'>reclu-</span> 
     </span>
     <span class='ocr_line' id='line_1_92' title="bbox 203 4991 1845 5076; baseline -0.005 -16"><span class='ocrx_word' id='word_1_491' title='bbox 203 4999 270 5060; x_wconf 89' lang='lat' dir='ltr'>dati</span> <span class='ocrx_word' id='word_1_492' title='bbox 284 4999 391 5062; x_wconf 85' lang='lat' dir='ltr'>nostri</span> <span class='ocrx_word' id='word_1_493' title='bbox 402 5001 562 5073; x_wconf 86' lang='lat' dir='ltr'>tenorem,</span> <span class='ocrx_word' id='word_1_494' title='bbox 572 4999 701 5064; x_wconf 87' lang='lat' dir='ltr'>ratione</span> <span class='ocrx_word' id='word_1_495' title='bbox 714 4997 997 5076; x_wconf 86' lang='lat' dir='ltr'>praeviafinaliter</span> <span class='ocrx_word' id='word_1_496' title='bbox 1051 4997 1188 5068; x_wconf 90' lang='lat' dir='ltr'>dendus,</span> <span class='ocrx_word' id='word_1_497' title='bbox 1217 4995 1410 5058; x_wconf 89' lang='lat' dir='ltr'>discretioni</span> <span class='ocrx_word' id='word_1_498' title='bbox 1434 4995 1554 5056; x_wconf 89' lang='lat' dir='ltr'>vestrae</span> <span class='ocrx_word' id='word_1_499' title='bbox 1575 5009 1635 5070; x_wconf 88' lang='lat' dir='ltr'>per</span> <span class='ocrx_word' id='word_1_500' title='bbox 1655 4991 1845 5068; x_wconf 75' lang='lat' dir='ltr'>apostoliea</span> 
     </span>
     <span class='ocr_line' id='line_1_93' title="bbox 204 5090 1847 5174; baseline -0.005 -17"><span class='ocrx_word' id='word_1_501' title='bbox 204 5097 430 5173; x_wconf 71' lang='lat' dir='ltr'>procedentes</span> <span class='ocrx_word' id='word_1_502' title='bbox 446 5097 570 5158; x_wconf 88' lang='lat' dir='ltr'>terram</span> <span class='ocrx_word' id='word_1_503' title='bbox 583 5112 642 5174; x_wconf 90' lang='lat' dir='ltr'>pro</span> <span class='ocrx_word' id='word_1_504' title='bbox 656 5095 777 5160; x_wconf 89' lang='lat' dir='ltr'>debitis</span> <span class='ocrx_word' id='word_1_505' title='bbox 793 5095 997 5172; x_wconf 88' lang='lat' dir='ltr'>assignatam</span> <span class='ocrx_word' id='word_1_506' title='bbox 1051 5095 1175 5170; x_wconf 88' lang='lat' dir='ltr'>scripta</span> <span class='ocrx_word' id='word_1_507' title='bbox 1190 5093 1396 5164; x_wconf 89' lang='lat' dir='ltr'>mandamus,</span> <span class='ocrx_word' id='word_1_508' title='bbox 1414 5092 1588 5168; x_wconf 86' lang='lat' dir='ltr'>quatenus,</span> <span class='ocrx_word' id='word_1_509' title='bbox 1605 5090 1634 5152; x_wconf 89' lang='lat' dir='ltr'>si</span> <span class='ocrx_word' id='word_1_510' title='bbox 1644 5105 1753 5150; x_wconf 88' lang='lat' dir='ltr'>comes</span> <span class='ocrx_word' id='word_1_511' title='bbox 1765 5103 1847 5165; x_wconf 84' lang='lat' dir='ltr'>prae·</span> 
     </span>
     <span class='ocr_line' id='line_1_94' title="bbox 204 5185 1845 5272; baseline -0.005 -20"><span class='ocrx_word' id='word_1_512' title='bbox 204 5195 244 5254; x_wconf 89' lang='lat' dir='ltr'>de</span> <span class='ocrx_word' id='word_1_513' title='bbox 259 5193 413 5254; x_wconf 88' lang='lat' dir='ltr'>manibus</span> <span class='ocrx_word' id='word_1_514' title='bbox 437 5194 698 5257; x_wconf 86' lang='lat' dir='ltr'>Massiliensium</span> <span class='ocrx_word' id='word_1_515' title='bbox 716 5193 772 5272; x_wconf 87' lang='lat' dir='ltr'>qui</span> <span class='ocrx_word' id='word_1_516' title='bbox 789 5209 863 5254; x_wconf 91' lang='lat' dir='ltr'>eam</span> <span class='ocrx_word' id='word_1_517' title='bbox 882 5194 997 5258; x_wconf 89' lang='lat' dir='ltr'>contra</span> <span class='ocrx_word' id='word_1_518' title='bbox 1052 5192 1159 5252; x_wconf 89' lang='lat' dir='ltr'>dictus</span> <span class='ocrx_word' id='word_1_519' title='bbox 1174 5190 1341 5270; x_wconf 86' lang='lat' dir='ltr'>praestarit</span> <span class='ocrx_word' id='word_1_520' title='bbox 1361 5189 1401 5250; x_wconf 90' lang='lat' dir='ltr'>de</span> <span class='ocrx_word' id='word_1_521' title='bbox 1422 5188 1552 5250; x_wconf 88' lang='lat' dir='ltr'>damnis</span> <span class='ocrx_word' id='word_1_522' title='bbox 1571 5189 1605 5250; x_wconf 91' lang='lat' dir='ltr'>et</span> <span class='ocrx_word' id='word_1_523' title='bbox 1628 5185 1760 5262; x_wconf 80' lang='lat' dir='ltr'>injuriis</span> <span class='ocrx_word' id='word_1_524' title='bbox 1776 5186 1845 5245; x_wconf 90' lang='lat' dir='ltr'>tam</span> 
     </span>
     <span class='ocr_line' id='line_1_95' title="bbox 200 5283 1847 5368; baseline -0.006 -18"><span class='ocrx_word' id='word_1_525' title='bbox 200 5289 521 5368; x_wconf 79' lang='lat' dir='ltr'>Justitiamdetiuere</span> <span class='ocrx_word' id='word_1_526' title='bbox 529 5289 695 5363; x_wconf 88' lang='lat' dir='ltr'>dicuntur,</span> <span class='ocrx_word' id='word_1_527' title='bbox 707 5289 748 5354; x_wconf 91' lang='lat' dir='ltr'>ad</span> <span class='ocrx_word' id='word_1_528' title='bbox 756 5305 839 5368; x_wconf 91' lang='lat' dir='ltr'>opus</span> <span class='ocrx_word' id='word_1_529' title='bbox 847 5289 997 5368; x_wconf 86' lang='lat' dir='ltr'>praedicti</span> <span class='ocrx_word' id='word_1_530' title='bbox 1052 5290 1141 5352; x_wconf 86' lang='lat' dir='ltr'>circa</span> <span class='ocrx_word' id='word_1_531' title='bbox 1159 5287 1329 5351; x_wconf 86' lang='lat' dir='ltr'>libertates</span> <span class='ocrx_word' id='word_1_532' title='bbox 1342 5302 1440 5364; x_wconf 87' lang='lat' dir='ltr'>quam</span> <span class='ocrx_word' id='word_1_533' title='bbox 1455 5285 1522 5348; x_wconf 89' lang='lat' dir='ltr'>alia</span> <span class='ocrx_word' id='word_1_534' title='bbox 1537 5283 1722 5346; x_wconf 77' lang='lat' dir='ltr'>manifestis</span> <span class='ocrx_word' id='word_1_535' title='bbox 1733 5296 1847 5342; x_wconf 88' lang='lat' dir='ltr'>emen-</span> 
     </span>
     <span class='ocr_line' id='line_1_96' title="bbox 204 5376 1849 5464; baseline -0.006 -16"><span class='ocrx_word' id='word_1_536' title='bbox 204 5389 398 5451; x_wconf 90' lang='lat' dir='ltr'>monasterii</span> <span class='ocrx_word' id='word_1_537' title='bbox 432 5387 577 5464; x_wconf 88' lang='lat' dir='ltr'>legitime</span> <span class='ocrx_word' id='word_1_538' title='bbox 600 5389 775 5458; x_wconf 88' lang='lat' dir='ltr'>revocetis,</span> <span class='ocrx_word' id='word_1_539' title='bbox 807 5385 997 5448; x_wconf 88' lang='lat' dir='ltr'>mandatum</span> <span class='ocrx_word' id='word_1_540' title='bbox 1053 5387 1139 5456; x_wconf 89' lang='lat' dir='ltr'>dam,</span> <span class='ocrx_word' id='word_1_541' title='bbox 1163 5401 1203 5447; x_wconf 88' lang='lat' dir='ltr'>ac</span> <span class='ocrx_word' id='word_1_542' title='bbox 1230 5384 1350 5448; x_wconf 88' lang='lat' dir='ltr'>deinde</span> <span class='ocrx_word' id='word_1_543' title='bbox 1378 5382 1608 5453; x_wconf 85' lang='lat' dir='ltr'>sufficientem,</span> <span class='ocrx_word' id='word_1_544' title='bbox 1634 5378 1720 5456; x_wconf 85' lang='lat' dir='ltr'>quod</span> <span class='ocrx_word' id='word_1_545' title='bbox 1746 5376 1849 5438; x_wconf 86' lang='lat' dir='ltr'>stabit</span> 
     </span>
     <span class='ocr_line' id='line_1_97' title="bbox 205 5475 1848 5564; baseline -0.007 -19"><span class='ocrx_word' id='word_1_546' title='bbox 205 5487 356 5547; x_wconf 90' lang='lat' dir='ltr'>nostrum</span> <span class='ocrx_word' id='word_1_547' title='bbox 371 5485 483 5548; x_wconf 89' lang='lat' dir='ltr'>taliter</span> <span class='ocrx_word' id='word_1_548' title='bbox 495 5485 663 5563; x_wconf 90' lang='lat' dir='ltr'>impleturi</span> <span class='ocrx_word' id='word_1_549' title='bbox 679 5484 765 5564; x_wconf 86' lang='lat' dir='ltr'>quud</span> <span class='ocrx_word' id='word_1_550' title='bbox 781 5501 847 5545; x_wconf 91' lang='lat' dir='ltr'>non</span> <span class='ocrx_word' id='word_1_551' title='bbox 862 5483 997 5562; x_wconf 86' lang='lat' dir='ltr'>possitis</span> <span class='ocrx_word' id='word_1_552' title='bbox 1048 5485 1118 5563; x_wconf 91' lang='lat' dir='ltr'>juri</span> <span class='ocrx_word' id='word_1_553' title='bbox 1133 5498 1233 5560; x_wconf 89' lang='lat' dir='ltr'>super</span> <span class='ocrx_word' id='word_1_554' title='bbox 1245 5481 1366 5554; x_wconf 90' lang='lat' dir='ltr'>dubiis,</span> <span class='ocrx_word' id='word_1_555' title='bbox 1380 5481 1578 5550; x_wconf 86' lang='lat' dir='ltr'>cautionem,</span> <span class='ocrx_word' id='word_1_556' title='bbox 1592 5475 1751 5537; x_wconf 77' lang='lat' dir='ltr'>relaxetis</span> <span class='ocrx_word' id='word_1_557' title='bbox 1765 5491 1848 5534; x_wconf 77' lang='lat' dir='ltr'>san-</span> 
     </span>
    </p>
   </div>
   <div class='ocr_carea' id='block_1_24' title="bbox 242 5616 1665 5697">
    <p class='ocr_par' dir='ltr' id='par_1_31' title="bbox 242 5616 1665 5697">
     <span class='ocr_line' id='line_1_98' title="bbox 242 5616 1665 5697; baseline -0.008 -16"><span class='ocrx_word' id='word_1_558' title='bbox 242 5623 283 5697; x_wconf 86' lang='lat' dir='ltr'>(l)</span> <span class='ocrx_word' id='word_1_559' title='bbox 299 5623 436 5686; x_wconf 78' lang='lat' dir='ltr'>videndae</span> <span class='ocrx_word' id='word_1_560' title='bbox 451 5626 479 5684; x_wconf 90' lang='lat' dir='ltr'>in</span> <span class='ocrx_word' id='word_1_561' title='bbox 495 5624 550 5684; x_wconf 84' lang='lat' dir='ltr'>boe</span> <span class='ocrx_word' id='word_1_562' title='bbox 563 5625 636 5684; x_wconf 90' lang='lat' dir='ltr'>libro</span> <span class='ocrx_word' id='word_1_563' title='bbox 650 5624 768 5685; x_wconf 86' lang='lat' dir='ltr'>lionorii</span> <span class='ocrx_word' id='word_1_564' title='bbox 782 5624 881 5682; x_wconf 77' lang='lat' dir='ltr'>littera</span> <span class='ocrx_word' id='word_1_565' title='bbox 893 5622 931 5682; x_wconf 87' lang='lat' dir='ltr'>ad</span> <span class='ocrx_word' id='word_1_566' title='bbox 943 5626 1056 5683; x_wconf 83' lang='lat' dir='ltr'>Petrum</span> <span class='ocrx_word' id='word_1_567' title='bbox 1071 5623 1387 5692; x_wconf 62' lang='lat' dir='ltr'>pinnarensium</span> <span class='ocrx_word' id='word_1_568' title='bbox 1402 5621 1484 5694; x_wconf 84' lang='lat' dir='ltr'>epist.</span> <span class='ocrx_word' id='word_1_569' title='bbox 1502 5621 1552 5686; x_wconf 89' lang='lat' dir='ltr'>lli,</span> <span class='ocrx_word' id='word_1_570' title='bbox 1568 5616 1622 5674; x_wconf 83' lang='lat' dir='ltr'>eol.</span> <span class='ocrx_word' id='word_1_571' title='bbox 1639 5616 1665 5671; x_wconf 81' lang='lat' dir='ltr'>t.</span> 
     </span>
    </p>
   </div>
   <div class='ocr_carea' id='block_1_25' title="bbox 0 0 2155 6404">
    <p class='ocr_par' dir='ltr' id='par_1_32' title="bbox 0 0 2155 6404">
     <span class='ocr_line' id='line_1_99' title="bbox 0 0 2155 6404; baseline 0 0"><span class='ocrx_word' id='word_1_572' title='bbox 0 0 2155 6404; x_wconf 95' lang='lat' dir='ltr'> </span> 
     </span>
    </p>
   </div>
  </div>
 </body>
</html>
