4250 6404
297 339 336 398 co
562 319 566 328 ’
915 343 1091 403 nosonn
1113 343 1158 402 iu
1180 344 1330 404 ornan.
1890 343 1952 406 ico

298 501 406 576 ipsum
422 500 455 561 in
470 501 539 562 illis
551 501 713 572 ecclesiis,
730 517 804 578 quae
818 501 919 562 talem
935 502 1096 563 hactenus
1151 501 1314 578 generali,
1325 503 1361 562 ut
1375 517 1490 563 omnes
1503 501 1639 564 omuino
1652 502 1778 576 clerici,
1791 504 1859 565 tam
1873 505 1957 566 sub-
2059 543 2066 556 ·

298 597 570 660 consuetudinem
598 599 806 670 babuerunt,
843 615 883 659 ac
913 599 1098 659 commoni·
1150 599 1211 660 diti
1229 616 1327 676 quam
1339 597 1482 676 praelati,
1497 601 1689 661 vicesimam
1704 600 1954 664 eeclesiastico-

298 697 421 757 tionem
443 698 477 757 et
500 697 684 772 jussionem
711 697 860 774 episcopi
885 697 1097 770 corrigantur
1150 711 1225 756 rum
1251 699 1468 773 proventuum
1487 699 1670 774 atempore
1693 699 1843 775 praedicti
1863 702 1955 760 Gon·

297 794 385 854 intra
414 795 591 854 terminum
620 795 860 870 competentem
883 794 1096 871 abepiscopo
1151 793 1221 854 cilii
1241 811 1345 872 usque
1366 795 1407 855 ad
1426 795 1608 855 triennium
1630 795 1762 870 integre
1779 795 1956 860 conterant

299 891 545 968 praeligendum.
571 891 725 968 Alioquin
752 909 795 953 ex
817 893 897 954 tunc
920 892 1096 968 episcopus
1150 892 1185 952 in
1198 889 1382 952 subsidium
1397 895 1509 952 Terrae
1526 893 1667 965 Sanctae,
1681 909 1741 968 per
1752 909 1872 955 manus
1893 911 1956 956 ec-

297 992 399 1050 Deum
416 989 542 1050 habens
562 1005 631 1066 prae
652 991 769 1062 oculis,
787 991 889 1067 ipsos,
905 991 1004 1068 prout
1018 990 1095 1050 aui·
1150 1005 1224 1049 rum
1240 991 1297 1067 qui
1312 991 1352 1050 ad
1367 991 1430 1052 hoc
1442 990 1566 1052 suerint
1576 991 1767 1067 Apostolica
1780 993 1956 1070 provideri·

297 1104 424 1149 marum
439 1103 520 1148 cura
532 1089 684 1164 requirit,
699 1103 759 1165 per
770 1103 945 1149 censuram
963 1089 1097 1150 canoni-
1149 1087 1197 1147 tia
1212 1087 1367 1160 ordinati,
1384 1103 1462 1148 ecce
1472 1087 1630 1150 dilectum
1641 1089 1746 1149 tilium
1756 1089 1952 1151 Accontium

297 1201 368 1245 cem
390 1186 558 1261 corrigere
582 1201 648 1246 non
672 1189 860 1273 postponat,
881 1187 1095 1263 praesentium
1151 1183 1390 1246 subdiaconum
1415 1187 1448 1246 et
1475 1187 1685 1263 capellanum
1707 1186 1873 1259 nostrum,
1895 1189 1953 1249 vi-

295 1282 390 1344 vobis
404 1283 602 1344 auctoritate
614 1284 838 1355 concedimus
851 1286 887 1345 ut
899 1285 988 1344 circa
1000 1299 1097 1345 cano-
1151 1297 1224 1343 rum
1238 1283 1352 1359 utique
1366 1283 1539 1359 providum
1553 1285 1587 1344 et
1595 1283 1786 1355 discretum,
1803 1283 1845 1346 de
1856 1287 1953 1362 cuius

296 1380 406 1452 nicos,
436 1381 470 1440 et
497 1381 639 1442 clericos
666 1381 816 1443 ecclesiae
844 1382 965 1442 vestrae
990 1381 1096 1442 torma
1151 1379 1215 1440 tide
1238 1395 1278 1441 ac
1306 1379 1482 1442 devotione
1505 1379 1638 1456 plenam
1657 1382 1694 1442 in
1715 1381 1957 1443 Dominotidu-

298 1477 513 1541 correctionis
524 1477 713 1556 hujusmodi
726 1480 931 1551 observetur,
948 1494 1095 1556 praeser—
1151 1477 1237 1539 ciam
1251 1476 1449 1550 obtinemus,
1462 1479 1598 1554 propter
1607 1479 1720 1540 licead
1734 1479 1845 1555 partes
1859 1482 1957 1540 Hun-

297 1577 358 1636 tim
395 1591 469 1638 cum
496 1591 556 1654 per
577 1577 757 1653 capitulum
785 1577 947 1638 hactenus
972 1577 1097 1652 corrigi
1151 1574 1255 1650 gariae
1286 1575 1565 1646 manumittentes,
1593 1575 1837 1638 fraternitatem
1860 1579 1954 1638 tuam

298 1673 534 1736 consueverint
567 1675 804 1736 caiionicorum
838 1675 871 1737 et
900 1674 1097 1737 clericorum
1151 1687 1324 1732 monemus
1338 1673 1371 1734 et
1385 1672 1698 1734 hortamurattente
1715 1689 1756 1734 ac
1774 1677 1957 1750 pei-Apos-

295 1773 481 1834 vestrorum
501 1786 671 1832 excessus.
698 1772 789 1832 Nulli
809 1788 901 1848 ergo,
917 1773 993 1842 ete,
1010 1771 1097 1832 lianc
1152 1769 1313 1846 postolica
1336 1771 1460 1847 scripta
1481 1770 1543 1831 tibi
1566 1770 1601 1830 in
1616 1771 1740 1832 virtute
1754 1769 1954 1833 obedientiae

298 1869 1095 1946 paginamnostraeconcessionisintringereetc.
1152 1867 1301 1930 districte
1324 1868 1547 1945 precipiendo
1567 1869 1774 1942 mandamus,
1788 1875 1952 1947 quatenus

298 1966 333 2026 Si
349 1967 423 2043 quis
436 1967 558 2038 autem,
573 1969 636 2028 etc.
646 1968 763 2028 ilatum
771 1968 928 2030 Laterani
937 1970 1028 2030 xvii
1041 1967 1098 2030 lia·
1152 1965 1344 2026 vicesimam
1368 1965 1499 2026 tuorum
1522 1968 1751 2043 proventuum,
1772 1970 1954 2044 quamtum

297 2064 412 2124 lendes
423 2063 582 2126 februarii
598 2080 687 2126 anno
699 2067 809 2128 tertio.
1153 2064 1319 2134 dioecesis,
1336 2063 1567 2140 quaenondum
1579 2063 1718 2125 collecta
1732 2065 1794 2136 est,
1815 2064 1958 2140 colligas

1153 2159 1350 2236 diligenter,
1376 2161 1650 2234 contradictores,
1678 2161 1787 2238 siqui
1816 2161 1953 2238 luerint,

681 2215 708 2302 d

316 2295 368 2399 dd
385 2341 554 2401 declinem
575 2339 851 2416 strigoniensem
872 2342 1074 2414 archiepisc.

588 2454 621 2510 17
638 2453 699 2526 jan.
723 2454 802 2511 ieie.

296 2560 386 2624 [Fejen
400 2559 484 2610 Codex
496 2559 613 2624 diplom..
625 2559 667 2616 111.
682 2574 700 2618 i,
716 2559 770 2610 275.
798 2560 913 2618 l'lieiuer,
933 2562 1099 2612 llonnmente

529 2637 671 2701 ilungarite,
686 2637 705 2700 1,
717 2639 755 2696 l8,
772 2653 798 2688 n.
813 2637 865 2702 Ἀ]

504 2738 540 2796 Ut
558 2737 685 2810 'colligat
706 2737 884 2794 vicesimam.

334 2847 516 2917 Honorius,
537 2846 612 2917 ete,
638 2845 822 2907 venerabili
837 2845 971 2909 tratri...
985 2844 1100 2908 erebi·

295 2943 694 3024 episcopostrigontensi,
716 2943 778 3004 ete.

1153 2257 1206 2320 vel
1229 2256 1382 2329 rebelles,
1400 2273 1460 2334 per
1479 2273 1654 2319 censuram
1678 2258 1952 2330 ecclesiasticam,

1153 2354 1375 2432 appellatione
1410 2356 1608 2432 postposita,
1637 2355 1894 2432 compescendo,
1922 2355 1958 2417 et

1154 2453 1221 2514 tam
1245 2453 1418 2514 collectam
1440 2469 1539 2530 quam
1556 2453 1795 2528 colligendam,
1823 2468 1953 2514 necnon

1153 2551 1328 2628 pecuniam
1348 2551 1383 2611 in
1405 2551 1533 2612 truncis
1547 2550 1720 2612 collectam
1735 2552 1768 2612 et
1781 2551 1883 2612 aliam
1898 2567 1955 2611 re-

1153 2650 1281 2726 ceptam
1305 2663 1366 2724 pro
1390 2649 1617 2725 redemptione
1634 2651 1786 2710 votorum
1812 2647 1956 2710 fideliter

1153 2747 1226 2808 sine
1241 2747 1460 2808 diminutione
1479 2747 1636 2824 qualibet,
1657 2745 1814 2823 praedicto
1834 2745 1953 2808 nuntio

1153 2843 1286 2906 studeas
1300 2844 1489 2918 assignare:
1506 2842 1810 2920 aliaseidemsuper
1818 2843 1954 2918 negotio

1153 2941 1342 3019 hujusmodi
1362 2941 1403 3002 ob
1418 2943 1640 3002 reverentiam
1654 2940 1803 3001 divinam
1818 2941 1851 3002 et
1870 2957 1955 3001 nos-

338 3041 456 3104 Dilecti
472 3041 533 3101 tilii
548 3040 715 3102 exercitus
733 3039 936 3102 christianus
951 3055 1020 3102 rem
1037 3057 1100 3118 pu·
1152 3041 1238 3100 tram
1272 3039 1482 3116 impensurus
1519 3039 1697 3100 consilium
1730 3039 1763 3100 et
1787 3038 1953 3099 auxilium

297 3140 419 3202 blicam
431 3140 663 3200 universorum
675 3137 952 3200 christifidelium
963 3139 1100 3216 agentes

298 3239 443 3300 viriliter
455 3239 488 3299 et
504 3237 656 3314 potenter
670 3236 705 3297 in
728 3235 877 3313 partibus
900 3235 1100 3297 transmari-

298 3335 362 3406 nis,
388 3333 465 3396 dum
489 3333 530 3396 ad
551 3332 786 3394 vindicandam
807 3332 966 3409 injuriam
989 3332 1099 3394 crucis

300 3431 433 3504 Christi,
450 3432 484 3493 et
503 3431 639 3502 terram,
656 3430 691 3491 in
706 3447 771 3508 qua
789 3429 889 3507 pedes
911 3433 984 3508 ejus
998 3431 1101 3493 stete-

299 3531 387 3603 runt,
414 3529 454 3590 de
480 3529 682 3605 perfidorum
697 3528 851 3589 manibus
865 3527 1101 3590 vindicandam

300 3627 514 3690 laudabiliter
524 3627 669 3688 animam
682 3642 776 3686 suam
789 3626 928 3702 ponunt,
941 3641 1015 3687 cum
1031 3628 1099 3688 tam

300 3727 467 3804 nequeant
489 3725 629 3787 ulterius
654 3724 724 3784 suis
749 3724 898 3786 totaliter
926 3723 1101 3802 stipendiis

300 3825 456 3895 militare,
469 3821 614 3886 clamant
625 3821 664 3882 ad
677 3837 748 3893 nos,
762 3837 876 3898 preces
892 3820 1057 3898 supplices
1069 3822 1102 3882 et
1117 3854 1121 3865 ·

301 3922 391 3984 omni
406 3921 519 3982 lavore
533 3919 746 3996 dignissimas
761 3919 972 3992 effundendo,
990 3921 1025 3980 ut
1038 3918 1102 3979 sibi

300 4025 369 4082 tam
390 4019 425 4080 iu
440 4017 640 4080 victualibus
657 4033 756 4095 quam
772 4017 912 4094 pecunia
923 4032 1053 4078 necnon
1067 4017 1102 4078 in

301 4119 378 4181 aliis
391 4115 510 4189 modis,
524 4115 644 4196 quibus
657 4131 844 4192 possumus,
861 4114 1015 4177 celeriter
1026 4130 1103 4176 suc-

301 4231 486 4286 curramus,
512 4214 599 4276 sicut
617 4214 779 4292 cupimus,
803 4229 845 4274 ne
861 4213 1027 4286 deliciunt,
1045 4211 1102 4274 sed

1154 3137 1384 3214 opportunum,
1400 3137 1448 3197 ita
1468 3136 1554 3213 quod
1572 3137 1605 3198 et
1623 3138 1739 3203 Deum,
1753 3139 1849 3211 cujus
1865 3135 1955 3212 prin·

1154 3233 1307 3310 cipaliter
1333 3249 1434 3296 causa
1461 3235 1604 3308 geritur,
1629 3233 1810 3310 propitium
1834 3235 1866 3294 et
1892 3247 1956 3293 uos

1153 3329 1215 3391 tibi
1243 3330 1344 3391 etiam
1370 3329 1490 3390 reddas
1512 3329 1713 3390 favorabiles
1731 3329 1764 3391 et
1782 3328 1956 3403 benignos.

1156 3428 1273 3490 Datum
1297 3426 1454 3488 Laterani
1475 3429 1550 3488 XVI
1572 3425 1639 3488 kal.
1655 3425 1828 3498 februarii,
1845 3424 1960 3503 ponti-

1156 3526 1274 3588 ticatus
1289 3526 1395 3587 nostri
1411 3541 1499 3586 anno
1514 3525 1624 3586 tertio.

1529 3711 1578 3799 ui

1217 3851 1269 3910 Ad
1284 3847 1440 3909 abbatem
1456 3847 1573 3907 Sancti
1588 3847 1687 3919 chpt,
1706 3845 1886 3905 cautorem

1275 3947 1310 4007 ct
1324 3946 1493 4006 decocunt
1508 3945 1626 4005 Sorcctt
1641 3943 1817 4018 Stephani.

1454 4067 1486 4123 ll
1499 4065 1559 4138 jau.
1573 4065 1652 4122 titi.

1189 4183 1308 4248 [Καμεὶ.
1316 4181 1363 4233 lib.
1375 4182 1417 4241 lll,
1431 4181 1504 4246 epist.
1515 4179 1570 4230 ²33.
1581 4181 1638 4232 llss.
1650 4180 1686 4230 La
1696 4179 1772 4229 Porto
1781 4179 1816 4230 du
1830 4177 1924 4242 Theti]

302 4313 478 4392 perficiant
494 4313 645 4388 praelium
658 4311 789 4372 Domini
799 4311 982 4389 praeliando
995 4333 1002 4371 :
1016 4310 1103 4372 unde
1181 4301 1225 4358 lle
1240 4305 1340 4358 militi
1357 4297 1551 4398 indulsssstlss'fli
1565 4301 1595 4354 θῑ
1606 4294 1757 4368 ΡῐίΥῦθΒῑθ
1773 4293 1936 4352 ωῡὶθθῑθῑῑῠ

300 4427 372 4482 nos,
400 4409 457 4486 qui
485 4409 526 4470 ad
553 4409 784 4485 liberationem
807 4411 908 4470 terrae
935 4409 1102 4485 praeuictae
1484 4383 1631 4442 msefflfflf·

302 4510 395 4570 tanto
409 4505 590 4575 ardentius,
608 4504 791 4580 inspirante
806 4505 956 4578 Domino,
973 4506 1104 4582 aspira·
1194 4491 1836 4568 Honorius,etc.,dilectistiliis...abbati
1845 4492 1959 4554 Sancti

304 4621 389 4678 mus,
416 4603 539 4681 quanto
561 4599 684 4662 Christi
708 4615 843 4662 causam
867 4603 979 4677 utpote
997 4601 1103 4678 ipsius
1158 4591 1817 4674 Lupi...cantorimeq'oriseoelesiae,et...
1832 4589 1959 4652 decano

304 4702 434 4774 vicarii,
463 4701 542 4762 licet
561 4699 716 4760 immeriti
743 4699 925 4771 constituti,
952 4701 1104 4760 tenemur
1160 4673 1272 4756 Sanbti
1288 4691 1596 4769 StephaniTrecen.

303 4816 420 4878 gerere
433 4797 623 4877 specialius,
638 4795 899 4873 quinquemillia
915 4811 1103 4858 marcarum
1199 4791 1303 4854 Nobis
1318 4788 1547 4867 principaliter
1555 4785 1712 4864 injuriosi
1723 4785 1887 4855 videntur,
1901 4785 1960 4860 qui

304 4899 337 4960 et
352 4896 442 4958 mille
462 4893 730 4956 ducentaslibras
746 4895 1105 4972 proventuum,praeter
1159 4893 1274 4952 contra
1287 4886 1510 4963 indulgentias
1521 4889 1553 4946 et
1561 4884 1737 4961 privilegia
1750 4881 1844 4944 Sedis
1854 4884 1961 4958 apos·

305 4993 1106 5068 naulumetaliasmultasexpensas‚quasRoma·
1158 4977 1272 5051 tolicae¹
1292 5001 1475 5065 quosquam
1504 4983 1656 5044 nituntur
1675 4983 1801 5044 temere
1825 4981 1959 5056 pertur-

305 5095 358 5156 nis
371 5089 611 5166 crucesignatis
625 5089 787 5162 dedimus,
800 5089 840 5150 ad
851 5089 1104 5152 subventionem
1158 5087 1250 5160 bare,
1262 5085 1435 5148 molientes
1450 5081 1566 5144 contra
1579 5079 1703 5140 nostrae
1717 5077 1960 5155 plenitudinem

305 5189 455 5273 praedicti
469 5187 637 5250 exercitus
663 5187 703 5249 de
725 5201 857 5248 camera
873 5189 986 5250 nostra
999 5203 1106 5265 nuper
1160 5183 1350 5264 potestatis,
1364 5182 1441 5244 dum
1458 5194 1498 5240 ea
1510 5177 1736 5239 irreverenter
1749 5175 1958 5252 impugnant.

306 5287 511 5372 providimus
535 5285 742 5347 destinanda.
765 5286 829 5348 Sed
849 5287 927 5364 quia
942 5285 1015 5348 haec
1029 5288 1106 5349 sunt
1161 5286 1266 5356 Quum
1279 5281 1382 5358 igitur
1401 5277 1487 5340 sicut
1501 5275 1614 5338 dilecti
1630 5274 1693 5338 tilii
1706 5272 1811 5335 abbas
1829 5273 1862 5336 et
1880 5288 1964 5333 con-

306 5387 436 5452 modica
451 5385 540 5446 inter
556 5381 667 5446 tantos
682 5384 826 5462 expedit,
844 5385 881 5446 ut
892 5383 1001 5446 adhuc
1020 5383 1105 5446 alias
1159 5383 1278 5442 ventus
1305 5377 1417 5439 Sancti
1437 5373 1581 5449 Remigii
1601 5375 1737 5434 Romen.
1755 5370 1880 5432 nostris
1895 5385 1961 5430 au-

308 5489 357 5549 eis
366 5483 533 5562 copiosius
543 5495 740 5543 succurrere
749 5481 955 5555 festinemus,
966 5497 1008 5544 ne
1019 5481 1104 5558 qnod
1160 5479 1252 5540 ribus
1266 5473 1472 5544 intimarunt,
1488 5469 1771 5534 nonnulli'contra
1788 5467 1964 5542 indulgen·

308 5583 404 5657 absit,
423 5597 516 5644 mora
537 5578 776 5657 periculumad
799 5595 835 5641 se
852 5580 975 5642 trahat.
999 5583 1105 5651 Quum
1159 5578 1224 5638 tias
1250 5577 1284 5637 et
1321 5572 1495 5651 privilegia
1530 5581 1645 5630 eorum
1681 5565 1885 5628 monasterio
1920 5563 1964 5625 ab

309 5683 420 5754 igitur,
437 5680 522 5740 sieut
535 5679 611 5752 scis,
624 5677 781 5739 statutum
794 5677 895 5739 suerit
909 5678 943 5738 in
958 5678 1105 5740 Concilio
1160 5674 1349 5751 apostolica
1373 5670 1456 5732 Sede
1482 5681 1651 5738 concessa,
1683 5665 1775 5741 ipsos
1800 5661 1965 5737 multipli-
