4280 6404
292 315 357 374 :sus
863 399 872 414 κ
906 311 1082 375 nononu
1105 313 1149 374 111
1170 313 1319 376 ornus.
1450 269 1453 274 ¹
1879 319 1942 378 sco

292 475 452 538 lectorum
491 473 635 536 illiorum
672 473 839 547 Anselml,
890 465 1009 547 Uirici,
1054 475 1087 537 et
1120 473 1338 544 ,camerario
1359 474 1490 535 centum
1505 487 1647 544 marcas,
1666 475 1700 536 et
1714 471 1811 550 longe
1827 479 1940 554 majo-

292 571 448 650 Oprandi,
467 571 703 634 canonicorum
725 573 829 650 ipsius
851 572 1010 644 ecclesia,
1028 571 1086 650 qui
1142 583 1384 634 remsummam
1404 571 1533 648 reginae
1551 571 1714 648 promisit,
1727 576 1938 649 utprocura-

291 671 377 732 sicut
391 669 455 731 viri
471 669 600 746 providi
616 669 648 730 et
664 667 787 741 fideles,
807 685 866 746 pro
886 685 926 731 ea
943 669 1087 732 sollicite
1142 671 1227 742 rent,
1251 669 1337 758 quod
1360 683 1421 731 rex
1447 667 1673 746 episcopatum
1700 671 1943 748 elasguensem

291 783 331 828 ac
344 767 485 828 fideliter
498 765 701 836 laborarunt,
718 765 812 826 illum
828 766 924 828 nobis
936 780 994 844 pro
1009 781 1088 828 ves-
1142 769 1237 830 daret
1263 767 1382 838 eidem,
1399 767 1515 844 sicque
1544 767 1666 829 iactum
1693 765 1754 841 est,
1773 769 1819 839 ut,
1844 769 1939 833 nulla

291 867 354 935 tra,
378 864 411 925 et
432 862 581 930 ecclesia
607 864 727 924 vestra
748 863 891 925 utilitate
914 864 1086 925 subtraxi·
1141 863 1556 927 electioneinterveniente
1567 865 1740 938 canonica,
1753 865 1788 926 in
1804 866 1941 942 episco-

212 1021 216 1030 ,
290 979 374 1032 mus,
399 976 458 1038 par
478 963 573 1038 eujus
597 960 796 1022 industriam
824 959 955 1023 labores
978 961 1086 1023 nostri
1142 979 1218 1040 pum
1246 964 1297 1025 ost
1325 963 1505 1038 promotus.
1535 962 1704 1024 Praeterea
1733 963 1813 1024 olim
1849 964 1939 1041 apud

204 1103 208 1110 .
289 1058 523 1120 relevabantur
537 1059 715 1135 praecipue,
730 1059 815 1120 etde
829 1058 1085 1134 cujuspruden·
1121 1060 1259 1122 ¹sedern
1291 1057 1520 1136 apostolicam·
1552 1059 1750 1121 constitutus
1792 1065 1943 1138 tempore

288 1157 335 1220 tia
358 1156 513 1218 solatium
534 1155 742 1233 potissimum
763 1155 976 1227 habebamus,
992 1155 1088 1218 vide-
1120 1206 1123 1216 .
1141 1157 1279 1218 concilii
1295 1157 1462 1233 generalis
1482 1155 1572 1217 dedit
1600 1156 1822 1234 quadraginta
1842 1173 1939 1219 mar-

288 1253 367 1316 licet
378 1253 588 1314 carissimum
601 1252 698 1314 nobis
713 1255 779 1315 R...
793 1255 917 1315 sanctae
928 1256 1086 1316 Romanae
1120 1248 1123 1295 ‘⁷
1141 1269 1197 1316 cas
1208 1254 1367 1331 magistro
1380 1251 1556 1330 liudulpho
1565 1253 1767 1317 Malovicino
1776 1253 1942 1318 canonico

288 1350 445 1414 Ecclesiae
462 1350 786 1422 vicecancellarium,
807 1351 916 1412 virum
932 1350 1083 1422 scientia,
1120 1368 1122 1445 ξ
1141 1351 1351 1428 elasguensi,
1365 1353 1401 1413 ut
1416 1349 1627 1428 praebendam
1638 1365 1733 1412 suam
1750 1352 1943 1428 resignaret

214 1429 219 1455 ⁴
287 1449 367 1520 vita,
387 1449 421 1510 et
439 1447 528 1510 lama
547 1447 754 1525 praclarum,
771 1448 805 1509 et
824 1447 990 1523 elegantia
1010 1461 1087 1508 ωο·
1120 1449 1258 1526 laidem,
1283 1465 1382 1526 quarn
1406 1463 1467 1509 suo
1489 1446 1664 1510 conferens
1685 1448 1871 1525 capellano,
1896 1449 1940 1511 ab

287 1557 361 1606 rum
389 1561 430 1607 ac
457 1545 721 1607 conversationis
751 1543 926 1606 dulcedine
958 1543 1087 1619 gratio-
1120 1547 1180 1608 'eo
1194 1547 1305 1608 statim
1321 1546 1395 1623 post
1414 1545 1655 1608 institutionem
1668 1544 1785 1607 decem
1805 1559 1942 1608 mamas

288 1657 372 1714 sum,
399 1641 571 1719 ipsumque
593 1643 713 1702 restra
737 1639 958 1718 praeficientes
978 1639 1087 1702 eccle-
1119 1630 1122 1676 ¹
1140 1643 1290 1706 extorsit.
1312 1643 1360 1704 hd
1388 1641 1460 1704 haec
1486 1643 1652 1704 visitando
1670 1641 1854 1715 diocesim,
1870 1643 1937 1716 his,

288 1739 359 1812 siae,
384 1754 424 1800 ac
450 1739 486 1800 in
512 1738 737 1815 patriarcham
761 1738 906 1815 propriis
931 1737 1085 1798 manibus
1120 1740 1214 1815 *quae
1229 1737 1270 1798 ad
1300 1737 1487 1814 episcopale
1510 1736 1655 1798 officium
1670 1736 1848 1814 pertinent,
1865 1736 1941 1798 iere

288 1837 531 1906 consecrantes,
549 1835 688 1913 pallium
708 1833 771 1896 sibi
787 1835 996 1907 tradidimus,
1013 1835 1087 1911 ple·
1120 1826 1123 1873 ἕ
1141 1835 1275 1896 omnino
1291 1833 1461 1912 neglectis,
1478 1834 1730 1911 procurationes
1750 1833 1937 1912 superfluus

288 1931 450 1993 nitudinis
473 1930 628 1992 videlieet
649 1929 751 1991 oflicii
776 1929 976 2007 pontificalis
1000 1929 1087 1990 insi·
1120 1876 1123 2035 ξ
1141 1932 1174 1993 et
1185 1931 1351 1993 indebitas
1364 1931 1469 2006 exigit
1478 1931 1514 1992 et·
1525 1931 1711 2008 extorquet,
1728 1931 1857 1992 malias
1870 1931 1939 1993 tor·

289 2045 364 2104 gno,
378 2029 415 2090 ut
426 2027 468 2090 ab
479 2027 667 2104 apostolica
679 2026 764 2088 Sede
775 2029 935 2103 tanquam
945 2041 1086 2103 sponsus
1121 2078 1123 2113 ,
1141 2030 1218 2107 quet
1233 2029 1380 2090 subditos
1396 2028 1626 2090 exactionibus
1638 2027 1789 2089 insuetis.
1802 2031 1849 2090 De
1864 2029 1941 2089 sin-

290 2127 330 2188 de
348 2125 496 2188 thalamo
512 2139 575 2185 suo
596 2123 637 2184 ad
663 2139 723 2184 vos
741 2123 777 2183 in
801 2125 921 2185 ornatu
942 2123 1088 2198 patriar·
1119 2141 1124 2183 r
1141 2125 1228 2202 gulis
1246 2125 1357 2187 autem
1383 2125 1534 2186 ecclesiis
1553 2125 1688 2186 nomine
1709 2125 1935 2202 synodalium,

289 2219 1086 2300 chaliprocedat,eto.»Praecipitutpatriarcham
1121 2206 1284 2329 jquatucr
1293 2221 1417 2284 solidos
1426 2221 1552 2299 recepit
1561 2223 1677 2284 contra
1686 2223 1850 2284 canonica
1859 2223 1939 2283 ins·

154 2361 160 2374 .
288 2320 400 2382 debito
418 2319 544 2380 honore
564 2318 808 2396 prosequantur
828 2317 986 2394 illiusque
1010 2331 1085 2378 mo·
1121 2321 1250 2393 tituta,
1280 2319 1313 2382 et
1332 2319 1475 2381 clericos
1502 2319 1536 2380 et
1558 2319 1666 2380 lutcus
1692 2319 1935 2396 delinquentes,

291 2417 370 2478 nilis
386 2416 628 2492 obtemperent
650 2415 768 2477 Datum
782 2412 924 2476 viterbii
938 2415 998 2474 Vll
1011 2411 1086 2474 idus
1121 2392 1124 2453 Ι
1141 2431 1208 2478 non
1223 2419 1259 2479 ut
1277 2417 1388 2478 errata
1410 2415 1567 2492 corrigat,
1591 2416 1655 2476 sed¹
1669 2415 1705 2476 ut
1718 2431 1788 2476 suae
1803 2415 1941 2478 satista-

291 2513 473 2576 decombris
486 2512 697 2591 pontificatus
712 2512 818 2578 nostri
833 2527 921 2574 auno
935 2513 1064 2588 quarto.
1121 2458 1124 2621 ἓ
1142 2513 1208 2576 ciat
1221 2514 1382 2585 avaritiae,
1399 2513 1594 2591 pecuniaria
1608 2526 1706 2590 poena
1721 2513 1867 2584 mulctat,
1883 2529 1939 2590 ap-

1121 2609 1375 2771 ertu
1389 2609 1939 2774 strennuum

293 2845 345 2906 M
364 2845 621 2916 mmmmm,
644 2699 909 2903 {220me
931 2839 1084 2902 electum.
1121 2724 1257 2925 {egram
1271 2805 1371 2867 etiam
1395 2804 1569 2866 involvens
1584 2751 1939 2866 excommunicationis

553 2960 718 3021 ,ann
741 2947 823 3020 sn.
1142 2898 1777 3061 thath:ttttuhtttl
1802 2915 1942 3074 titt

419 3075 671 3144 [rualsenem.
684 3075 820 3136 ffimioe·
835 3071 971 3138 ¹³’⁰·²⁹·]
1122 3054 1123 3061 ἵ
1143 3098 1176 3158 et
1201 3095 1464 3170 consanguineos
1491 3109 1569 3155 suos
1588 3041 1815 3155 illiteratos’et
1828 3092 1941 3154 minus

294 3189 390 3261 tltper
408 3183 623 3245 fflfflffliffll'iffl
636 3183 736 3242 scotos
751 3183 848 3256 iniqua
862 3183 992 3256 episcopi
1011 3181 1089 3242 ‘3¹⁸⁸‘
1143 3194 1281 3256 idoneos
1305 3191 1474 3254 substituit
1496 3192 1611 3254 contra
1632 3191 1812 3253 canonicas
1839 3205 1942 3252 sanc-

313 3275 433 3350 gucnsis
449 3281 512 3332 acta
526 3272 685 3331 examinari
700 3271 796 3342 locist,
812 3270 887 3329 etde
902 3267 1069 3330 hisreiernt.
1143 3291 1260 3355 tiones·
1276 3289 1367 3351 Apios
1381 3290 1493 3352 autem
1508 3288 1651 3366 pupillos
1677 3289 1711 3350 02
1735 3287 1883 3350 minores
1904 3287 1939 3348 in

334 3402 503 3464 Honorius
529 3400 725 3476 episcopus,
758 3397 879 3459 dilecto
906 3396 976 3460 lilio
1000 3399 1089 3458 Pan·
1144 3386 1389 3466 parochialibus
1412 3385 1566 3447 ecclesiis
1587 3385 1765 3446 instituere
1789 3399 1856 3446 non
1876 3399 1940 3446 re-

294 3499 385 3568 dulio
399 3497 609 3560 Norwicensi
627 3495 743 3568 electo,
760 3493 946 3556 camerario
961 3494 1087 3566 nostro,
1144 3485 1246 3548 retur.
1263 3483 1427 3557 Quosdam
1437 3497 1518 3544 vero
1527 3481 1711 3543 familiares
1726 3495 1805 3542 suos
1819 3495 1942 3542 uxores

295 3585 493 3674 apostolica
508 3593 604 3657 sedis
618 3593 738 3668 legato,
755 3592 909 3654 salutem.
1143 3582 1285 3646 aliorum
1300 3581 1432 3658 publice
1444 3579 1593 3641 detinere
1612 3593 1679 3640 non
1694 3579 1767 3640 sinc
1782 3577 1940 3640 scandalo

336 3694 416 3752 cum
430 3691 479 3762 hi,
493 3689 549 3767 qui
559 3687 707 3753 ministri
722 3687 844 3751 Christi
859 3688 892 3750 et
915 3685 1092 3762 dispensa·
1145 3680 1297 3752 sustinet,
1313 3678 1356 3750 et,
1373 3691 1448 3738 cum
1472 3675 1587 3754 possit,
1604 3673 1744 3751 negligit
1763 3674 1939 3750 castigare.

295 3791 386 3852 tores
406 3785 641 3864 mysteriorum
662 3785 733 3857 Dei,
760 3781 1034 3862 quemadmodum
1057 3781 1093 3843 et
1144 3777 1236 3840 Alias
1250 3776 1351 3838 etiam
1365 3775 1455 3836 circa
1475 3789 1590 3836 curam
1605 3771 1783 3849 pastoralis
1797 3769 1938 3847 regimi-

297 3885 456 3951 deberent
467 3899 552 3956 esse,
563 3882 754 3954 creduntur,
762 3895 859 3944 suum
869 3879 1089 3956 ministerium
1145 3875 1197 3938 nis
1211 3889 1248 3936 se
1275 3872 1362 3950 gerit
1386 3885 1491 3950 usque
1519 3869 1602 3934 adeo
1617 3867 1838 3946 negligenter,
1854 3867 1941 3946 quod

297 3974 1090 4057 inhonorant,illudprauisactibusdeiormendo,
1145 3968 1363 4048 olasguensis
1389 3967 1642 4044 ecclesiaque
1669 3965 1749 4028 olim
1770 3964 1938 4041 gaudebat

297 4079 412 4141 dolore
426 4077 461 4142 iu
476 4075 604 4140 occulto
619 4075 827 4138 confodimur
835 4074 868 4138 et
880 4073 1002 4134 rubore
1015 4086 1092 4134 eona
1146 4069 1240 4145 copia
1269 4065 1461 4144 peritorum,
1482 4065 1519 4127 et
1540 4061 1849 4140 possessionibuset
1861 4060 1942 4124 red-

297 4175 468 4241 tundimur
478 4174 513 4239 iu
523 4175 649 4252 aperto,
661 4173 739 4249 quia
751 4170 983 4247 etdelinquere
992 4167 1089 4240 alios,
1146 4164 1269 4226 ditibus
1280 4160 1479 4234 abundabat,
1494 4175 1583 4222 nuno
1611 4157 1752 4221 oonsilio
1766 4157 1943 4220 etriribus

299 4274 333 4337 et
346 4287 465 4334 nomen
479 4287 575 4332 suum
590 4269 718 4332 iaciunt
731 4269 767 4330 in
783 4267 913 4346 populis
935 4265 1093 4342 blasphe-
1145 4262 1314 4332 deshtum
1331 4257 1515 4322 succumbit
1542 4255 1791 4333 insurgentibus
1811 4270 1857 4319 ex
1876 4254 1942 4317 ud-

299 4369 384 4432 mari
401 4389 409 4428 :
426 4364 513 4427 unde
536 4381 608 4435 nos,
637 4365 693 4442 qui
717 4366 869 4426 tenemur
891 4359 1093 4424 universalis
1147 4375 1255 4432 verso,
1269 4358 1342 4436 ipso
1366 4356 1502 4419 minimo
1528 4354 1716 4424 resistente,
1741 4353 1802 4430 qui
1817 4351 1943 4414 divitiis

299 4464 455 4528 Ecclesiae
471 4475 584 4525 curam
600 4474 716 4536 gerere
730 4459 930 4534 generalem,
951 4457 1094 4519 libenter
1147 4455 1363 4519 affluentibus
1377 4467 1436 4516 oor
1459 4467 1645 4530 opponens,
1668 4449 1809 4526 negligit
1822 4449 1944 4512 laruam

301 4562 354 4626 his
365 4557 559 4630 remedium,
575 4555 661 4634 quod
683 4569 867 4633 possumus,
885 4552 1091 4624 adhibemus,
1148 4569 1252 4625 suam,
1270 4553 1404 4630 propter
1422 4550 1509 4628 quod
1525 4549 1562 4611 tit
1581 4547 1702 4626 populo
1725 4548 1762 4608 in
1782 4546 1942 4618 densum,

160 4710 166 4719 .
300 4653 610 4732 velcorrigibilesin
621 4651 873 4720 mansuetudine
885 4649 1091 4726 corrigendo,
1148 4665 1214 4712 non
1230 4650 1301 4710 sine
1316 4649 1412 4725 gravi
1436 4645 1655 4721 elasguensis
1672 4643 1823 4706 ecclesioe
1836 4643 1943 4706 detri-

300 4755 363 4827 rel¹
389 4751 582 4830 castigando
615 4763 714 4828 poena
755 4747 865 4810 debita
894 4747 1092 4830 pertinaces.
1148 4748 1270 4808 mento.
1286 4748 1367 4809 cum
1382 4745 1485 4820 igitur
1504 4743 1576 4805 haec
1590 4757 1732 4804 noanon
1750 4741 1866 4803 deceat
1885 4755 1944 4804 re-

302 4855 389 4916 Sane
403 4849 544 4910 dilectus
559 4845 648 4908 tilius
669 4845 827 4921 magister
840 4843 1032 4906 willelmus
1054 4843 1095 4906 de
1148 4845 1300 4920 linquere
1326 4841 1524 4910 indiscusse,
1553 4837 1748 4900 dIsoretioni
1777 4839 1844 4900 tua
1886 4850 1946 4913 per

302 4945 429 5026 gremio
449 4943 666 5021 Glasguensis
696 4942 847 5006 ecclesias
873 4941 1013 5004 clericus
1034 4955 1094 5001 sua
1148 4939 1339 5017 apostolica
1350 4937 1476 5014 scripta
1484 4935 1946 5011 mandamuspuatenuscau·

238 5111 244 5119 ,
301 5045 397 5108 nobis
417 5041 640 5105 insinuatione
657 5039 863 5113 monstravit,
887 5037 973 5117 quod
993 5051 1096 5099 veno
1149 5053 1220 5099 sam
1235 5035 1446 5113 ipsamjuxtu
1462 5032 1690 5111 praecriptam
1715 5029 1857 5093 turmam
1876 5027 1944 5090 ali-

302 5141 418 5206 rebilis
432 5140 536 5202 haten
559 5140 672 5201 noster
695 5135 1095 5214 elasguensisepiscopus
1150 5134 1268 5214 quibus
1293 5133 1377 5196 siris
1405 5129 1605 5194 discretisin
1621 5127 1744 5200 Socha,
1767 5127 1846 5205 guia
1866 5141 1946 5202 pru-

303 5251 370 5302 non
390 5237 575 5308 abandons,
592 5235 689 5314 quod,
702 5233 880 5296 secundum
889 5231 1093 5310 Apostolum,
1149 5232 1284 5294 dentum
1304 5231 1456 5291 thorum
1474 5228 1566 5290 illiue
1592 5225 1776 5304 provincias
1793 5223 1947 5286 menam

303 5351 402 5400 nemo
425 5334 493 5396 sibl
515 5333 614 5395 debet
635 5331 795 5394 honorem
819 5343 1000 5401 assumere,
1030 5327 1096 5389 nisi
1150 5345 1217 5392 non
1241 5327 1414 5399 habemus,
1440 5339 1503 5390 noo
1530 5321 1760 5399 indulgentias,
1780 5335 1880 5399 qum
1894 5335 1948 5381 ffi-

303 5437 440 5497 vocatus
464 5447 487 5493 a
511 5430 651 5492 Domino
676 5433 834 5506 uuquam
867 5429 990 5498 Aaron,
1021 5439 1096 5486 curn
1151 5426 1303 5489 risumus
1317 5423 1498 5488 inebriato
1508 5421 1598 5484 illius
1611 5420 1735 5492 noster,
1749 5433 1812 5480 rex
1826 5417 1946 5479 scotia

304 5531 393 5592 esset
404 5531 503 5591 clara
521 5527 689 5588 memoriae
708 5523 799 5600 regis
814 5523 934 5586 scotus
946 5521 1095 5599 capolia-
1151 5523 1303 5595 illustris,
1326 5521 1450 5584 habere
1468 5517 1689 5595 dignaretur,
1705 5531 1753 5577 ne.
1762 5513 1837 5592 quis
1850 5513 1947 5576 extre

305 5643 378 5700 nus,
396 5627 485 5688 dedit
506 5623 659 5702 Philippo
680 5623 720 5684 de
739 5622 876 5693 Valoue,
902 5620 981 5682 dicti
1009 5621 1097 5695 regis
1152 5635 1290 5696 regnum
1307 5618 1425 5681 scotia
1439 5610 1947 5683 rocatmincaueam,volumus
