4248 6410
334 255 394 316 615

336 414 423 476 unde
447 415 531 478 alios
552 415 666 490 arguis
685 413 850 489 arguaris,
873 411 930 473 sed
954 409 1124 472 revelante

337 511 462 590 Spiritu
484 512 604 573 Sancto
622 511 681 571 tua
702 509 866 570 ordinabo
881 511 949 569 Deo
969 510 1002 568 ei
1016 506 1124 567 homi-

335 607 434 670 nibus
466 608 584 670 debeat
616 607 831 683 complacere.
860 603 1123 666 Contradictores

334 709 445 766 aulem
463 705 493 764 si
514 705 571 782 qui
588 701 722 774 fuerint,
737 703 789 763 vel
804 701 954 770 rebelles,
970 716 1030 777 per
1044 716 1124 760 cen-

335 817 446 864 suram
464 800 733 870 ecclesiasticam,
745 798 968 874 appellatione
984 797 1122 867 remota,

334 913 534 975 compescas.
574 898 692 959 Datum
726 895 893 966 Laterani,
930 893 1123 955 duodecimo

948 252 1123 312 HONORII
1145 252 1190 311 111
1212 252 1358 311 OPERA.

1912 246 1977 307 olo

1177 407 1417 484 querimonIam
1444 404 1642 477 destinavit,
1668 404 1754 481 quod
1775 403 1898 466 nobilis
1919 405 1974 465 vir

1177 505 1364 564 willelmus
1376 503 1416 562 de
1428 502 1589 578 Rupibus,
1602 501 1807 562 senescallus
1819 501 1974 576 Andaga-

1177 601 1259 672 viae,
1278 601 1313 660 in
1332 601 1466 676 proprio
1486 599 1587 659 tundo
1603 599 1691 674 regis
1707 599 1854 675 ejusdem
1869 613 1972 674 prope

1177 699 1322 758 castrum
1351 697 1391 756 de
1422 696 1593 772 Rupelorti
1627 695 1790 771 quoddam
1827 695 1971 756 castrum

1178 793 1339 855 violenter
1354 793 1471 864 erexit,
1489 794 1604 852 contra
1617 793 1751 866 treugas
1765 791 1866 852 initas
1885 792 1973 852 iuter

1178 891 1277 953 clarae
1289 889 1457 950 memoriae
1477 890 1604 964 patrem
1620 889 1710 964 regis
1728 888 1850 964 ipsius,
1868 889 1900 949 et
1914 903 1974 948 ca-

334 995 493 1058 kalendas
509 992 667 1072 januarii,
687 991 897 1070 pontificatus
914 991 1020 1054 nostri
1036 1004 1124 1050 anno
1175 987 1345 1048 sissimum
1366 986 1400 1046 in
1423 985 1552 1046 Christo
1570 984 1674 1045 iillum
1696 971 1844 1045 nostrum
1859 999 1972 1060 regom

334 1092 458 1169 quinto.

214 1259 222 1270 Ι
350 1315 403 1376 Ad
415 1315 571 1388 priorem
584 1309 702 1372 Sancti
721 1310 866 1372 valore
879 1309 1103 1370 Parieteasts.

593 1423 628 1480 ἥ
641 1420 770 1480 decemb.
789 1421 868 1479 ¹22⁰.

333 1529 469 1596 [bouquet
488 1528 589 1582 llccncil
605 1528 648 1579 des
665 1529 730 1579 flist.
748 1527 815 1669 ms
828 1526 888 1586 71t;
910 1527 1018 1589 Regest,
1033 1525 1078 1576 lib.
1092 1525 1124 1588 V,

648 1606 723 1672 epist.
740 1607 795 1656 286.

333 1697 476 1766 blancha,
486 1697 602 1770 conjugi
618 1693 764 1764 ludovici,
782 1695 860 1768 regis
876 1693 998 1766 Philippi
1017 1694 1122 1766 primo·

367 1787 468 1861 geniti,
485 1800 571 1858 quum
582 1799 632 1856 pro
640 1783 793 1841 liberorum
802 1797 917 1840 suorum
930 1781 1125 1840 incolumitate

368 1875 415 1948 pia
434 1885 524 1931 mater
543 1873 631 1929 multa
646 1879 711 1930 vota
730 1872 889 1938 emisisset,
904 1871 1074 1942 timeretque
1089 1883 1125 1925 ne

369 1961 530 2036 quodquam
551 1975 587 2017 ex
605 1961 695 2032 ipsius
713 1959 852 2016 memoria
867 1957 1037 2025 elaberetur,
1054 1971 1123 2014 con·

368 2049 444 2108 cedit
472 2049 615 2106 llonorius
636 2055 667 2104 ut
694 2053 760 2104 vota
786 2048 815 2102 in
842 2046 896 2102 alia
923 2043 1125 2102 misericordis

369 2151 455 2209 opera
470 2141 680 2192 convertantur.

374 2243 541 2306 Honorius
558 2244 769 2320 episcopus...
790 2241 912 2303 dilecto
934 2240 1003 2301 tilio
1021 2239 1126 2318 priori

336 2339 448 2402 Sancti
462 2339 605 2400 Victoris
620 2337 832 2409 parisiensis
847 2314 999 2408 s'alutem,
1014 2339 1075 2398 etc.

374 2435 558 2498 Postulavit
571 2449 592 2497 a
607 2435 701 2520 nobis
717 2435 836 2496 dilecta
856 2433 891 2494 in
911 2434 1041 2496 Christo
1057 2432 1125 2493 illia

334 2532 481 2595 Blancba
495 2547 582 2594 uxor
600 2531 712 2593 dilecti
731 2531 792 2592 tilii
815 2531 922 2592 nostri
945 2529 1126 2608 (primoge-

335 2627 411 2708 niti)
434 2628 508 2702 Ph.,
531 2628 620 2704 regis
648 2629 852 2690 Francorum
882 2628 1042 2699 illustris,
1071 2627 1123 2699 ut,

335 2742 410 2790 cum
424 2726 538 2787 timeat
554 2742 597 2787 ne
613 2727 690 2786 vota
707 2725 838 2786 diversa
849 2741 923 2801 quae
940 2725 974 2784 in
990 2739 1126 2785 suorum

334 2823 446 2887 emisit
462 2817 709 2884 infirmitatibus
729 2821 888 2892 tiliorum,
909 2820 1125 2882 diuturnitate

335 2920 494 2997 temporis
530 2918 572 2979 ab
604 2918 709 2995 ipsius
746 2918 906 2979 memoria
940 2916 1123 2989 elabantur,

336 3015 456 3078 animae
472 3029 540 3076 suaa
556 3013 656 3075 saluti
673 3013 784 3074 vidore
803 3028 903 3089 super
916 3013 979 3074 boc
993 3013 1127 3075 miseri-

336 3111 480 3175 corditer
494 3109 717 3187 dignaremur.
734 3111 802 3172 Nos
814 3110 927 3185 igitur,
944 3109 1048 3187 ipsius
1065 3123 1127 3170 no-

334 3209 412 3272 bilis
431 3208 560 3270 devotis
579 3206 732 3284 precibus
749 3207 918 3279 inclinati,
933 3205 1126 3268 discretioni

335 3308 402 3369 luae
417 3321 476 3382 per
486 3304 674 3382 apostolica
688 3303 811 3380 scripta
824 3303 1031 3369 mandamus.
1044 3317 1127 3380 qua-

335 3403 453 3472 tenus,
479 3403 551 3478 eJus
571 3399 779 3462 confessione
794 3400 923 3476 plenius
936 3398 1125 3466 intellecta,

335 3499 412 3560 vota
441 3495 578 3574 praelata
605 3496 642 3557 in
670 3495 737 3557 alia
760 3511 861 3572 opera
889 3495 1126 3558 misericordiae

338 3594 542 3657 commutare
583 3607 751 3668 procures.
794 3593 913 3653 Datum
954 3593 1123 3664 Laterani,

337 3692 383 3752 XI
398 3689 465 3750 lral.
480 3689 642 3766 januarii,
659 3703 748 3750 anno
763 3689 888 3766 quinto.

667 3847 792 3935 CLIII
824 3931 826 3936 ,

337 3985 388 4045 Ad
406 3971 559 4045 abbatem
574 3981 692 4043 Sancti
705 3984 910 4058 Laodeqartt
920 3983 957 4043 et
967 3986 1127 4056 priorem

534 4081 575 4140 aa
595 4079 707 4141 Veteri
721 4081 921 4141 Parteaaio.

595 4191 630 4250 ii
644 4190 772 4250 decemb.
791 4192 867 4250 1220.

368 4297 503 4362 [bouquet
514 4297 561 4346 loc.
575 4295 628 4354 cit,
642 4310 667 4360 p.
680 4296 741 4355 lit,
753 4297 861 4360 aegest,
872 4297 917 4350 lib.
929 4298 959 4358 V,
971 4313 1010 4363 ep.
1022 4297 1090 4362 ita]

336 4401 479 4460 willelmo
497 4399 532 4457 de
556 4399 699 4472 Rupibus,
728 4399 930 4473 andegavensi
952 4403 1124 4472 senescallo,

370 4486 522 4546 infestante
536 4487 648 4558 anglis
662 4488 741 4560 regis
755 4495 877 4546 castrum
888 4489 923 4546 de
936 4489 1080 4563 Rupelorti
1093 4490 1129 4548 ad

371 4577 516 4649 Ligerim,
541 4573 659 4632 mandat
678 4575 820 4632 Honorius
837 4584 868 4634 ut
881 4577 1040 4636 Willelmus
1064 4577 1127 4636 des·

371 4673 466 4723 truere
485 4662 646 4722 castellum,
664 4661 739 4734 quod
753 4662 889 4722 adversus
903 4665 1015 4738 Angliae
1029 4679 1128 4739 regem

371 4758 510 4820 erexerat,
519 4750 664 4824 jubeatur;
680 4748 756 4820 dein,
772 4753 797 4809 si
809 4767 909 4824 parere
924 4753 1066 4812 mandatis
1078 4769 1125 4812 ne

371 4839 502 4912 glexerit,
524 4853 575 4911 per
590 4851 741 4896 censuram
756 4841 980 4898 ecclesiasticam
993 4840 1126 4899 cohibea·

371 4933 426 4985 tur.

378 5033 544 5096 Honorius
559 5035 770 5111 episcopus...
783 5035 912 5097 dilectis
926 5035 1004 5096 liliis
1019 5037 1129 5099 abbati

338 5131 654 5207 SanctiLeodegarii
668 5133 701 5192 et
714 5132 819 5208 priori
832 5133 872 5193 do
886 5134 1000 5194 Veteri
1011 5136 1129 5196 Parte-

338 5229 427 5301 naio,
439 5227 662 5290 xantonensis
677 5230 709 5288 et
720 5229 925 5290 Pictavensis
938 5229 1126 5304 dioecesum,

336 5325 370 5388 et
384 5325 572 5388 subdecano
586 5324 728 5395 Pictas,
744 5324 895 5398 salutem,
913 5327 973 5388 etc.

377 5427 518 5484 (travam
528 5421 570 5482 ad
581 5435 641 5480 nos
652 5420 845 5482 carissimus
854 5423 889 5481 in
900 5423 1030 5485 Christo
1041 5424 1129 5486 illius

337 5521 452 5581 noster
477 5517 650 5587 Heancus,
679 5533 739 5582 rex
769 5519 952 5593 Anglorum
978 5521 1127 5594 illustris,

1179 1085 1382 1144 Francorum
1395 1081 1568 1153 illustrem,
1581 1082 1706 1142 temere
1716 1079 1894 1154 veniendo,
1908 1096 1972 1142 nec

1179 1179 1232 1240 bis
1246 1179 1430 1250 contentus,
1445 1178 1522 1239 illos
1532 1178 1589 1255 qui
1600 1179 1676 1238 sunt
1687 1179 1722 1240 in
1733 1176 1889 1254 praedicto
1902 1192 1975 1238 cas·

1178 1278 1229 1336 tro
1245 1276 1286 1336 de
1301 1275 1472 1351 Rupeiorti
1483 1277 1554 1352 jam
1569 1274 1652 1336 adeo
1671 1274 1867 1345 coarctavit,
1884 1272 1971 1350 quod

1178 1389 1240 1434 nec
1265 1372 1343 1433 inde
1370 1372 1493 1433 audent
1517 1371 1628 1441 exire,
1653 1387 1715 1432 nec
1741 1372 1879 1446 possunt
1905 1369 1973 1430 sibi

1179 1469 1314 1530 aliunde
1334 1469 1367 1528 in
1387 1467 1586 1530 victualibus
1608 1467 1792 1544 providere.
1812 1467 1972 1528 Nolentes

1179 1565 1281 1642 igitur
1290 1567 1416 1627 tantam
1429 1565 1517 1639 regis
1528 1563 1674 1640 ejusdem
1686 1563 1841 1640 injuriam
1853 1577 1971 1640 aequa-

1178 1663 1313 1723 nimiter
1330 1661 1484 1732 tolerare,
1507 1662 1562 1736 qui
1584 1661 1692 1738 potius
1711 1661 1868 1736 tanquam
1886 1675 1971 1736 pro-

1179 1759 1285 1836 priam
1296 1757 1452 1819 debemus
1461 1758 1614 1834 prosequi
1630 1773 1765 1817 causam
1776 1759 1859 1833 ejus,
1870 1773 1972 1834 quum

1179 1856 1438 1932 crucesignatus,
1456 1854 1624 1930 orphanus
1643 1856 1677 1915 ct
1699 1854 1858 1915 custodiae
1873 1854 1972 1915 Sedis

1178 1953 1376 2028 Apostolicae
1396 1952 1588 2022 derelictus,
1615 1949 1675 2011 sub
1699 1951 1812 2012 nostra
1833 1953 1971 2026 protec-

1179 2049 1269 2111 tione
1283 2049 1448 2120 consistit,
1469 2047 1660 2125 praediclum
1680 2047 1825 2109 nobilem
1845 2062 1973 2124 rogan-

1179 2146 1256 2206 dum
1280 2145 1434 2206 duximus
1460 2147 1493 2207 et
1517 2145 1734 2216 monendum,
1759 2145 1882 2206 nostris
1905 2145 1972 2205 sibi

1179 2242 1294 2304 dantes
1314 2243 1434 2305 litteris
1452 2243 1487 2303 in
1501 2242 1676 2312 mandatis,
1693 2244 1739 2312 ut,
1756 2243 1899 2304 castrum
1914 2242 1972 2317 ip-

1179 2355 1251 2399 snm
1266 2339 1301 2400 in
1318 2339 1547 2416 praejndicIum
1565 2339 1652 2414 regis
1672 2339 1818 2400 erectum
1838 2338 1971 2416 penitus

1180 2435 1362 2506 destruens,
1385 2450 1404 2494 a
1424 2435 1599 2496 vexati0ne
1624 2434 1794 2495 hominum
1814 2435 1912 2495 castri
1927 2432 1971 2494 dc

1180 2530 1351 2608 Rupctorti
1364 2532 1500 2592 omnino
1514 2531 1662 2592 desistat.
1686 2531 1826 2608 ideoque
1838 2530 1970 2592 discre-

1180 2629 1262 2690 tioni
1277 2629 1395 2689 vestrae
1410 2643 1469 2704 per
1488 2627 1675 2704 apostolica
1693 2629 1816 2706 scripta
1829 2627 1970 2688 manda-

1179 2742 1252 2786 mus
1268 2726 1443 2804 quaterna,
1461 2725 1489 2784 si
1505 2724 1611 2786 dictus
1633 2724 1753 2786 nobilis
1768 2725 1854 2801 quod
1869 2739 1969 2784 man-

1180 2822 1329 2884 davimus
1345 2821 1530 2900 neglexerit
1553 2821 1750 2898 adimplere,
1765 2837 1822 2884 vos
1838 2821 1970 2882 eumad

1179 2919 1212 2980 id
1237 2936 1296 2996 per
1321 2934 1494 2980 censuram
1516 2918 1792 2989 ecclesiasticam,
1817 2918 1970 2996 appella-

1178 3017 1268 3077 tione
1278 3016 1415 3087 remota,
1428 3015 1563 3092 cogads.
1574 3014 1828 3077 venerabilibus
1840 3031 1970 3094 quoquo

1180 3112 1337 3174 iratribus
1363 3113 1487 3174 nostris
1512 3113 1763 3190 archiepiscopo
1785 3113 1970 3174 Turonensi

1179 3212 1212 3273 et
1226 3209 1446 3286 suflraganeis
1463 3209 1542 3281 suis,
1560 3211 1593 3272 et
1607 3209 1736 3271 dilectis
1751 3209 1828 3270 tiliis
1840 3209 1971 3272 abbati-

1179 3305 1240 3367 bus
1259 3308 1293 3369 et
1310 3306 1386 3368 aliis
1403 3306 1619 3368 ecclesiarum
1639 3305 1784 3383 praelatis
1805 3307 1841 3368 in
1863 3309 1971 3368 Turo-

1180 3403 1970 3480 nensiprovinciaconstitutis,dirigimusscripta

1179 3501 1303 3571 nostra,
1320 3501 1356 3560 ut
1371 3499 1521 3576 qnotIens
1540 3516 1560 3560 a
1582 3499 1741 3577 praedicto
1755 3516 1833 3576 rege
1847 3500 1971 3561 luerint

1180 3597 1342 3674 requisiti,
1363 3613 1438 3657 eum
1457 3595 1498 3656 ad
1517 3596 1550 3656 id
1568 3597 1734 3674 spirituali
1749 3597 1782 3660 et
1795 3597 1969 3674 temporali

1180 3694 1385 3755 districtione
1409 3692 1617 3770 compellant.
1641 3694 1730 3766 Quod
1756 3695 1784 3756 si
1809 3710 1875 3756 non
1898 3709 1970 3755 om-

1179 3805 1249 3862 nes,
1266 3791 1327 3852 etc.
1344 3790 1463 3850 Datum
1481 3790 1649 3862 Laterani,
1665 3793 1710 3851 Xl
1727 3791 1795 3852 kal.
1807 3790 1967 3868 januarii,

1180 3901 1267 3949 anno
1283 3885 1408 3964 quinto.

1515 3999 1631 4088 CLIV

1249 4135 1301 4194 aa
1327 4135 1507 4196 Nicetium
1532 4134 1695 4194 clericam
1725 4133 1909 4195 menaea

1444 4243 1478 4302 23
1498 4243 1627 4302 decemb.
1646 4243 1723 4302 12²0.

1212 4351 1332 4416 [Regest.,
1343 4351 1387 4400 lib.
1397 4351 1427 4408 V,
1437 4349 1511 4416 epist.
1522 4349 1577 4400 293.
1588 4349 1644 4398 blss.
1663 4350 1699 4400 ts
1711 4350 1784 4400 Porta
1800 4349 1834 4400 dn
1846 4349 1938 4411 theti]

1182 4456 1313 4530 indulget
1332 4456 1358 4514 ei
1379 4464 1409 4514 ut
1428 4463 1529 4528 praeter
1552 4453 1690 4512 beneficia
1707 4469 1771 4526 quae
1796 4462 1856 4514 tum
1877 4455 1967 4527 possi-

1300 4543 1395 4630 debat,
1412 4543 1487 4600 aliud
1502 4545 1589 4600 etiam
1609 4543 1699 4615 possit
1712 4543 1850 4600 obtinere.

1221 4651 1404 4722 Honorius,
1422 4649 1496 4720 etc,
1523 4649 1641 4711 dilecto
1664 4647 1733 4710 iilic
1748 4649 1886 4710 Nicolao
1903 4648 1973 4709 cle·

1182 4748 1252 4810 rico
1267 4747 1427 4808 Tullensi.

1222 4845 1302 4904 Cum
1317 4844 1363 4905 ita
1381 4843 1420 4904 de
1441 4843 1587 4904 moribus
1603 4843 1635 4904 et
1650 4841 1789 4903 scientIa
1804 4857 1973 4904 commen-

1182 4940 1282 5013 deris,
1296 4941 1333 5002 ut
1344 4941 1462 5016 dignus
1472 4941 1580 5016 gratia
1592 4939 1686 5000 Sedis
1696 4939 1894 5015 Apostolicae
1905 4939 1971 4999 ba-

1182 5035 1303 5110 bearis,
1316 5053 1376 5098 nos
1391 5037 1590 5099 venerabilis
1606 5037 1718 5098 fratris
1737 5036 1879 5098 nostri...
1889 5036 1973 5113 epis-

1183 5135 1256 5212 copi
1270 5133 1398 5195 Tullen.
1410 5141 1444 5196 et
1454 5135 1520 5195 tuis
1535 5133 1688 5210 precibus
1703 5132 1865 5204 inclinati,
1887 5147 1970 5194 auc-

1182 5231 1315 5292 toritate
1328 5230 1388 5292 tibi
1398 5230 1612 5307 praesentium
1623 5229 1842 5306 indulgemus,
1856 5229 1892 5290 ut
1905 5244 1972 5290 non

1184 5326 1333 5390 obstante
1368 5327 1602 5390 constitutione
1637 5326 1776 5388 concilii
1806 5325 1974 5402 generalis

1184 5427 1304 5502 practer
1315 5425 1487 5497 beneficia,
1496 5440 1568 5502 quae
1583 5439 1671 5484 nunc
1680 5421 1861 5494 babes,tibi
1875 5422 1976 5482 liceat

1184 5523 1291 5582 adhuc
1305 5538 1405 5583 unum
1423 5523 1581 5600 recipere,
1597 5522 1625 5581 si
1640 5521 1700 5582 tibi
1718 5519 1876 5582 canonIce
1891 5518 1976 5579 otie-
