4250 6404
133 275 175 334 57
753 267 980 340 emarcus.
1004 271 1083 332 urs.
1107 271 1164 332 ιιι.
1520 231 1522 236 ’
1744 279 1784 339 53

135 433 171 494 et
190 429 453 494 auxionensem
468 427 668 507 provincias,
687 443 792 506 usque
812 428 854 490 ad
873 443 932 490 sa-
988 428 1200 506 possessione
1223 428 1380 504 gaudere.
1408 431 1478 494 Nos
1506 431 1609 508 igitur
1635 435 1784 512 ejusdem

134 527 358 592 tisiactiouem
374 526 585 603 condignam,
601 526 930 589 sicutexcommuni-
988 529 1025 589 R.
1057 527 1354 604 supplicationibus
1388 527 1558 601 inclinati,
1590 531 1783 595 discretioni

135 629 239 698 catos,
254 625 379 689 arctius
392 624 525 688 evitari.
542 626 635 696 Quod
651 625 681 685 si
695 640 762 686 non
777 639 931 688 omnes...
986 625 1108 688 vestrm
1132 641 1192 703 per
1212 625 1402 703 apostolice
1426 627 1550 706 scripta
1574 629 1782 701 mandamus,

135 725 223 786 alter
243 723 409 795 vestrum,
431 725 494 785 etc.
518 722 636 784 Datum
659 721 831 792 Laterani,
857 724 932 784 Vlll
987 723 1150 800 quatenus
1178 722 1339 786 iacientes
1367 724 1476 803 ipsum
1498 727 1667 803 jamdictae
1696 745 1785 806 prae-

135 821 271 884 kalend.
289 820 486 894 decembris,
499 819 711 896 pontificatus
724 819 829 882 nostri
844 835 932 882 auno
986 818 1102 881 bendae
1126 821 1265 898 pacifica
1289 822 1500 898 possessione
1525 825 1684 900 gaudere,
1716 840 1784 888 non

134 918 247 982 tertio.

191 1168 245 1229 Aa
266 1164 422 1227 abbatem
450 1165 642 1238 Ursicampt
668 1165 703 1227 et
731 1167 880 1241 Uaolaam

422 1262 464 1320 alc
481 1261 647 1322 cordolio.

394 1380 429 1439 11
444 1379 577 1438 novemb.
595 1380 674 1440 1118.

169 1491 289 1556 [liapcst.,
299 1487 343 1540 lib.
354 1487 398 1548 111,
408 1487 484 1554 epist.
499 1487 552 1538 130.
561 1488 618 1538 1111.
629 1488 666 1539 La
679 1487 752 1538 Porto
762 1487 796 1539 du
807 1487 901 1554 risit]

184 1589 221 1646 Ut
236 1601 294 1645 uon
306 1585 472 1660 permittunt
484 1587 518 1644 it.
535 1583 706 1644 canonicum
720 1601 807 1660 super
821 1585 885 1660 ejus

373 1673 526 1749 praebenda
540 1673 696 1733 molestari.

173 1783 354 1856 Honorino,
371 1784 447 1858 etc,
463 1782 577 1845 abbati
600 1783 789 1862 Ursicampi
808 1782 934 1846 Cister-

134 1881 222 1945 cien.
237 1881 375 1956 ordinis,
392 1880 588 1944 Noviomen.
601 1880 766 1954 dioecesis,
778 1881 811 1942 et
823 1879 933 1958 Ugoni

29 2043 33 2056 ,
133 1980 175 2041 de
195 1977 359 2052 cordolio,
376 1979 409 2042 et
428 1977 572 2041 Gnidoni
590 1978 631 2040 de
646 1978 816 2041 (liriniaco
831 1992 934 2040 cano-

132 2077 220 2140 nicis
235 2076 446 2144 Noviomeu„
464 2075 616 2148 salutem,
630 2077 693 2138 etc.
828 2125 834 2134 .

176 2173 380 2236 consututus
400 2172 436 2235 in
457 2171 638 2251 praesentia
658 2173 774 2234 nostra
793 2171 933 2234 dilectus

134 2271 226 2336 filius
250 2271 437 2350 Raynerius
467 2269 638 2332 siclinien.
666 2269 847 2332 canonicus
871 2283 933 2331 sua

133 2369 231 2434 nobis
250 2367 414 2430 relatione
428 2368 636 2440 monstravit,
653 2369 686 2429 et
700 2366 763 2429 boc
778 2367 865 2429 idem
880 2366 933 2426 di-

134 2467 298 2532 lectorum
320 2465 465 2528 liliorum
489 2468 542 2526 W.
572 2464 702 2528 abbatis
727 2463 840 2526 Sancti
863 2467 933 2526 Au-

133 2564 233 2636 berti,
243 2580 283 2626 ac
297 2563 532 2642 magistrorum
547 2562 702 2641 Crispini,
714 2578 754 2624 ac
768 2562 933 2623 Simeonis

981 918 1186 993 permittatis
1200 934 1276 980 eum
1290 917 1460 997 abaliquo
1474 937 1576 998 super
1589 922 1665 1000 ipsa
1686 923 1785 984 iude-

987 1012 1054 1076 bite
1078 1015 1260 1088 molestari,
1277 1015 1507 1080 molestatores
1526 1021 1598 1096 ejus
1617 1019 1784 1082 indebitos

986 1127 1046 1189 per
1069 1128 1245 1174 censuram
1264 1114 1539 1188 ecclesiasticam,
1561 1116 1786 1196 appellatione

987 1209 1181 1288 postposita,
1197 1213 1455 1289 compescentes.
1469 1215 1636 1277 Revocatc
1653 1215 1690 1276 in
1704 1215 1785 1278 irri-

987 1307 1110 1369 iamsi
1139 1307 1218 1386 quid
1244 1309 1361 1372 contra
1393 1308 1517 1372 dictum
1543 1313 1582 1374 R.
1607 1311 1785 1390 postquam

988 1403 1076 1466 idem
1098 1405 1163 1468 iter
1183 1407 1326 1483 arripuit
1346 1406 1388 1468 ad
1413 1406 1531 1469 Sedem
1559 1408 1785 1486 Apostolicam

987 1501 1155 1575 veniendi,
1173 1518 1273 1580 super
1283 1505 1354 1581 jam
1372 1503 1461 1566 dicta
1476 1503 1653 1582 praebenda
1667 1504 1786 1567 illicite

987 1597 1184 1661 inveneritis
1212 1601 1419 1664 attentatum.
1446 1601 1539 1674 Quod
1563 1601 1594 1663 si
1620 1618 1687 1664 non
1714 1619 1788 1664 om-

987 1711 1060 1768 ues,
1070 1699 1145 1770 etc,
1160 1697 1225 1759 duo
1235 1699 1392 1772 vestrum,
1407 1699 1470 1760 etc.
1482 1699 1601 1762 Datum
1614 1701 1786 1774 Laterani,

988 1793 1104 1856 octavo
1119 1794 1282 1857 kalendas
1296 1795 1492 1870 decembris,
1511 1813 1601 1859 anno
1615 1797 1726 1860 tertio.

1361 1981 1414 2067 LI

1081 2124 1133 2182 Ad
1147 2123 1363 2184 Gatidalmtam
1376 2123 1489 2196 Petri,
1502 2125 1696 2216 albiensem

1280 2222 1487 2294 episcopum.

1244 2349 1279 2407 16
1290 2349 1423 2408 novemb.
1444 2352 1522 2410 1118.

1041 2474 1178 2540 [Bouquet
1189 2477 1248 2528 1111.
1260 2475 1305 2526 des
1316 2475 1392 2534 ilict,
1407 2482 1427 2527 t.
1440 2476 1508 2536 lllX,
1519 2491 1547 2542 p.
1556 2475 1611 2528 171.
1624 2475 1735 2542 degeat,
1771 2507 1782 2538 ,·

1273 2553 1496 2620 mmm&

133 2662 373 2725 canonicorum
395 2661 621 2729 Cameracen„
647 2675 730 2737 quos
756 2659 865 2723 eidem
891 2661 930 2722 R.
987 2661 1118 2735 Praecipit
1135 2634 1270 2734 episeopo
1288 2660 1446 2730 Honorius,
1470 2669 1502 2720 ut
1519 2670 1645 2722 castrum
1668 2663 1786 2750 scuria,

133 2759 331 2824 executores
352 2757 508 2822 dumus
532 2757 761 2821 concedendos
785 2771 934 2834 praesen.
1021 2749 1193 2822 Apostolicae
1205 2747 1285 2806 Sedis
1294 2750 1450 2823 proprium,
1464 2749 1539 2822 quod
1550 2751 1611 2824 ipse
1622 2752 1788 2827 episcopus,

134 2857 214 2918 ηπ
238 2855 333 2918 nobis
354 2855 474 2918 litam
496 2853 719 2926 continebant,
750 2852 836 2934 quod
858 2869 932 2914 oum
1022 2837 1067 2895 vel
1091 2835 1198 2896 tamilla
1221 2837 1294 2910 ejus,
1315 2837 1470 2896 tradiderat
1486 2839 1635 2898 l'olosauis
1656 2842 1789 2899 ecclesia

135 2953 237 3020 iidem
269 2953 483 3026 executores,
513 2950 703 3030 Apostolico
731 2966 791 3029 pro
817 2950 932 3012 eodem
1023 2925 1249 2995 adversantibus,
1271 2925 1434 2985 restituatur
1445 2927 1479 2984 Α.
1496 2927 1523 2986 S.
1538 2928 1643 3002 legato.

135 3055 175 3114 R.
192 3052 326 3128 recepto
340 3049 497 3114 mandato
500 3092 560 3114 .....
575 3048 738 3111 decanum
752 3048 932 3125 1111111-
1027 3054 1193 3116 Honorius
1224 3053 1434 3131 episcopus...
1470 3053 1656 3117 venerabili
1691 3054 1788 3118 tratri

134 3149 205 3214 ium
221 3147 391 3214 siclinien.
409 3146 602 3224 diligentius
616 3143 833 3218 monuissent,
844 3144 934 3222 utip·
987 3151 1141 3228 episcopo
1154 3149 1304 3212 Albiansi
1318 3148 1380 3230 (a),
1406 3151 1558 3224 salutem,
1580 3152 1642 3214 etc.

135 3262 210 3306 sum
225 3244 266 3306 ad
279 3242 588 3322 praebendamque
603 3242 666 3306 luit
678 3243 815 3320 Rogerii
828 3257 935 3320 quon·
1029 3249 1136 3308 Grave
1146 3245 1291 3322 gerimus
1304 3248 1338 3308 11
1345 3245 1532 3322 indignum,
1539 3246 1637 3326 qued,
1645 3263 1720 3309 cum
1731 3247 1790 3309 du·

135 3343 213 3410 dam
228 3340 376 3420 eiusdem
386 3340 537 3404 ecclesias
550 3341 715 3413 canonici,
723 3341 803 3402 tunc
815 3354 934 3402 vecan·
988 3341 1079 3404 bium
1094 3342 1216 3404 nonsit
1239 3343 1384 3405 castrum
1400 3343 1525 3406 scuriae
1541 3358 1615 3405 esse
1643 3343 1789 3420 speciale

135 3443 215 3511 tem,
238 3455 258 3500 a
278 3441 372 3516 quus
388 3438 567 3502 collatione
581 3437 705 3500 dudum
720 3437 933 3516 praepositum
988 3439 1406 3516 acpropriumApostolicae
1422 3439 1572 3512 Sedis,tu
1585 3439 1680 3513 illud,
1700 3441 1790 3502 sicut

138 3536 285 3616 ejusdem
301 3551 361 3618 pro
375 3535 491 3600 eodem
510 3538 550 3598 R.
572 3535 770 3601 auctoritate
792 3536 935 3612 111111-
989 3537 1189 3614 accepimus,
1204 3535 1371 3600 tradidisti
1387 3536 1522 3613 perfidis
1533 3537 1719 3608 Tolosanis,
1730 3538 1786 3599 vel

137 3634 204 3700 lica
219 3635 385 3698 duxerant
395 3631 672 3710 suspendendum,
689 3632 724 3693 in
735 3631 934 3696 canonicum
988 3633 1108 3696 tradia
1123 3638 1180 3696 tua
1196 3632 1322 3695 familia
1344 3634 1536 3711 permisisti.
1559 3635 1701 3712 Ideoque
1729 3649 1790 3711 per

138 3747 236 3798 suum
259 3730 458 3808 reciperent,
483 3730 516 3794 et
542 3731 579 3792 iu
605 3729 753 3794 trabem.
777 3729 934 3806 Alioquin
988 3731 1249 3809 apostolicatus
1264 3731 1388 3809 scripta
1403 3731 1609 3804 mandamus,
1626 3731 1790 3794 etinvir-

138 3829 227 3893 inira
247 3829 374 3890 certum
393 3830 523 3906 tempus
556 3843 671 3889 eorum
692 3843 729 3889 se
743 3825 934 3906 conspectui
989 3831 1057 3892 tute
1082 3827 1278 3891 obedientiae
1299 3829 1448 3891 districte
1470 3827 1692 3906 praecipimus,
1706 3843 1791 3905 qua-

139 3925 389 4006 praesentarent,
415 3872 592 4002 allegaturi
616 3939 719 4006 quare
743 3924 934 3988 mandatum
988 3927 1085 3988 tenus
1105 3928 1250 3988 castrum
1274 3925 1383 4004 ipsum
1405 3925 1581 3988 occasione
1596 3927 1629 3988 et
1643 3941 1789 3987 excusa-

138 4027 290 4090 nostrum
309 4039 377 4089 uon
396 4021 531 4088 deberet
545 4022 629 4096 lieri,
653 4021 706 4084 vel
725 4038 793 4088 non
812 4019 932 4104 possit;
988 4024 1080 4086 tione
1095 4022 1312 4095 cessantibus,
1327 4023 1447 4084 dilecto
1462 4022 1532 4084 lilio
1553 4023 1668 4084 nostro
1686 4023 1722 4083 Β.
1740 4021 1788 4100 (b)

138 4121 218 4182 dicti
233 4119 390 4189 decanus,
407 4119 440 4181 et
459 4119 652 4198 capitulum,
668 4118 747 4182 licet
767 4134 787 4180 a
808 4118 936 4198 princi·
989 4120 1079 4183 tituli
1096 4120 1291 4180 Sanctorum
1309 4117 1472 4182 lobannis
1492 4121 1525 4181 et
1539 4119 1636 4179 Pauli
1647 4117 1789 4195 presby-

137 4216 193 4296 pio
221 4233 257 4278 se
279 4217 431 4279 difficiles
452 4216 669 4282 exhibuerint
692 4217 729 4277 in
754 4215 818 4277 bac
840 4215 936 4292 parte
988 4219 1060 4280 tero
1080 4215 1254 4288 cardinali,
1272 4219 1310 4276 Α.
1329 4217 1362 4276 S.
1379 4215 1500 4291 legato,
1518 4213 1651 4276 nomine
1676 4215 1790 4276 nostro

137 4329 198 4396 per
224 4313 411 4377 iohannem
444 4312 603 4375 clericum
636 4313 789 4375 nuntium
820 4327 935 4373 eorum
990 4313 1146 4374 restituas
1168 4311 1357 4388 necperte,
1374 4311 1429 4374 vel
1451 4311 1610 4388 pertuos,
1629 4309 1791 4387 impedire

138 4412 349 4478 frustratorie
364 4409 710 4487 sedemnpostolicam
723 4407 933 4487 appellando,
990 4423 1183 4488 praesumas,
1201 4409 1378 4487 quominus
1401 4407 1490 4470 idem
1517 4407 1709 4481 cardinalis,
1736 4408 1790 4472 vel

138 4509 347 4588 postmodum
383 4510 496 4571 minen
530 4506 583 4569 usi
616 4505 757 4568 consilio
791 4505 933 4578 saniori,
990 4507 1089 4581 alius,
1102 4506 1157 4569 cui
1180 4507 1326 4568 castrum
1351 4506 1460 4583 ipsum
1486 4505 1620 4568 duxerit
1639 4505 1792 4567 commit-

139 4623 228 4684 saepe
256 4606 360 4668 latum
390 4609 442 4678 R..
471 4607 629 4682 anquam
653 4603 845 4668 obedientes
874 4603 935 4665 tilii
989 4605 1148 4676 tendum,
1180 4603 1262 4666 illud
1287 4603 1447 4668 molestae
1470 4605 1629 4665 Romanae
1656 4602 1791 4663 nomine

139 4707 340 4783 receperunt
364 4703 399 4768 in
425 4703 634 4775 mnonicum,
665 4703 700 4764 ei
721 4701 758 4770 ia
786 4701 933 4774 fratrem,
990 4703 1094 4764 libere
1127 4700 1242 4763 teneat
1274 4700 1307 4763 11
1334 4699 1456 4777 quiete.
1490 4698 1647 4776 Alioquin
1682 4697 1791 4760 eidem

139 4801 205 4863 sibi
222 4801 355 4866 stallum
369 4801 405 4866 in
420 4801 522 4864 cboro
543 4799 576 4864 et
595 4801 705 4864 locum
727 4801 764 4864 in
788 4799 936 4878 capitulo
991 4797 1154 4862 cardinali
1168 4800 1285 4860 damus
1300 4797 1423 4858 nostris
1437 4795 1789 4868 litterisinmandatis‚

139 4916 216 4962 cum
229 4898 531 4976 plenitudiuejuris
543 4898 703 4966 canonice
714 4896 934 4974 assignantes.
991 4898 1071 4959 uite
1083 4912 1124 4959 ac
1138 4895 1303 4974 quoslibet
1316 4894 1504 4956 detentores
1516 4894 1624 4970 ipsius
1635 4893 1737 4956 castri
1749 4893 1791 4954 ad

139 4995 235 5058 Unde
247 4995 462 5074 praescriptus
476 4997 514 5056 R.
527 5010 546 5055 a
559 4993 655 5056 uobis
670 4993 840 5056 humiliter
854 5008 935 5072 pos·
991 4993 1024 5054 id
1033 5009 1274 5071 percensuram
1283 4990 1556 5062 ecclesiasticam,
1569 4991 1792 5069 appellatione

138 5092 283 5166 tulabat,
305 5093 342 5154 ut
363 5091 448 5168 quod
464 5091 504 5156 de
519 5092 591 5170 ipso
606 5091 804 5154 auctoritate
823 5091 937 5156 nostra
991 5092 1130 5163 remota,
1147 5089 1325 5167 compellat
1340 5085 1401 5168 (1).

138 5192 264 5256 iactum
279 5191 330 5254 est
343 5190 452 5254 ratum
468 5187 627 5252 habentes
642 5193 675 5252 et
688 5189 831 5261 firmum,
852 5187 938 5249 iace-
1033 5189 1150 5250 natum
1166 5186 1334 5259 Laterani,
1350 5189 1394 5250 lll
1409 5185 1477 5249 ital.
1491 5184 1688 5258 decembris,
1702 5197 1790 5246 anno

138 5305 253 5356 remus
273 5290 381 5366 ipsum
411 5286 559 5364 ejusdem
587 5285 773 5365 praebeudao
797 5285 938 5368 pacilica
992 5287 1101 5349 tertio.
1217 5311 1218 5316 ¹

176 5433 221 5509 (a)
236 5437 386 5496 duillelmc
401 5433 486 5494 Petri.
517 5433 557 5509 (b)
573 5435 738 5493 Borranno.
993 5450 1067 5505 mus,
1083 5434 1185 5503 donec,
1202 5448 1278 5492 anno
1299 5434 1378 5505 1227,
1399 5440 1500 5508 sponte
1510 5425 1565 5490 'sua
1582 5431 1666 5489 cessit
1677 5429 1788 5504 episco-

175 5510 220 5586 (1)
235 5507 426 5568 Nihilominus
447 5508 477 5568 iu
498 5504 590 5579 melu
611 5519 663 5565 suo
684 5505 806 5578 pemittit
822 5503 937 5566 Guillei·
994 5513 1070 5580 patu.
1088 5507 1251 5580 (bouquet.)
1687 5525 1689 5530 ’
