4248 6410
183 340 239 400 eol
786 339 1033 409 ,EPIS'POLAE
1058 338 1135 400 LlB·
1160 339 1197 405 ,V·
1759 335 1819 405 662
1853 284 1860 298 ⁸

185 496 256 566 Dei,
269 493 398 560 dilectis
411 497 489 564 tiliis
504 496 663 572 magistro
678 498 711 559 et
725 494 882 560 fratribus
895 499 976 560 Hos·
1029 495 1116 572 giter
1141 495 1323 567 elaborant,
1345 512 1405 558 nec
1429 511 1552 573 ponere
1580 511 1640 573 pro
1661 495 1818 560 fratribus

186 593 298 669 pitalis
321 594 450 662 Sanctae
465 594 580 656 Mariae
594 593 871 658 Theutonicorum
890 592 972 654 ilie·
1030 593 1157 656 animas
1170 593 1396 665 reformidant,
1412 594 1503 656 tanto
1518 594 1600 670 ipsis
1612 593 1648 652 in
1663 595 1732 653 suis
1747 609 1819 654 ma»-

186 690 426 766 rosolymitani,
443 690 583 752 salutem
597 690 630 754 et
644 690 859 766 apostolicam
873 689 976 750 bene-
1030 691 1227 752 nutenendis
1242 690 1383 767 justitiis
1403 690 1597 764 diligentius
1616 689 1733 750 adesse
1756 705 1817 750 nos

188 787 375 848 dictionem.
1031 787 1194 859 convenit,
1221 789 1253 848 et
1279 803 1393 848 eorum
1416 785 1736 846 incommoditatibus
1758 800 1820 861 pa-

227 887 284 954 Ea,
312 899 385 960 quae
400 899 459 960 pro
488 883 679 952 defensione
698 882 841 944 nominis
863 881 974 944 chris-
1029 883 1125 944 terna
1144 884 1366 945 sollicitudine
1383 883 1568 960 providere,
1589 899 1642 954 ne,
1659 883 1687 942 si
1709 882 1817 942 fueri-

186 981 269 1048 tiani
294 979 474 1051 sustinetis,
498 980 700 1050 discrimina,
722 995 783 1040 nos
803 978 973 1048 inducunt,
1032 996 1113 1051 mus,
1140 981 1225 1056 quod
1252 981 1347 1051 absit,
1373 980 1408 1039 in
1432 995 1546 1040 eorum
1574 978 1818 1040 manutenenda

187 1082 234 1146 ut,
250 1093 308 1138 vos
317 1079 352 1138 et
366 1077 515 1142 ordinem
528 1078 673 1138 vestrum
688 1075 804 1138 favore
818 1076 975 1138 continuo
1027 1077 1156 1152 justitia
1166 1077 1412 1152 negligentes,a
1425 1076 1820 1150 sarracenorumimpug-

186 1174 434 1250 prosequentes,
455 1173 559 1250 quieti
572 1175 691 1238 vestrae
705 1172 901 1254 propensius
923 1171 976 1234 in·
1031 1174 1176 1246 natione,
1190 1173 1247 1249 qui
1269 1173 1486 1238 christianum
1507 1187 1627 1234 nomen
1646 1171 1819 1232 insufflant

184 1271 369 1342 tendamus,
395 1273 428 1334 et
446 1269 637 1335 studeamus
651 1269 745 1332 vobis
760 1269 892 1332 auferre
905 1284 977 1330 ma·
1031 1272 1063 1330 et
1077 1270 1222 1330 fidelium
1236 1270 1405 1332 effundere
1418 1269 1612 1344 sanguinem
1628 1268 1817 1340 moliuntur,

184 1368 303 1429 teriam
316 1367 522 1443 gravaminis
535 1367 567 1428 et
577 1365 712 1428 laboris.
723 1366 809 1427 Hinc
819 1367 880 1436 est,
890 1363 976 1440 quod
1031 1365 1190 1428 desistere
1201 1367 1451 1443 compellantur,
1463 1366 1647 1441 etamplius
1659 1365 1819 1429 adversus
1832 1403 1838 1418 t

184 1463 278 1531 vobis
302 1464 499 1526 arroteritate
524 1464 738 1539 praesentium
753 1461 974 1536 indulgemus,
1031 1464 1231 1526 christianos
1252 1480 1367 1526 eorum
1390 1463 1569 1526 insolentia
1598 1462 1817 1524 convalescat

184 1561 231 1631 nt,
246 1562 276 1624 si
297 1560 354 1636 qui
376 1559 566 1620 efratribus
580 1560 700 1622 vestris
716 1559 750 1618 in
765 1574 801 1620 se
820 1559 974 1627 invicem,
1032 1562 1112 1620 Cum
1127 1562 1236 1623 autem
1258 1560 1506 1636 praenominatis
1523 1557 1691 1629 fratribus,
1708 1559 1748 1618 de
1762 1557 1818 1618 in-

187 1657 259 1720 sive
270 1657 304 1716 in
321 1657 404 1718 alios
420 1657 596 1732 religiosos
611 1655 786 1734 quoslibet,
803 1671 862 1716 seu
877 1655 977 1717 eham
1033 1656 1203 1733 dulgentia
1227 1657 1321 1718 Sedis
1345 1657 1543 1733 apostolicae
1563 1654 1822 1717 misericorditer

187 1754 222 1814 in
237 1753 701 1826 clericossaeculares,mauus
715 1751 892 1829 injecerint
905 1752 978 1812 vio-
1033 1753 1225 1814 duxerimus
1245 1753 1495 1829 indulgendum,
1512 1755 1548 1814 ut
1565 1753 1691 1813 fructus
1713 1751 1821 1812 eccle-

187 1849 305 1921 lentas,
317 1863 377 1925 per
391 1849 598 1912 dioecesanos
610 1850 781 1926 episcopos
795 1846 978 1910 absolutio-
1033 1851 1168 1934 siarum,
1197 1867 1269 1926 quaa
1290 1851 1332 1912 ad
1352 1866 1466 1912 eorum
1487 1849 1698 1910 donationem
1717 1847 1821 1924 perti-

187 1946 239 2006 nis
259 1945 456 2008 beneficium
471 1948 700 2023 assequantur,
719 1943 850 2007 etiamsi
863 1959 977 2004 eorum
1033 1948 1122 2018 nent,
1138 1947 1307 2022 assignato
1328 1946 1465 2007 vicariis
1485 1945 1571 2006 unde
1592 1959 1737 2020 congrue
1755 1959 1820 2004 va-

186 2041 301 2118 aliqui‚
319 2041 510 2118 priusquam
534 2042 682 2106 habitum
703 2042 849 2104 vestrum
869 2040 978 2102 susci·
1033 2044 1122 2104 leant
1159 2043 1348 2114 sustentari,
1374 2045 1407 2104 et
1438 2041 1626 2104 dioecesano
1665 2041 1822 2117 episcopo

186 2141 314 2214 pereni,
336 2137 404 2200 tale
428 2138 553 2216 aliquid
574 2137 827 2208 commiserunt,
844 2136 978 2212 propter
1031 2141 1169 2216 ejusque
1184 2138 1381 2200 officialibus
1399 2137 1440 2198 de
1455 2140 1526 2198 suis
1541 2137 1668 2214 possint
1681 2137 1824 2213 iustitiis

186 2235 284 2310 quod,
300 2234 978 2311 11101011,0100111111111101101-
1033 2236 1244 2313 respondere,
1256 2235 1398 2296 debeant
1411 2235 1446 2294 in
1461 2234 1711 2295 subventionem
1722 2225 1824 2293 terrae

185 2332 266 2396 tiam
279 2333 508 2404 incurrissent,
521 2334 587 2394 nisi
597 2348 754 2394 excessus
765 2347 880 2392 eorum
890 2330 978 2392 esset
1032 2332 1340 2409 Hierosolymitauae
1360 2333 1572 2406 convertere;
1589 2331 1722 2408 quidam
1735 2331 1824 2405 epis-

186 2429 332 2490 difficilis
342 2432 375 2491 et
388 2430 546 2502 enormis,
561 2431 672 2506 utpote
682 2430 711 2490 si
725 2430 816 2491 esset
826 2428 868 2489 ed
881 2427 978 2489 muti·
1033 2431 1117 2506 copi,
1138 2429 1364 2490 archidiaconi
1382 2429 1416 2490 at
1434 2428 1563 2498 decani,
1584 2428 1624 2488 ad
1645 2442 1727 2503 quos
1745 2426 1824 2487 illa-

186 2525 343 2588 lationem
366 2525 505 2588 membri
525 2527 578 2587 vel
593 2525 766 2602 sanguinis
781 2525 977 2586 effusionem
1032 2543 1108 2588 rum
1122 2525 1339 2587 ecclesiarum
1358 2525 1556 2586 investitura
1575 2522 1729 2600 pertinet,
1748 2523 1822 2584 cle·-

186 2638 389 2698 processum,
398 2623 455 2684 aut
462 2623 607 2684 violenta
615 2639 734 2684 manus
742 2623 778 2682 in
786 2622 976 2698 episcopum
1033 2624 1132 2693 ricco,
1145 2639 1227 2699 quos
1240 2622 1339 2682 iidem
1351 2622 1470 2683 iratres
1483 2621 1620 2681 idoneos
1632 2635 1822 2696 repraesen-

187 2719 240 2780 vel
257 2719 455 2781 inabbatem
473 2719 606 2794 injecta,
624 2734 698 2780 cum
714 2733 871 2779 excessus
892 2717 977 2778 tales
1032 2721 1113 2791 tant,
1139 2719 1288 2796 recipere
1311 2734 1371 2795 pro
1397 2734 1458 2778 sua
1483 2718 1651 2779 voluntate
1674 2718 1823 2779 contem-

184 2817 219 2877 et
233 2816 357 2878 similes
372 2817 445 2878 sine
457 2817 614 2878 scandalo
624 2816 792 2892 nequeant
801 2812 975 2891 praetariri.
1033 2817 1125 2888 nunt,
1145 2817 1211 2876 nisi
1230 2816 1362 2878 easdem
1377 2815 1535 2876 ecclesias
1550 2815 1692 2884 clericis,
1708 2814 1765 2891 qui
1782 2813 1823 2875 de

226 2911 318 2974 Nulli
331 2927 410 2987 ergo
433 2913 567 2974 omnino
586 2912 758 2972 hominum
780 2913 881 2972 liceat
892 2911 978 2972 hanc
1033 2929 1147 2974 eorum
1165 2929 1278 2974 mensa
1292 2913 1426 2983 fuerint,
1441 2928 1501 2974 seu
1516 2912 1603 2984 aliis,
1623 2912 1700 2974 licet
1714 2911 1823 2971 minus

187 3009 343 3085 paginam
370 3012 493 3070 nostrae
525 3009 749 3070 concessionis
778 3008 976 3083 infringere,
1033 3011 1178 3072 existant
1200 3011 1322 3083 idonei,
1348 3011 1546 3086 largiantur,
1568 3010 1698 3071 sivero
1723 3008 1824 3068 iidem

187 3106 239 3166 vel
252 3105 282 3166 ei
298 3121 384 3166 ausu
397 3105 575 3167 temerario
588 3107 765 3167 contraire.
781 3105 816 3166 Si
831 3105 905 3183 quis
917 3121 979 3165 au·
1027 3108 1165 3180 fratres,
1183 3108 1314 3169 easdem
1328 3108 1497 3179 ecclesias,
1513 3106 1610 3182 prout
1622 3105 1822 3177 desiderant,
1866 3157 1871 3168 ,

186 3203 252 3262 tem
273 3200 336 3262 hoc
351 3204 513 3264 adestare
534 3203 792 3279 praesumpserit,
820 3202 977 3278 indigna·-
1035 3221 1099 3266 non
1125 3205 1306 3281 assignant,
1336 3205 1373 3266 ut
1397 3204 1501 3264 libere
1527 3203 1654 3281 possint
1677 3201 1824 3263 redditus

187 3298 309 3360 tionem
329 3299 562 3376 omnipotentis
577 3301 637 3360 Dei
652 3299 867 3361 etbeatorum
888 3297 978 3360 Petri
1033 3317 1147 3364 aarum
1170 3305 1350 3382 percipere,
1373 3303 1450 3363 illos
1474 3301 1651 3378 perlonga
1673 3301 1824 3375 tempora
1900 3341 1905 3361 t

186 3397 220 3456 et
233 3395 329 3456 Pauli
342 3396 566 3471 apostolorum
583 3399 655 3473 ejus
671 3413 706 3458 se
718 3396 850 3458 noverit
865 3396 980 3456 incur-
1035 3401 1159 3462 faciunt
1182 3417 1202 3461 a
1226 3400 1412 3461 divinorum
1435 3398 1657 3460 celebratione
1679 3411 1822 3466 cessare,

187 3508 313 3552 surum.
328 3494 446 3554 Datum
462 3493 630 3564 Laterani,
644 3495 702 3554 XV
718 3493 784 3556 kal.
805 3493 977 3560 februarii,
1034 3498 1070 3559 ut
1084 3498 1131 3558 sic
1145 3497 1263 3558 fratres
1279 3498 1342 3573 ipsi
1357 3498 1543 3558 voluntates
1558 3511 1672 3556 eorum
1687 3495 1827 3570 exsequi

188 3589 398 3664 pontificatus
410 3590 518 3651 nostri
531 3605 619 3651 anno
640 3591 765 3666 quinto.
1034 3595 1282 3671 compellantur.
1293 3595 1361 3656 Nos
1372 3595 1581 3670 igiturtantae
1592 3592 1826 3670 praedictorum
1849 3627 1850 3630 =

1034 3692 1173 3754 fratrum
1194 3692 1455 3754 incommoditati
1475 3691 1665 3768 prospicere
1683 3688 1825 3766 cupien-

527 3794 644 3880 (ΜΝ
1034 3791 1095 3860 tes,
1113 3792 1294 3853 detentam
1309 3791 1473 3866 jacturam
1486 3788 1651 3849 malitiose
1666 3787 1828 3861 cogantur

1034 3887 1207 3948 decaetero
1221 3888 1395 3957 sustinere,
1409 3885 1622 3946 universitati
1635 3885 1753 3944 vestrae
1769 3897 1828 3959 per

534 4055 539 4066 ¹
1035 3983 1223 4060 apostolica
1242 3983 1365 4058 scripta
1385 3983 1580 4043 mandamus
1595 3983 1693 4057 atque
1708 3980 1827 4056 prasci·

485 4059 590 4128 ¹⁷l⁸¹²·
608 4057 686 4116 ¹²²¹·
1036 4081 1154 4157 pimus,
1184 4081 1347 4156 quatenus
1385 4078 1525 4140 clericos
1559 4078 1706 4149 idoneos,
1744 4091 1828 4152 quoe

370 4169 504 4234 [amotis
517 4170 535 4219 t.
550 4183 582 4228 c,
594 4170 687 4234 111911
700 4184 727 4220 ⁰·
738 4170 806 4234 3171
1033 4177 1136 4240 iidem
1151 4177 1270 4238 fratres
1286 4176 1327 4236 ad
1343 4175 1502 4237 ecclesias
1516 4191 1595 4236 suas
1607 4173 1700 4239 vobis
1718 4171 1827 4234 duxe-

189 4273 271 4334 Juhet
285 4275 416 4348 prelatos
432 4275 466 4331 ab
485 4273 981 4334 01111111011011001100010111
1036 4274 1103 4334 rint
1134 4273 1394 4348 praesentandos,
1418 4272 1536 4333 amodo
1565 4271 1740 4346 benignius
1769 4269 1829 4331 ad-

225 4378 291 4420 euas
304 4371 490 4435 presentatus
499 4364 631 4434 vicarios,
643 4363 797 4422 dummodo
808 4364 981 4422 sufficientes
1036 4370 1189 4445 mittaus3
1204 4370 1352 4446 alioquin
1364 4369 1536 4441 noveritis,
1546 4368 1634 4446 quod
1647 4367 1730 4444 ipsis
1743 4382 1826 4427 auc.-

224 4451 349 4508 redditus
360 4467 410 4524 pro
423 4453 629 4508 sustentatione
643 4459 670 4508 et
683 4452 808 4525 episcopi
818 4453 924 4525 justitia
940 4469 983 4510 as·
1035 4467 1168 4528 porigam
1183 4466 1373 4544 Apostolqca
1394 4466 1533 4528 liberam
1554 4465 1754 4526 indulsimus
1777 4464 1829 4525 fa.

225 4541 384 4612 ⁸iss¹¹0¹¹ffl¹2
401 4555 414 4596 f
415 4540 537 4611 90111911·
1036 4566 1204 4636 cultatem,
1216 4565 1251 4626 ut
1262 4563 1388 4625 fructus
1399 4563 1589 4626 earumdem
1600 4555 1827 4633 ecclesiarum,

229 4657 397 4718 Honorius
408 4657 593 4734 episcopus,
602 4672 716 4718 servus
725 4672 898 4724 servorum
908 4661 979 4728 Dei,
1034 4661 1140 4721 donec
1168 4660 1325 4736 praedicta
1352 4660 1528 4722 occasione
1556 4659 1763 4731 vacaverint,
1792 4657 1829 4718 in

189 4752 437 4814 venerabilibus
469 4752 627 4815 fratribus
662 4755 921 4832 archiepiscopis
950 4755 982 4816 et
1036 4755 1287 4817 subventionem
1304 4755 1614 4833 Hierosolymiteuae
1628 4755 1727 4816 terrae
1742 4770 1827 4815 con·-
1914 4830 1917 4834 ¹

191 4849 354 4926 episcopis
369 4852 402 4911 et
416 4850 545 4914 dilectis
561 4851 640 4912 filiis
654 4851 838 4922 abbatibus,
855 4853 980 4928 priori·
1036 4854 1177 4922 vertere,
1205 4855 1238 4914 et
1269 4853 1346 4914 illos
1374 4853 1509 4914 valeant
1533 4851 1639 4913 libere
1667 4852 1827 4913 detinere.

190 4943 262 5014 hus,
284 4945 539 5012 archidiaconis.
556 4948 702 5016 decanis,
723 4950 756 5010 et
775 4949 852 5010 aliis
868 4949 980 5010 eccle·
1037 4951 1213 5022 Praeterea,
1227 4951 1309 5027 quia
1324 4950 1457 5027 quidam
1470 4950 1617 5014 vestrum
1637 4949 1758 5010 fratres
1773 4949 1829 5024 ip-

191 5042 316 5103 siarum
331 5042 491 5119 praelatis,
510 5045 551 5106 ad
568 5061 650 5120 quos
670 5044 789 5108 litterae
807 5046 881 5108 istae
900 5061 981 5122 per·
1033 5063 1148 5108 sorum
1163 5050 1322 5109 eteorum
1335 5048 1475 5108 clericis
1491 5048 1606 5109 contra
1618 5046 1830 5123 privilegium

190 5139 353 5208 venerint,
368 5139 509 5202 salutem
531 5142 565 5202 et
586 5143 804 5218 apostolicam
822 5143 982 5205 benedic·
1036 5144 1343 5221 sedisapostolicae
1357 5145 1629 5220 ipsisindultum,
1646 5144 1733 5204 sicut
1747 5142 1832 5203 dici-

191 5236 326 5302 110101.
1036 5243 1101 5313 tur,
1117 5242 1317 5303 interdicere
1336 5243 1371 5302 et
1387 5243 1676 5303 excommunicare
1697 5255 1831 5316 praesu·

231 5334 359 5405 Quanto
383 5332 495 5394 dilecti
517 5333 616 5395 filii...
633 5335 792 5411 magister
808 5337 841 5396 et
862 5334 982 5397 fratres
1038 5340 1142 5410 munt,
1163 5339 1346 5400 districtius
1366 5339 1565 5410 inhibemus,
1583 5353 1624 5398 ne
1646 5337 1736 5412 ipsos
1757 5335 1830 5396 fra·

191 5429 307 5492 domus
322 5431 504 5507 Hospitalis
522 5432 652 5493 Sanctae
674 5433 789 5493 Mariae
808 5433 984 5495 Theutoni·
1036 5436 1105 5495 tres
1129 5435 1182 5496 vel
1206 5449 1322 5496 eorum
1350 5437 1490 5496 clericos
1515 5435 1697 5495 decaetero
1720 5433 1833 5493 taliter

191 5543 305 5590 corum
325 5529 629 5605 hierosolymitani,
647 5529 790 5606 propriis
803 5528 981 5602 derelictis,
1037 5531 1238 5592 interdicere
1258 5534 1292 5594 et
1312 5532 1602 5593 excommunicare
1621 5529 1831 5605 aliquatenus

192 5625 372 5688 ferventius
388 5642 447 5702 pro
465 5625 718 5688 christianitatis
741 5627 910 5689 commodo
921 5630 982 5705 jn·
1039 5629 1218 5692 attentetis.
1236 5629 1327 5700 Quod
1344 5629 1371 5688 si
1387 5628 1550 5701 ammodo,
1567 5626 1653 5704 quod
1668 5641 1735 5687 uon
1759 5643 1834 5688 cre·-

247 3937 298 3998 Aa
313 3937 585 4012 archiepiscopos
602 3935 635 3996 at
655 3939 839 4020 episcopos,
855 3937 918 3998 etc.
