<?xml version="1.0" encoding="UTF-8"?>
<!DOCTYPE html PUBLIC "-//W3C//DTD XHTML 1.0 Transitional//EN"
    "http://www.w3.org/TR/xhtml1/DTD/xhtml1-transitional.dtd">
<html xmlns="http://www.w3.org/1999/xhtml" xml:lang="en" lang="en">
 <head>
  <title>
</title>
<meta http-equiv="Content-Type" content="text/html;charset=utf-8" />
  <meta name='ocr-system' content='tesseract 3.04.00' />
  <meta name='ocr-capabilities' content='ocr_page ocr_carea ocr_par ocr_line ocrx_word'/>
</head>
<body>
  <div class='ocr_page' id='page_1' title='image "./mediiaevibiblio03bottgoog_0044.png"; bbox 0 0 4250 6404; ppageno 0'>
   <div class='ocr_carea' id='block_1_1' title="bbox 152 313 1806 380">
    <p class='ocr_par' dir='ltr' id='par_1_1' title="bbox 152 313 1806 380">
     <span class='ocr_line' id='line_1_1' title="bbox 152 313 1806 380; baseline -0.008 0"><span class='ocrx_word' id='word_1_1' title='bbox 152 321 192 380; x_wconf 87' lang='grc'><strong>61</strong></span> <span class='ocrx_word' id='word_1_2' title='bbox 768 313 1004 374; x_wconf 61' lang='grc' dir='ltr'><strong>-ΕΡΙΒΤΟΕΛΕ,</strong></span> <span class='ocrx_word' id='word_1_3' title='bbox 1029 313 1106 373; x_wconf 84' lang='lat' dir='ltr'><strong>LIB.</strong></span> <span class='ocrx_word' id='word_1_4' title='bbox 1131 313 1186 373; x_wconf 84' lang='lat'>111.</span> <span class='ocrx_word' id='word_1_5' title='bbox 1766 319 1806 380; x_wconf 74' lang='lat'><strong>02</strong></span> 
     </span>
    </p>
   </div>
   <div class='ocr_carea' id='block_1_2' title="bbox 152 463 1805 1727">
    <p class='ocr_par' dir='ltr' id='par_1_2' title="bbox 152 463 1805 1239">
     <span class='ocr_line' id='line_1_2' title="bbox 155 463 1804 556; baseline -0.001 -17"><span class='ocrx_word' id='word_1_6' title='bbox 155 493 232 556; x_wconf 92' lang='lat' dir='ltr'><strong>pus,</strong></span> <span class='ocrx_word' id='word_1_7' title='bbox 255 475 356 539; x_wconf 85' lang='lat' dir='ltr'><strong>claris</strong></span> <span class='ocrx_word' id='word_1_8' title='bbox 382 475 565 548; x_wconf 76' lang='lat' dir='ltr'><strong>miraculis,</strong></span> <span class='ocrx_word' id='word_1_9' title='bbox 593 475 627 538; x_wconf 85' lang='lat' dir='ltr'><strong>et</strong></span> <span class='ocrx_word' id='word_1_10' title='bbox 649 473 726 536; x_wconf 90' lang='lat' dir='ltr'><strong>dum</strong></span> <span class='ocrx_word' id='word_1_11' title='bbox 754 473 893 546; x_wconf 90' lang='lat' dir='ltr'><strong>viveret,</strong></span> <span class='ocrx_word' id='word_1_12' title='bbox 919 475 952 536; x_wconf 93' lang='lat' dir='ltr'><strong>et</strong></span> <span class='ocrx_word' id='word_1_13' title='bbox 1008 471 1134 534; x_wconf 84' lang='lat' dir='ltr'><strong>tuerint</strong></span> <span class='ocrx_word' id='word_1_14' title='bbox 1152 470 1304 544; x_wconf 84' lang='lat' dir='ltr'><strong>vocandi,</strong></span> <span class='ocrx_word' id='word_1_15' title='bbox 1319 463 1533 550; x_wconf 86' lang='lat' dir='ltr'><strong>etiuquisita</strong></span> <span class='ocrx_word' id='word_1_16' title='bbox 1547 487 1648 551; x_wconf 88' lang='lat' dir='ltr'><strong>snper</strong></span> <span class='ocrx_word' id='word_1_17' title='bbox 1664 475 1804 554; x_wconf 86' lang='lat' dir='ltr'><strong>hisple-</strong></span> 
     </span>
     <span class='ocr_line' id='line_1_3' title="bbox 154 563 1803 656; baseline -0.001 -18"><span class='ocrx_word' id='word_1_18' title='bbox 154 575 362 656; x_wconf 87' lang='lat' dir='ltr'><strong>postobitum</strong></span> <span class='ocrx_word' id='word_1_19' title='bbox 377 574 576 636; x_wconf 78' lang='lat' dir='ltr'><strong>coruscavit.</strong></span> <span class='ocrx_word' id='word_1_20' title='bbox 590 573 684 636; x_wconf 91' lang='lat' dir='ltr'><strong>Unde</strong></span> <span class='ocrx_word' id='word_1_21' title='bbox 696 572 791 634; x_wconf 90' lang='lat' dir='ltr'><strong>nobis</strong></span> <span class='ocrx_word' id='word_1_22' title='bbox 802 588 845 634; x_wconf 82' lang='lat' dir='ltr'><strong>ex</strong></span> <span class='ocrx_word' id='word_1_23' title='bbox 857 573 951 650; x_wconf 88' lang='lat' dir='ltr'><strong>parte</strong></span> <span class='ocrx_word' id='word_1_24' title='bbox 1008 570 1086 631; x_wconf 88' lang='lat' dir='ltr'><strong>nius</strong></span> <span class='ocrx_word' id='word_1_25' title='bbox 1113 571 1146 632; x_wconf 89' lang='lat' dir='ltr'><strong>ei</strong></span> <span class='ocrx_word' id='word_1_26' title='bbox 1160 571 1292 646; x_wconf 79' lang='lat' dir='ltr'><strong>cognita</strong></span> <span class='ocrx_word' id='word_1_27' title='bbox 1313 571 1476 643; x_wconf 60' lang='lat' dir='ltr'><strong>veritate,</strong></span> <span class='ocrx_word' id='word_1_28' title='bbox 1491 571 1578 648; x_wconf 88' lang='lat' dir='ltr'><strong>quod</strong></span> <span class='ocrx_word' id='word_1_29' title='bbox 1605 563 1803 636; x_wconf 84' lang='lat' dir='ltr'><strong>canonicum</strong></span> 
     </span>
     <span class='ocr_line' id='line_1_4' title="bbox 154 667 1805 753; baseline -0.001 -18"><span class='ocrx_word' id='word_1_30' title='bbox 154 687 215 736; x_wconf 89' lang='lat' dir='ltr'><strong>sua</strong></span> <span class='ocrx_word' id='word_1_31' title='bbox 229 672 363 745; x_wconf 85' lang='lat' dir='ltr'><strong>sicleri,</strong></span> <span class='ocrx_word' id='word_1_32' title='bbox 378 688 417 734; x_wconf 90' lang='lat' dir='ltr'><strong>ac</strong></span> <span class='ocrx_word' id='word_1_33' title='bbox 428 670 541 753; x_wconf 88' lang='lat' dir='ltr'><strong>populi</strong></span> <span class='ocrx_word' id='word_1_34' title='bbox 551 671 603 732; x_wconf 89' lang='lat' dir='ltr'><strong>sui</strong></span> <span class='ocrx_word' id='word_1_35' title='bbox 616 669 816 748; x_wconf 80' lang='lat' dir='ltr'><strong>supplicavit</strong></span> <span class='ocrx_word' id='word_1_36' title='bbox 827 671 953 732; x_wconf 87' lang='lat' dir='ltr'><strong>instan·</strong></span> <span class='ocrx_word' id='word_1_37' title='bbox 1007 667 1117 740; x_wconf 82' lang='lat' dir='ltr'><strong>luerit,</strong></span> <span class='ocrx_word' id='word_1_38' title='bbox 1134 669 1356 746; x_wconf 77' lang='lat' dir='ltr'><strong>appellatione</strong></span> <span class='ocrx_word' id='word_1_39' title='bbox 1371 670 1563 746; x_wconf 81' lang='lat' dir='ltr'><strong>postposita,</strong></span> <span class='ocrx_word' id='word_1_40' title='bbox 1582 671 1745 744; x_wconf 81' lang='lat' dir='ltr'><strong>statuatis,</strong></span> <span class='ocrx_word' id='word_1_41' title='bbox 1758 672 1805 734; x_wconf 86' lang='lat' dir='ltr'><strong>ia·</strong></span> 
     </span>
     <span class='ocr_line' id='line_1_5' title="bbox 154 757 1805 848; baseline -0.002 -14"><span class='ocrx_word' id='word_1_42' title='bbox 154 773 217 844; x_wconf 90' lang='lat' dir='ltr'><strong>ier,</strong></span> <span class='ocrx_word' id='word_1_43' title='bbox 227 767 802 848; x_wconf 83' lang='lat' dir='ltr'><strong>utsuperbisiaceremusveritatem</strong></span> <span class='ocrx_word' id='word_1_44' title='bbox 813 768 949 844; x_wconf 90' lang='lat' dir='ltr'><strong>inquiri,</strong></span> <span class='ocrx_word' id='word_1_45' title='bbox 1007 765 1132 828; x_wconf 82' lang='lat' dir='ltr'><strong>cientes</strong></span> <span class='ocrx_word' id='word_1_46' title='bbox 1152 767 1240 843; x_wconf 92' lang='lat' dir='ltr'><strong>quod</strong></span> <span class='ocrx_word' id='word_1_47' title='bbox 1251 767 1472 828; x_wconf 83' lang='lat' dir='ltr'><strong>decreveritis</strong></span> <span class='ocrx_word' id='word_1_48' title='bbox 1481 757 1541 844; x_wconf 81' lang='lat' dir='ltr'><strong>&#39;per</strong></span> <span class='ocrx_word' id='word_1_49' title='bbox 1555 783 1729 830; x_wconf 85' lang='lat' dir='ltr'><strong>censuram</strong></span> <span class='ocrx_word' id='word_1_50' title='bbox 1748 785 1805 830; x_wconf 90' lang='lat' dir='ltr'><strong>ec-</strong></span> 
     </span>
     <span class='ocr_line' id='line_1_6' title="bbox 154 855 1805 946; baseline -0.001 -16"><span class='ocrx_word' id='word_1_51' title='bbox 154 868 319 946; x_wconf 88' lang='lat' dir='ltr'><strong>quatenus</strong></span> <span class='ocrx_word' id='word_1_52' title='bbox 329 881 369 929; x_wconf 92' lang='lat' dir='ltr'><strong>ea</strong></span> <span class='ocrx_word' id='word_1_53' title='bbox 380 867 523 942; x_wconf 83' lang='lat' dir='ltr'><strong>cognita,</strong></span> <span class='ocrx_word' id='word_1_54' title='bbox 546 867 642 928; x_wconf 87' lang='lat' dir='ltr'><strong>illum</strong></span> <span class='ocrx_word' id='word_1_55' title='bbox 662 881 832 944; x_wconf 89' lang='lat' dir='ltr'><strong>possemus</strong></span> <span class='ocrx_word' id='word_1_56' title='bbox 854 882 952 927; x_wconf 90' lang='lat' dir='ltr'><strong>sanc-</strong></span> <span class='ocrx_word' id='word_1_57' title='bbox 1008 863 1242 936; x_wconf 87' lang='lat' dir='ltr'><strong>clesiasiicam,</strong></span> <span class='ocrx_word' id='word_1_58' title='bbox 1265 855 1495 942; x_wconf 79' lang='lat' dir='ltr'><strong>appellatione·</strong></span> <span class='ocrx_word' id='word_1_59' title='bbox 1511 867 1649 939; x_wconf 88' lang='lat' dir='ltr'><strong>remeia,</strong></span> <span class='ocrx_word' id='word_1_60' title='bbox 1664 865 1805 930; x_wconf 88' lang='lat' dir='ltr'><strong>tirmiter</strong></span> 
     </span>
     <span class='ocr_line' id='line_1_7' title="bbox 152 961 1803 1041; baseline -0.002 -12"><span class='ocrx_word' id='word_1_61' title='bbox 152 968 262 1029; x_wconf 85' lang='lat' dir='ltr'><strong>torum</strong></span> <span class='ocrx_word' id='word_1_62' title='bbox 274 965 425 1040; x_wconf 80' lang='lat' dir='ltr'><strong>catalogo</strong></span> <span class='ocrx_word' id='word_1_63' title='bbox 438 979 632 1041; x_wconf 77' lang='lat' dir='ltr'><strong>aggregare.</strong></span> <span class='ocrx_word' id='word_1_64' title='bbox 650 964 792 1040; x_wconf 81' lang='lat' dir='ltr'>Ideoque</span> <span class='ocrx_word' id='word_1_65' title='bbox 821 963 952 1025; x_wconf 88' lang='lat' dir='ltr'><strong>discre—</strong></span> <span class='ocrx_word' id='word_1_66' title='bbox 1007 961 1190 1023; x_wconf 88' lang='lat' dir='ltr'><strong>observari.</strong></span> <span class='ocrx_word' id='word_1_67' title='bbox 1214 963 1306 1033; x_wconf 85' lang='lat' dir='ltr'><strong>Quod</strong></span> <span class='ocrx_word' id='word_1_68' title='bbox 1330 961 1360 1022; x_wconf 90' lang='lat' dir='ltr'><strong>si</strong></span> <span class='ocrx_word' id='word_1_69' title='bbox 1374 978 1441 1023; x_wconf 92' lang='lat' dir='ltr'><strong>non</strong></span> <span class='ocrx_word' id='word_1_70' title='bbox 1461 979 1586 1035; x_wconf 88' lang='lat' dir='ltr'><strong>omnes,</strong></span> <span class='ocrx_word' id='word_1_71' title='bbox 1604 965 1666 1025; x_wconf 91' lang='lat' dir='ltr'><strong>etc.</strong></span> <span class='ocrx_word' id='word_1_72' title='bbox 1686 965 1803 1026; x_wconf 87' lang='lat' dir='ltr'><strong>Datum</strong></span> 
     </span>
     <span class='ocr_line' id='line_1_8' title="bbox 152 1059 1804 1140; baseline -0.001 -14"><span class='ocrx_word' id='word_1_73' title='bbox 152 1064 247 1126; x_wconf 91' lang='lat' dir='ltr'><strong>tioni·</strong></span> <span class='ocrx_word' id='word_1_74' title='bbox 263 1063 384 1125; x_wconf 84' lang='lat' dir='ltr'><strong>vestrae</strong></span> <span class='ocrx_word' id='word_1_75' title='bbox 396 1077 456 1140; x_wconf 87' lang='lat' dir='ltr'><strong>per</strong></span> <span class='ocrx_word' id='word_1_76' title='bbox 471 1061 660 1139; x_wconf 83' lang='lat' dir='ltr'><strong>Apostolica</strong></span> <span class='ocrx_word' id='word_1_77' title='bbox 675 1061 798 1139; x_wconf 87' lang='lat' dir='ltr'><strong>scripta</strong></span> <span class='ocrx_word' id='word_1_78' title='bbox 813 1062 953 1122; x_wconf 90' lang='lat' dir='ltr'><strong>manda·</strong></span> <span class='ocrx_word' id='word_1_79' title='bbox 1007 1059 1174 1132; x_wconf 85' lang='lat' dir='ltr'><strong>Laterani,</strong></span> <span class='ocrx_word' id='word_1_80' title='bbox 1184 1060 1305 1136; x_wconf 85' lang='lat' dir='ltr'><strong>¹quarto</strong></span> <span class='ocrx_word' id='word_1_81' title='bbox 1328 1059 1489 1122; x_wconf 80' lang='lat' dir='ltr'><strong>kalendas</strong></span> <span class='ocrx_word' id='word_1_82' title='bbox 1504 1061 1699 1134; x_wconf 80' lang='lat' dir='ltr'><strong>decembris,</strong></span> <span class='ocrx_word' id='word_1_83' title='bbox 1717 1078 1804 1125; x_wconf 90' lang='lat' dir='ltr'><strong>anno</strong></span> 
     </span>
     <span class='ocr_line' id='line_1_9' title="bbox 154 1151 1488 1239; baseline -0.006 -17"><span class='ocrx_word' id='word_1_84' title='bbox 154 1175 240 1234; x_wconf 82' lang='lat' dir='ltr'><strong>nius,</strong></span> <span class='ocrx_word' id='word_1_85' title='bbox 249 1163 424 1239; x_wconf 83' lang='lat' dir='ltr'><strong>quatenus,</strong></span> <span class='ocrx_word' id='word_1_86' title='bbox 436 1159 476 1221; x_wconf 89' lang='lat' dir='ltr'><strong>de</strong></span> <span class='ocrx_word' id='word_1_87' title='bbox 490 1151 601 1222; x_wconf 77' lang='lat' dir='ltr'><strong>¹vitaet</strong></span> <span class='ocrx_word' id='word_1_88' title='bbox 610 1159 780 1221; x_wconf 86' lang='lat' dir='ltr'><strong>miraculis</strong></span> <span class='ocrx_word' id='word_1_89' title='bbox 792 1160 952 1221; x_wconf 87' lang='lat' dir='ltr'><strong>studeatis</strong></span> <span class='ocrx_word' id='word_1_90' title='bbox 1007 1157 1117 1218; x_wconf 86' lang='lat' dir='ltr'><strong>tertio.</strong></span> <span class='ocrx_word' id='word_1_91' title='bbox 1485 1195 1488 1200; x_wconf 86' lang='lat'><em>-</em></span> 
     </span>
    </p>

    <p class='ocr_par' dir='ltr' id='par_1_3' title="bbox 154 1244 1452 1344">
     <span class='ocr_line' id='line_1_10' title="bbox 154 1244 1452 1344; baseline -0.005 -23"><span class='ocrx_word' id='word_1_92' title='bbox 154 1253 330 1337; x_wconf 81' lang='lat' dir='ltr'><strong>inquirere</strong></span> <span class='ocrx_word' id='word_1_93' title='bbox 361 1257 549 1334; x_wconf 80' lang='lat' dir='ltr'><strong>diiigenter,</strong></span> <span class='ocrx_word' id='word_1_94' title='bbox 574 1256 714 1334; x_wconf 87' lang='lat' dir='ltr'><strong>ei-quod</strong></span> <span class='ocrx_word' id='word_1_95' title='bbox 740 1246 950 1329; x_wconf 82' lang='lat' dir='ltr'><strong>inveneritis,</strong></span> <span class='ocrx_word' id='word_1_96' title='bbox 1072 1335 1075 1344; x_wconf 30' lang='grc' dir='ltr'>Ι</span> <span class='ocrx_word' id='word_1_97' title='bbox 1364 1244 1452 1333; x_wconf 86' lang='lat' dir='ltr'><strong>LVI</strong></span> 
     </span>
    </p>

    <p class='ocr_par' dir='ltr' id='par_1_4' title="bbox 153 1355 1702 1448">
     <span class='ocr_line' id='line_1_11' title="bbox 153 1355 1702 1448; baseline -0.002 -30"><span class='ocrx_word' id='word_1_98' title='bbox 153 1357 353 1434; x_wconf 72' lang='lat' dir='ltr'><strong>pervenires</strong></span> <span class='ocrx_word' id='word_1_99' title='bbox 364 1355 459 1418; x_wconf 87' lang='lat' dir='ltr'><strong>nobis</strong></span> <span class='ocrx_word' id='word_1_100' title='bbox 472 1356 601 1418; x_wconf 86' lang='lat' dir='ltr'><strong>litteras</strong></span> <span class='ocrx_word' id='word_1_101' title='bbox 622 1355 766 1418; x_wconf 81' lang='lat' dir='ltr'><strong>fideliter</strong></span> <span class='ocrx_word' id='word_1_102' title='bbox 778 1356 950 1428; x_wconf 88' lang='lat' dir='ltr'><strong>intimetis,</strong></span> <span class='ocrx_word' id='word_1_103' title='bbox 1107 1372 1159 1431; x_wconf 68' lang='lat' dir='ltr'><strong>Aa</strong></span> <span class='ocrx_word' id='word_1_104' title='bbox 1168 1369 1419 1442; x_wconf 51' lang='lat' dir='ltr'><strong>egelrannum,</strong></span> <span class='ocrx_word' id='word_1_105' title='bbox 1435 1373 1474 1432; x_wconf 71' lang='lat' dir='ltr'><strong>A,</strong></span> <span class='ocrx_word' id='word_1_106' title='bbox 1489 1373 1525 1432; x_wconf 69' lang='lat' dir='ltr'><strong>s,</strong></span> <span class='ocrx_word' id='word_1_107' title='bbox 1541 1374 1702 1448; x_wconf 56' lang='lat' dir='ltr'><strong>lemgum,</strong></span> 
     </span>
    </p>

    <p class='ocr_par' dir='ltr' id='par_1_5' title="bbox 153 1453 1542 1544">
     <span class='ocr_line' id='line_1_12' title="bbox 153 1453 1542 1544; baseline -0.001 -30"><span class='ocrx_word' id='word_1_108' title='bbox 153 1454 190 1515; x_wconf 91' lang='lat' dir='ltr'><strong>ut</strong></span> <span class='ocrx_word' id='word_1_109' title='bbox 202 1455 236 1514; x_wconf 93' lang='lat' dir='ltr'><strong>in</strong></span> <span class='ocrx_word' id='word_1_110' title='bbox 252 1454 384 1530; x_wconf 87' lang='lat' dir='ltr'><strong>negotio</strong></span> <span class='ocrx_word' id='word_1_111' title='bbox 396 1454 469 1531; x_wconf 91' lang='lat' dir='ltr'><strong>ipso</strong></span> <span class='ocrx_word' id='word_1_112' title='bbox 484 1453 635 1516; x_wconf 87' lang='lat' dir='ltr'><strong>securius</strong></span> <span class='ocrx_word' id='word_1_113' title='bbox 649 1453 829 1531; x_wconf 91' lang='lat' dir='ltr'><strong>procedere</strong></span> <span class='ocrx_word' id='word_1_114' title='bbox 842 1453 953 1514; x_wconf 89' lang='lat' dir='ltr'><strong>valea·</strong></span> <span class='ocrx_word' id='word_1_115' title='bbox 1270 1455 1305 1542; x_wconf 70' lang='lat'><strong>&#39;23</strong></span> <span class='ocrx_word' id='word_1_116' title='bbox 1315 1483 1449 1542; x_wconf 54' lang='lat' dir='ltr'><strong>„ovem</strong></span> <span class='ocrx_word' id='word_1_117' title='bbox 1464 1485 1542 1544; x_wconf 41' lang='lat' dir='ltr'><strong>mg·</strong></span> 
     </span>
    </p>

    <p class='ocr_par' dir='ltr' id='par_1_6' title="bbox 153 1551 1774 1727">
     <span class='ocr_line' id='line_1_13' title="bbox 153 1551 1774 1650; baseline 0.014 -38"><span class='ocrx_word' id='word_1_118' title='bbox 153 1569 239 1613; x_wconf 78' lang='lat' dir='ltr'><strong>mus.</strong></span> <span class='ocrx_word' id='word_1_119' title='bbox 256 1551 349 1624; x_wconf 87' lang='lat' dir='ltr'><strong>Quod</strong></span> <span class='ocrx_word' id='word_1_120' title='bbox 367 1551 394 1612; x_wconf 87' lang='lat' dir='ltr'><strong>si</strong></span> <span class='ocrx_word' id='word_1_121' title='bbox 411 1567 478 1612; x_wconf 91' lang='lat' dir='ltr'><strong>non</strong></span> <span class='ocrx_word' id='word_1_122' title='bbox 494 1567 619 1625; x_wconf 87' lang='lat' dir='ltr'><strong>omnes,</strong></span> <span class='ocrx_word' id='word_1_123' title='bbox 635 1552 711 1623; x_wconf 60' lang='lat' dir='ltr'><strong>eici,</strong></span> <span class='ocrx_word' id='word_1_124' title='bbox 728 1551 793 1613; x_wconf 92' lang='lat' dir='ltr'><strong>duo</strong></span> <span class='ocrx_word' id='word_1_125' title='bbox 805 1553 953 1612; x_wconf 86' lang='lat' dir='ltr'><strong>vestrum</strong></span> <span class='ocrx_word' id='word_1_126' title='bbox 1051 1581 1185 1646; x_wconf 60' lang='lat' dir='ltr'><strong>[eosquos</strong></span> <span class='ocrx_word' id='word_1_127' title='bbox 1201 1583 1258 1633; x_wconf 76' lang='lat' dir='ltr'><strong>nee.</strong></span> <span class='ocrx_word' id='word_1_128' title='bbox 1270 1582 1313 1632; x_wconf 78' lang='lat' dir='ltr'><strong>des</strong></span> <span class='ocrx_word' id='word_1_129' title='bbox 1326 1581 1430 1640; x_wconf 67' lang='lat' dir='ltr'><strong>nient..</strong></span> <span class='ocrx_word' id='word_1_130' title='bbox 1442 1587 1461 1632; x_wconf 87' lang='grc' dir='ltr'><strong>ι,</strong></span> <span class='ocrx_word' id='word_1_131' title='bbox 1474 1583 1542 1642; x_wconf 78' lang='lat' dir='ltr'><strong>xix,</strong></span> <span class='ocrx_word' id='word_1_132' title='bbox 1555 1597 1581 1648; x_wconf 85' lang='lat' dir='ltr'><strong>p.</strong></span> <span class='ocrx_word' id='word_1_133' title='bbox 1595 1584 1649 1634; x_wconf 83' lang='lat'>673.</span> <span class='ocrx_word' id='word_1_134' title='bbox 1665 1586 1774 1650; x_wconf 73' lang='lat' dir='ltr'><strong>aegest,</strong></span> 
     </span>
     <span class='ocr_line' id='line_1_14' title="bbox 153 1649 1527 1727; baseline -0.006 -15"><span class='ocrx_word' id='word_1_135' title='bbox 153 1666 196 1712; x_wconf 88' lang='lat' dir='ltr'><strong>ea</strong></span> <span class='ocrx_word' id='word_1_136' title='bbox 210 1649 430 1711; x_wconf 84' lang='lat' dir='ltr'><strong>nibilominus</strong></span> <span class='ocrx_word' id='word_1_137' title='bbox 456 1651 691 1727; x_wconf 83' lang='lat' dir='ltr'><strong>exsequantur.</strong></span> <span class='ocrx_word' id='word_1_138' title='bbox 717 1649 835 1711; x_wconf 84' lang='lat' dir='ltr'><strong>Datum</strong></span> <span class='ocrx_word' id='word_1_139' title='bbox 850 1649 952 1710; x_wconf 88' lang='lat' dir='ltr'><strong>Late-</strong></span> <span class='ocrx_word' id='word_1_140' title='bbox 1297 1651 1527 1720; x_wconf 64' lang='lat' dir='ltr'><strong>tinnientes]</strong></span> 
     </span>
    </p>
   </div>
   <div class='ocr_carea' id='block_1_3' title="bbox 154 1740 1806 1907">
    <p class='ocr_par' dir='ltr' id='par_1_7' title="bbox 154 1740 1806 1907">
     <span class='ocr_line' id='line_1_15' title="bbox 154 1740 1804 1824; baseline -0.002 -17"><span class='ocrx_word' id='word_1_141' title='bbox 154 1747 241 1820; x_wconf 86' lang='lat' dir='ltr'><strong>rani,</strong></span> <span class='ocrx_word' id='word_1_142' title='bbox 254 1747 368 1824; x_wconf 79' lang='lat' dir='ltr'><strong>quinte</strong></span> <span class='ocrx_word' id='word_1_143' title='bbox 385 1745 521 1808; x_wconf 77' lang='lat' dir='ltr'><strong>kalend.</strong></span> <span class='ocrx_word' id='word_1_144' title='bbox 536 1746 730 1818; x_wconf 87' lang='lat' dir='ltr'><strong>decembris,</strong></span> <span class='ocrx_word' id='word_1_145' title='bbox 744 1747 952 1808; x_wconf 89' lang='lat' dir='ltr'><strong>annotertio.</strong></span> <span class='ocrx_word' id='word_1_146' title='bbox 1009 1742 1078 1802; x_wconf 85' lang='lat' dir='ltr'><strong>Cum</strong></span> <span class='ocrx_word' id='word_1_147' title='bbox 1100 1740 1228 1815; x_wconf 84' lang='lat' dir='ltr'><strong>episcopi</strong></span> <span class='ocrx_word' id='word_1_148' title='bbox 1252 1741 1395 1800; x_wconf 74' lang='lat' dir='ltr'><strong>liniensis</strong></span> <span class='ocrx_word' id='word_1_149' title='bbox 1419 1741 1494 1799; x_wconf 83' lang='lat' dir='ltr'><strong>maie</strong></span> <span class='ocrx_word' id='word_1_150' title='bbox 1516 1751 1601 1816; x_wconf 83' lang='lat' dir='ltr'><strong>gesta·</strong></span> <span class='ocrx_word' id='word_1_151' title='bbox 1620 1745 1804 1816; x_wconf 79' lang='lat' dir='ltr'><strong>innotuerint,</strong></span> 
     </span>
     <span class='ocr_line' id='line_1_16' title="bbox 993 1829 1806 1907; baseline 0.005 -19"><span class='ocrx_word' id='word_1_152' title='bbox 993 1861 1016 1872; x_wconf 63' lang='lat'><strong>,.</strong></span> <span class='ocrx_word' id='word_1_153' title='bbox 1045 1831 1189 1888; x_wconf 80' lang='lat' dir='ltr'><strong>Honorius</strong></span> <span class='ocrx_word' id='word_1_154' title='bbox 1217 1829 1343 1900; x_wconf 87' lang='lat' dir='ltr'><strong>mandat,</strong></span> <span class='ocrx_word' id='word_1_155' title='bbox 1365 1836 1397 1888; x_wconf 86' lang='grc' dir='ltr'><strong>ιιι</strong></span> <span class='ocrx_word' id='word_1_156' title='bbox 1413 1831 1447 1888; x_wconf 81' lang='grc' dir='ltr'><strong>Α.</strong></span> <span class='ocrx_word' id='word_1_157' title='bbox 1468 1832 1498 1888; x_wconf 87' lang='lat' dir='ltr'><strong>S.</strong></span> <span class='ocrx_word' id='word_1_158' title='bbox 1512 1831 1625 1903; x_wconf 72' lang='lat' dir='ltr'><strong>regens</strong></span> <span class='ocrx_word' id='word_1_159' title='bbox 1639 1834 1806 1907; x_wconf 85' lang='lat' dir='ltr'><strong>episcopum</strong></span> 
     </span>
    </p>
   </div>
   <div class='ocr_carea' id='block_1_4' title="bbox 524 1918 1805 2019">
    <p class='ocr_par' dir='ltr' id='par_1_8' title="bbox 524 1918 1805 2019">
     <span class='ocr_line' id='line_1_17' title="bbox 524 1918 1805 2019; baseline 0.003 -43"><span class='ocrx_word' id='word_1_160' title='bbox 524 1931 593 2019; x_wconf 70' lang='lat' dir='ltr'><strong>LV</strong></span> <span class='ocrx_word' id='word_1_161' title='bbox 837 1960 845 1980; x_wconf 84' lang='lat'><strong>.</strong></span> <span class='ocrx_word' id='word_1_162' title='bbox 1045 1919 1179 1978; x_wconf 86' lang='lat' dir='ltr'><strong>eumdem</strong></span> <span class='ocrx_word' id='word_1_163' title='bbox 1194 1918 1805 1995; x_wconf 82' lang='lat' dir='ltr'><strong>iuduceiadcedendumspontescaepic-</strong></span> 
     </span>
    </p>
   </div>
   <div class='ocr_carea' id='block_1_5' title="bbox 154 2006 1806 2154">
    <p class='ocr_par' dir='ltr' id='par_1_9' title="bbox 154 2006 1806 2154">
     <span class='ocr_line' id='line_1_18' title="bbox 154 2006 1806 2154; baseline -0.017 -25"><span class='ocrx_word' id='word_1_164' title='bbox 154 2067 208 2128; x_wconf 82' lang='lat' dir='ltr'><strong>Ad</strong></span> <span class='ocrx_word' id='word_1_165' title='bbox 226 2067 362 2128; x_wconf 81' lang='lat' dir='ltr'><strong>abbates</strong></span> <span class='ocrx_word' id='word_1_166' title='bbox 382 2067 503 2128; x_wconf 81' lang='lat' dir='ltr'><strong>Fontis</strong></span> <span class='ocrx_word' id='word_1_167' title='bbox 524 2067 660 2144; x_wconf 73' lang='lat' dir='ltr'><strong>Friptdi</strong></span> <span class='ocrx_word' id='word_1_168' title='bbox 679 2068 720 2128; x_wconf 77' lang='lat' dir='ltr'><strong>ei·</strong></span> <span class='ocrx_word' id='word_1_169' title='bbox 735 2067 770 2128; x_wconf 83' lang='lat' dir='ltr'><strong>S.</strong></span> <span class='ocrx_word' id='word_1_170' title='bbox 787 2067 908 2128; x_wconf 82' lang='lat' dir='ltr'><strong>Pontii</strong></span> <span class='ocrx_word' id='word_1_171' title='bbox 922 2067 955 2127; x_wconf 85' lang='lat' dir='ltr'><strong>ci</strong></span> <span class='ocrx_word' id='word_1_172' title='bbox 1044 2017 1191 2154; x_wconf 42' lang='lat' dir='ltr'><strong>mium,</strong></span> <span class='ocrx_word' id='word_1_173' title='bbox 1205 2008 1332 2080; x_wconf 54' lang='lat' dir='ltr'><strong>ahma</strong></span> <span class='ocrx_word' id='word_1_174' title='bbox 1351 2006 1387 2065; x_wconf 67' lang='lat'><strong>¹¹⁰</strong></span> <span class='ocrx_word' id='word_1_175' title='bbox 1411 2006 1492 2065; x_wconf 53' lang='grc' dir='ltr'><strong>Μ’</strong></span> <span class='ocrx_word' id='word_1_176' title='bbox 1515 2023 1582 2081; x_wconf 55' lang='lat'><strong>⁰¹¹¹*</strong></span> <span class='ocrx_word' id='word_1_177' title='bbox 1596 2011 1806 2084; x_wconf 64' lang='lat' dir='ltr'><strong>⁸3⁸⁰¹¹i¹¹q¹¹¹²</strong></span> 
     </span>
    </p>
   </div>
   <div class='ocr_carea' id='block_1_6' title="bbox 348 2165 1806 2274">
    <p class='ocr_par' dir='ltr' id='par_1_10' title="bbox 348 2165 1806 2274">
     <span class='ocr_line' id='line_1_19' title="bbox 348 2165 1806 2274; baseline 0.014 -34"><span class='ocrx_word' id='word_1_178' title='bbox 348 2166 629 2226; x_wconf 60' lang='lat' dir='ltr'><strong>MOMWCOWW</strong></span> <span class='ocrx_word' id='word_1_179' title='bbox 644 2165 769 2226; x_wconf 59' lang='grc' dir='ltr'><em>Εθάθη·</em></span> <span class='ocrx_word' id='word_1_180' title='bbox 1051 2197 1219 2258; x_wconf 82' lang='lat' dir='ltr'><strong>Honorius</strong></span> <span class='ocrx_word' id='word_1_181' title='bbox 1235 2195 1448 2274; x_wconf 89' lang='lat' dir='ltr'><strong>episcopus...</strong></span> <span class='ocrx_word' id='word_1_182' title='bbox 1461 2195 1582 2258; x_wconf 87' lang='lat' dir='ltr'><strong>diiecto</strong></span> <span class='ocrx_word' id='word_1_183' title='bbox 1592 2196 1704 2258; x_wconf 81' lang='lat' dir='ltr'><strong>iilioB.</strong></span> <span class='ocrx_word' id='word_1_184' title='bbox 1717 2199 1806 2260; x_wconf 88' lang='lat' dir='ltr'><strong>tituli</strong></span> 
     </span>
    </p>
   </div>
   <div class='ocr_carea' id='block_1_7' title="bbox 156 2276 1813 5504">
    <p class='ocr_par' dir='ltr' id='par_1_11' title="bbox 172 2276 1807 2468">
     <span class='ocr_line' id='line_1_20' title="bbox 418 2276 1807 2372; baseline -0.004 -9"><span class='ocrx_word' id='word_1_185' title='bbox 418 2277 452 2336; x_wconf 80' lang='lat'><strong>²⁸</strong></span> <span class='ocrx_word' id='word_1_186' title='bbox 464 2276 598 2336; x_wconf 71' lang='lat' dir='ltr'><strong>”⁰V0fflb·</strong></span> <span class='ocrx_word' id='word_1_187' title='bbox 617 2277 695 2336; x_wconf 77' lang='lat'><strong>¹²¹⁸·</strong></span> <span class='ocrx_word' id='word_1_188' title='bbox 1011 2294 1209 2356; x_wconf 85' lang='lat' dir='ltr'><strong>Sanctorum</strong></span> <span class='ocrx_word' id='word_1_189' title='bbox 1231 2293 1394 2358; x_wconf 81' lang='lat' dir='ltr'><strong>iohannis</strong></span> <span class='ocrx_word' id='word_1_190' title='bbox 1408 2295 1441 2354; x_wconf 88' lang='lat' dir='ltr'><strong>ei</strong></span> <span class='ocrx_word' id='word_1_191' title='bbox 1455 2294 1552 2356; x_wconf 89' lang='lat' dir='ltr'><strong>Pauli</strong></span> <span class='ocrx_word' id='word_1_192' title='bbox 1567 2294 1674 2372; x_wconf 85' lang='lat' dir='ltr'><strong>presb.</strong></span> <span class='ocrx_word' id='word_1_193' title='bbox 1692 2297 1807 2358; x_wconf 89' lang='lat' dir='ltr'><strong>cardi·</strong></span> 
     </span>
     <span class='ocr_line' id='line_1_21' title="bbox 172 2383 1574 2468; baseline -0.008 -32"><span class='ocrx_word' id='word_1_194' title='bbox 172 2386 292 2450; x_wconf 65' lang='lat' dir='ltr'><strong>litamen,</strong></span> <span class='ocrx_word' id='word_1_195' title='bbox 304 2383 350 2436; x_wconf 91' lang='lat' dir='ltr'><strong>lib.</strong></span> <span class='ocrx_word' id='word_1_196' title='bbox 366 2385 417 2446; x_wconf 86' lang='lat' dir='ltr'><strong>ill,¹</strong></span> <span class='ocrx_word' id='word_1_197' title='bbox 432 2385 505 2450; x_wconf 86' lang='lat' dir='ltr'><strong>episi.</strong></span> <span class='ocrx_word' id='word_1_198' title='bbox 526 2385 580 2434; x_wconf 76' lang='lat'><strong>155.</strong></span> <span class='ocrx_word' id='word_1_199' title='bbox 594 2387 694 2436; x_wconf 64' lang='lat' dir='ltr'><strong>nisena</strong></span> <span class='ocrx_word' id='word_1_200' title='bbox 706 2385 784 2454; x_wconf 54' lang='grc' dir='ltr'><strong>Ροιιιιι</strong></span> <span class='ocrx_word' id='word_1_201' title='bbox 796 2384 830 2435; x_wconf 90' lang='lat' dir='ltr'><strong>du</strong></span> <span class='ocrx_word' id='word_1_202' title='bbox 845 2384 938 2446; x_wconf 74' lang='lat' dir='ltr'><strong>lircil]</strong></span> <span class='ocrx_word' id='word_1_203' title='bbox 1010 2391 1091 2463; x_wconf 59' lang='lat' dir='ltr'>nali,</span> <span class='ocrx_word' id='word_1_204' title='bbox 1108 2395 1145 2452; x_wconf 51' lang='lat' dir='ltr'><strong>A·</strong></span> <span class='ocrx_word' id='word_1_205' title='bbox 1164 2394 1197 2454; x_wconf 50' lang='lat' dir='ltr'><strong>S·</strong></span> <span class='ocrx_word' id='word_1_206' title='bbox 1214 2391 1334 2468; x_wconf 53' lang='lat' dir='ltr'>legato,</span> <span class='ocrx_word' id='word_1_207' title='bbox 1349 2391 1499 2462; x_wconf 57' lang='lat' dir='ltr'><strong>salmom,</strong></span> <span class='ocrx_word' id='word_1_208' title='bbox 1515 2392 1574 2454; x_wconf 50' lang='lat' dir='ltr'><strong>em</strong></span> 
     </span>
    </p>

    <p class='ocr_par' dir='ltr' id='par_1_12' title="bbox 156 2487 1813 5002">
     <span class='ocr_line' id='line_1_22' title="bbox 156 2487 1807 2568; baseline -0.001 -14"><span class='ocrx_word' id='word_1_209' title='bbox 156 2496 193 2554; x_wconf 87' lang='lat' dir='ltr'><strong>Ui</strong></span> <span class='ocrx_word' id='word_1_210' title='bbox 207 2493 244 2552; x_wconf 91' lang='lat' dir='ltr'><strong>de</strong></span> <span class='ocrx_word' id='word_1_211' title='bbox 257 2491 508 2568; x_wconf 86' lang='lat' dir='ltr'><strong>dilapidationibus</strong></span> <span class='ocrx_word' id='word_1_212' title='bbox 523 2491 634 2552; x_wconf 84' lang='lat' dir='ltr'><strong>abbatis</strong></span> <span class='ocrx_word' id='word_1_213' title='bbox 649 2492 955 2552; x_wconf 81' lang='lat' dir='ltr'><strong>crassenmcuasierii</strong></span> <span class='ocrx_word' id='word_1_214' title='bbox 1050 2491 1112 2550; x_wconf 87' lang='lat' dir='ltr'><strong>Tot</strong></span> <span class='ocrx_word' id='word_1_215' title='bbox 1135 2490 1167 2550; x_wconf 88' lang='lat' dir='ltr'><strong>et</strong></span> <span class='ocrx_word' id='word_1_216' title='bbox 1181 2491 1273 2550; x_wconf 83' lang='lat' dir='ltr'><strong>tanta</strong></span> <span class='ocrx_word' id='word_1_217' title='bbox 1292 2487 1389 2549; x_wconf 89' lang='lat' dir='ltr'><strong>nobis</strong></span> <span class='ocrx_word' id='word_1_218' title='bbox 1410 2489 1451 2551; x_wconf 86' lang='lat' dir='ltr'><strong>de</strong></span> <span class='ocrx_word' id='word_1_219' title='bbox 1471 2489 1672 2552; x_wconf 88' lang='lat' dir='ltr'><strong>venerabilis</strong></span> <span class='ocrx_word' id='word_1_220' title='bbox 1693 2491 1807 2553; x_wconf 89' lang='lat' dir='ltr'><strong>iratris</strong></span> 
     </span>
     <span class='ocr_line' id='line_1_23' title="bbox 481 2581 1808 2664; baseline -0.002 -10"><span class='ocrx_word' id='word_1_221' title='bbox 481 2581 635 2654; x_wconf 81' lang='lat' dir='ltr'><strong>inquirant.</strong></span> <span class='ocrx_word' id='word_1_222' title='bbox 1010 2586 1118 2650; x_wconf 87' lang='lat' dir='ltr'><strong>nostri</strong></span> <span class='ocrx_word' id='word_1_223' title='bbox 1126 2585 1273 2664; x_wconf 87' lang='lat' dir='ltr'><strong>episcopi</strong></span> <span class='ocrx_word' id='word_1_224' title='bbox 1285 2582 1505 2664; x_wconf 85' lang='lat' dir='ltr'><strong>Albiensis(1)</strong></span> <span class='ocrx_word' id='word_1_225' title='bbox 1518 2586 1663 2649; x_wconf 87' lang='lat' dir='ltr'><strong>sinistris</strong></span> <span class='ocrx_word' id='word_1_226' title='bbox 1679 2587 1808 2652; x_wconf 87' lang='lat' dir='ltr'><strong>actibus</strong></span> 
     </span>
     <span class='ocr_line' id='line_1_24' title="bbox 197 2682 1808 2764; baseline -0.006 -10"><span class='ocrx_word' id='word_1_227' title='bbox 197 2690 377 2764; x_wconf 88' lang='lat' dir='ltr'><strong>Honorius,</strong></span> <span class='ocrx_word' id='word_1_228' title='bbox 394 2689 609 2762; x_wconf 88' lang='lat' dir='ltr'><strong>etc.,dilectis</strong></span> <span class='ocrx_word' id='word_1_229' title='bbox 626 2689 741 2753; x_wconf 83' lang='lat' dir='ltr'><strong>nilis...</strong></span> <span class='ocrx_word' id='word_1_230' title='bbox 758 2689 874 2752; x_wconf 80' lang='lat' dir='ltr'><strong>Fontis</strong></span> <span class='ocrx_word' id='word_1_231' title='bbox 887 2689 956 2750; x_wconf 89' lang='lat' dir='ltr'><strong>Fri·</strong></span> <span class='ocrx_word' id='word_1_232' title='bbox 1011 2684 1226 2755; x_wconf 83' lang='lat' dir='ltr'><strong>nunciantur,</strong></span> <span class='ocrx_word' id='word_1_233' title='bbox 1242 2684 1277 2743; x_wconf 88' lang='lat' dir='ltr'><strong>ui</strong></span> <span class='ocrx_word' id='word_1_234' title='bbox 1299 2697 1339 2744; x_wconf 94' lang='lat' dir='ltr'><strong>ea</strong></span> <span class='ocrx_word' id='word_1_235' title='bbox 1362 2682 1501 2744; x_wconf 86' lang='lat' dir='ltr'><strong>ulterius</strong></span> <span class='ocrx_word' id='word_1_236' title='bbox 1520 2699 1723 2761; x_wconf 86' lang='lat' dir='ltr'><strong>nequeamus</strong></span> <span class='ocrx_word' id='word_1_237' title='bbox 1747 2687 1808 2750; x_wconf 88' lang='lat' dir='ltr'><strong>sub</strong></span> 
     </span>
     <span class='ocr_line' id='line_1_25' title="bbox 157 2775 1808 2864; baseline -0.003 -17"><span class='ocrx_word' id='word_1_238' title='bbox 157 2788 239 2864; x_wconf 84' lang='lat' dir='ltr'><strong>gidi,</strong></span> <span class='ocrx_word' id='word_1_239' title='bbox 259 2790 329 2850; x_wconf 81' lang='lat' dir='ltr'><strong>et..</strong></span> <span class='ocrx_word' id='word_1_240' title='bbox 361 2787 473 2850; x_wconf 82' lang='lat' dir='ltr'><strong>sancii</strong></span> <span class='ocrx_word' id='word_1_241' title='bbox 499 2786 610 2850; x_wconf 83' lang='lat' dir='ltr'><strong>Pontii</strong></span> <span class='ocrx_word' id='word_1_242' title='bbox 637 2786 846 2848; x_wconf 75' lang='lat' dir='ltr'><strong>Tiremerien,</strong></span> <span class='ocrx_word' id='word_1_243' title='bbox 871 2788 904 2848; x_wconf 74' lang='lat' dir='ltr'><strong>et</strong></span> <span class='ocrx_word' id='word_1_244' title='bbox 923 2789 953 2848; x_wconf 87' lang='lat' dir='ltr'><strong>J.</strong></span> <span class='ocrx_word' id='word_1_245' title='bbox 1011 2777 1276 2840; x_wconf 84' lang='lat' dir='ltr'><strong>dissimulatione</strong></span> <span class='ocrx_word' id='word_1_246' title='bbox 1302 2775 1454 2838; x_wconf 88' lang='lat' dir='ltr'><strong>transire.</strong></span> <span class='ocrx_word' id='word_1_247' title='bbox 1485 2777 1676 2852; x_wconf 82' lang='lat' dir='ltr'><strong>Deierentes</strong></span> <span class='ocrx_word' id='word_1_248' title='bbox 1698 2781 1808 2842; x_wconf 87' lang='lat' dir='ltr'><strong>eutem</strong></span> 
     </span>
     <span class='ocr_line' id='line_1_26' title="bbox 160 2873 1808 2957; baseline -0.006 -9"><span class='ocrx_word' id='word_1_249' title='bbox 160 2885 413 2950; x_wconf 84' lang='lat' dir='ltr'><strong>archidiacono..</strong></span> <span class='ocrx_word' id='word_1_250' title='bbox 434 2885 573 2957; x_wconf 79' lang='lat' dir='ltr'><strong>neuen,</strong></span> <span class='ocrx_word' id='word_1_251' title='bbox 588 2884 777 2946; x_wconf 80' lang='lat' dir='ltr'><strong>Narbonem.</strong></span> <span class='ocrx_word' id='word_1_252' title='bbox 803 2884 956 2946; x_wconf 85' lang='lat' dir='ltr'><strong>dioecesis</strong></span> <span class='ocrx_word' id='word_1_253' title='bbox 1012 2875 1173 2938; x_wconf 75' lang='lat' dir='ltr'><strong>senectuti</strong></span> <span class='ocrx_word' id='word_1_254' title='bbox 1189 2875 1424 2952; x_wconf 68' lang='lat' dir='ltr'><strong>summania</strong></span> <span class='ocrx_word' id='word_1_255' title='bbox 1447 2873 1513 2935; x_wconf 90' lang='lat' dir='ltr'><strong>sibi</strong></span> <span class='ocrx_word' id='word_1_256' title='bbox 1528 2875 1665 2940; x_wconf 84' lang='lat' dir='ltr'><strong>lenitate</strong></span> <span class='ocrx_word' id='word_1_257' title='bbox 1681 2893 1808 2939; x_wconf 87' lang='lat' dir='ltr'><strong>consu-</strong></span> 
     </span>
     <span class='ocr_line' id='line_1_27' title="bbox 158 2971 1808 3056; baseline -0.005 -12"><span class='ocrx_word' id='word_1_258' title='bbox 158 2984 313 3056; x_wconf 86' lang='lat' dir='ltr'><strong>salutem,</strong></span> <span class='ocrx_word' id='word_1_259' title='bbox 330 2983 393 3046; x_wconf 88' lang='lat' dir='ltr'><strong>etc.</strong></span> <span class='ocrx_word' id='word_1_260' title='bbox 1012 2973 1122 3046; x_wconf 88' lang='lat' dir='ltr'><strong>limus,</strong></span> <span class='ocrx_word' id='word_1_261' title='bbox 1149 2974 1196 3045; x_wconf 89' lang='lat' dir='ltr'><strong>ut,</strong></span> <span class='ocrx_word' id='word_1_262' title='bbox 1226 2988 1324 3034; x_wconf 87' lang='lat' dir='ltr'><strong>suum</strong></span> <span class='ocrx_word' id='word_1_263' title='bbox 1351 2971 1541 3048; x_wconf 79' lang='lat' dir='ltr'><strong>recogitans</strong></span> <span class='ocrx_word' id='word_1_264' title='bbox 1566 2973 1808 3049; x_wconf 78' lang='lat' dir='ltr'><strong>imperfectum,</strong></span> 
     </span>
     <span class='ocr_line' id='line_1_28' title="bbox 205 3069 1810 3158; baseline -0.006 -14"><span class='ocrx_word' id='word_1_265' title='bbox 205 3085 272 3144; x_wconf 91' lang='lat' dir='ltr'><strong>Sua</strong></span> <span class='ocrx_word' id='word_1_266' title='bbox 305 3081 401 3144; x_wconf 88' lang='lat' dir='ltr'><strong>nobis</strong></span> <span class='ocrx_word' id='word_1_267' title='bbox 427 3081 464 3142; x_wconf 88' lang='grc' dir='ltr'><strong>Ρ.</strong></span> <span class='ocrx_word' id='word_1_268' title='bbox 491 3080 713 3158; x_wconf 83' lang='lat' dir='ltr'><strong>praepositus,</strong></span> <span class='ocrx_word' id='word_1_269' title='bbox 735 3082 786 3152; x_wconf 90' lang='grc' dir='ltr'><strong>Β.,</strong></span> <span class='ocrx_word' id='word_1_270' title='bbox 803 3083 853 3152; x_wconf 91' lang='grc' dir='ltr'><strong>Ρ.,</strong></span> <span class='ocrx_word' id='word_1_271' title='bbox 871 3083 908 3142; x_wconf 84' lang='lat' dir='ltr'><strong>G.</strong></span> <span class='ocrx_word' id='word_1_272' title='bbox 924 3079 958 3142; x_wconf 90' lang='lat' dir='ltr'><strong>et</strong></span> <span class='ocrx_word' id='word_1_273' title='bbox 1012 3087 1095 3133; x_wconf 92' lang='lat' dir='ltr'><strong>onus</strong></span> <span class='ocrx_word' id='word_1_274' title='bbox 1108 3069 1309 3148; x_wconf 84' lang='lat' dir='ltr'><strong>pontificalis</strong></span> <span class='ocrx_word' id='word_1_275' title='bbox 1325 3069 1427 3130; x_wconf 85' lang='lat' dir='ltr'><strong>oiceii</strong></span> <span class='ocrx_word' id='word_1_276' title='bbox 1440 3069 1526 3147; x_wconf 89' lang='lat' dir='ltr'><strong>quod</strong></span> <span class='ocrx_word' id='word_1_277' title='bbox 1538 3069 1675 3147; x_wconf 81' lang='lat' dir='ltr'><strong>indigne</strong></span> <span class='ocrx_word' id='word_1_278' title='bbox 1688 3072 1810 3142; x_wconf 85' lang='lat' dir='ltr'><strong>dieitur</strong></span> 
     </span>
     <span class='ocr_line' id='line_1_29' title="bbox 159 3166 1809 3246; baseline -0.005 -4"><span class='ocrx_word' id='word_1_279' title='bbox 159 3183 195 3242; x_wconf 88' lang='grc' dir='ltr'><strong>Β.</strong></span> <span class='ocrx_word' id='word_1_280' title='bbox 225 3179 383 3242; x_wconf 86' lang='lat' dir='ltr'><strong>monachi</strong></span> <span class='ocrx_word' id='word_1_281' title='bbox 404 3180 557 3242; x_wconf 78' lang='lat' dir='ltr'><strong>crassen.</strong></span> <span class='ocrx_word' id='word_1_282' title='bbox 578 3178 773 3240; x_wconf 85' lang='lat' dir='ltr'><strong>monasterii</strong></span> <span class='ocrx_word' id='word_1_283' title='bbox 799 3178 955 3239; x_wconf 83' lang='lat' dir='ltr'><strong>insinua·</strong></span> <span class='ocrx_word' id='word_1_284' title='bbox 1011 3167 1349 3246; x_wconf 79' lang='lat' dir='ltr'><strong>temporejamlongo</strong></span> <span class='ocrx_word' id='word_1_285' title='bbox 1359 3166 1513 3244; x_wconf 88' lang='lat' dir='ltr'><strong>portasse</strong></span> <span class='ocrx_word' id='word_1_286' title='bbox 1522 3183 1588 3228; x_wconf 89' lang='lat' dir='ltr'><strong>non</strong></span> <span class='ocrx_word' id='word_1_287' title='bbox 1603 3169 1675 3230; x_wconf 89' lang='lat' dir='ltr'><strong>sine</strong></span> <span class='ocrx_word' id='word_1_288' title='bbox 1687 3170 1809 3234; x_wconf 86' lang='lat' dir='ltr'><strong>animae</strong></span> 
     </span>
     <span class='ocr_line' id='line_1_30' title="bbox 159 3264 1809 3354; baseline -0.005 -18"><span class='ocrx_word' id='word_1_289' title='bbox 159 3279 251 3340; x_wconf 85' lang='lat' dir='ltr'><strong>tione</strong></span> <span class='ocrx_word' id='word_1_290' title='bbox 261 3277 502 3348; x_wconf 78' lang='lat' dir='ltr'><strong>monstrarunt,</strong></span> <span class='ocrx_word' id='word_1_291' title='bbox 510 3276 596 3354; x_wconf 88' lang='lat' dir='ltr'><strong>quod</strong></span> <span class='ocrx_word' id='word_1_292' title='bbox 608 3292 721 3338; x_wconf 80' lang='lat' dir='ltr'><strong>eum...</strong></span> <span class='ocrx_word' id='word_1_293' title='bbox 731 3275 834 3338; x_wconf 74' lang='lat' dir='ltr'><strong>abbas</strong></span> <span class='ocrx_word' id='word_1_294' title='bbox 842 3292 956 3338; x_wconf 76' lang='lat' dir='ltr'><strong>eorum</strong></span> <span class='ocrx_word' id='word_1_295' title='bbox 1012 3283 1081 3328; x_wconf 85' lang='lat' dir='ltr'><strong>suae</strong></span> <span class='ocrx_word' id='word_1_296' title='bbox 1098 3266 1247 3344; x_wconf 83' lang='lat' dir='ltr'><strong>periculo</strong></span> <span class='ocrx_word' id='word_1_297' title='bbox 1262 3267 1294 3326; x_wconf 92' lang='lat' dir='ltr'><strong>et</strong></span> <span class='ocrx_word' id='word_1_298' title='bbox 1306 3265 1491 3327; x_wconf 85' lang='lat' dir='ltr'><strong>commissae</strong></span> <span class='ocrx_word' id='word_1_299' title='bbox 1507 3264 1570 3328; x_wconf 88' lang='lat' dir='ltr'><strong>sibi</strong></span> <span class='ocrx_word' id='word_1_300' title='bbox 1584 3267 1733 3330; x_wconf 80' lang='lat' dir='ltr'><strong>ecclesias</strong></span> <span class='ocrx_word' id='word_1_301' title='bbox 1747 3269 1809 3334; x_wconf 85' lang='lat' dir='ltr'><strong>de-</strong></span> 
     </span>
     <span class='ocr_line' id='line_1_31' title="bbox 159 3361 1810 3453; baseline -0.008 -15"><span class='ocrx_word' id='word_1_302' title='bbox 159 3375 352 3453; x_wconf 84' lang='lat' dir='ltr'><strong>perpetuus,</strong></span> <span class='ocrx_word' id='word_1_303' title='bbox 368 3373 577 3452; x_wconf 85' lang='lat' dir='ltr'><strong>dilapidator,</strong></span> <span class='ocrx_word' id='word_1_304' title='bbox 590 3373 743 3451; x_wconf 89' lang='lat' dir='ltr'><strong>aliusque</strong></span> <span class='ocrx_word' id='word_1_305' title='bbox 762 3373 957 3435; x_wconf 89' lang='lat' dir='ltr'><strong>criminibus</strong></span> <span class='ocrx_word' id='word_1_306' title='bbox 1012 3365 1180 3436; x_wconf 80' lang='lat' dir='ltr'><strong>trimento,</strong></span> <span class='ocrx_word' id='word_1_307' title='bbox 1203 3362 1335 3424; x_wconf 87' lang='lat' dir='ltr'><strong>tandem</strong></span> <span class='ocrx_word' id='word_1_308' title='bbox 1361 3361 1504 3440; x_wconf 84' lang='lat' dir='ltr'><strong>deponat</strong></span> <span class='ocrx_word' id='word_1_309' title='bbox 1527 3364 1710 3439; x_wconf 84' lang='lat' dir='ltr'><strong>spontanea</strong></span> <span class='ocrx_word' id='word_1_310' title='bbox 1732 3382 1810 3430; x_wconf 82' lang='lat' dir='ltr'><strong>ces·-</strong></span> 
     </span>
     <span class='ocr_line' id='line_1_32' title="bbox 159 3459 1808 3547; baseline 0.002 -15"><span class='ocrx_word' id='word_1_311' title='bbox 159 3473 320 3545; x_wconf 88' lang='lat' dir='ltr'><strong>irreiitus,</strong></span> <span class='ocrx_word' id='word_1_312' title='bbox 340 3471 544 3534; x_wconf 85' lang='lat' dir='ltr'><strong>insuiticiens</strong></span> <span class='ocrx_word' id='word_1_313' title='bbox 559 3472 604 3532; x_wconf 87' lang='lat' dir='ltr'><strong>sit</strong></span> <span class='ocrx_word' id='word_1_314' title='bbox 617 3471 659 3533; x_wconf 87' lang='lat' dir='ltr'><strong>ad</strong></span> <span class='ocrx_word' id='word_1_315' title='bbox 679 3471 830 3547; x_wconf 77' lang='lat' dir='ltr'><strong>regimen</strong></span> <span class='ocrx_word' id='word_1_316' title='bbox 850 3471 957 3532; x_wconf 87' lang='lat' dir='ltr'><strong>abba·</strong></span> <span class='ocrx_word' id='word_1_317' title='bbox 1013 3463 1119 3534; x_wconf 74' lang='lat' dir='ltr'><strong>sione,</strong></span> <span class='ocrx_word' id='word_1_318' title='bbox 1137 3460 1183 3534; x_wconf 67' lang='lat' dir='ltr'><strong>ub</strong></span> <span class='ocrx_word' id='word_1_319' title='bbox 1200 3475 1390 3522; x_wconf 65' lang='lat' dir='ltr'><strong>exonerans</strong></span> <span class='ocrx_word' id='word_1_320' title='bbox 1403 3460 1490 3521; x_wconf 91' lang='lat' dir='ltr'><strong>sede</strong></span> <span class='ocrx_word' id='word_1_321' title='bbox 1505 3459 1642 3537; x_wconf 67' lang='lat' dir='ltr'><strong>iliaesata</strong></span> <span class='ocrx_word' id='word_1_322' title='bbox 1655 3462 1808 3536; x_wconf 66' lang='lat' dir='ltr'><strong>ecclesia,</strong></span> 
     </span>
     <span class='ocr_line' id='line_1_33' title="bbox 159 3557 1809 3648; baseline -0.006 -16"><span class='ocrx_word' id='word_1_323' title='bbox 159 3570 226 3642; x_wconf 85' lang='lat' dir='ltr'><strong>tiae,</strong></span> <span class='ocrx_word' id='word_1_324' title='bbox 254 3585 314 3648; x_wconf 83' lang='lat' dir='ltr'><strong>per</strong></span> <span class='ocrx_word' id='word_1_325' title='bbox 342 3572 414 3647; x_wconf 77' lang='lat' dir='ltr'><strong>eJus</strong></span> <span class='ocrx_word' id='word_1_326' title='bbox 435 3569 600 3631; x_wconf 90' lang='lat' dir='ltr'><strong>incuriam</strong></span> <span class='ocrx_word' id='word_1_327' title='bbox 618 3568 706 3630; x_wconf 90' lang='lat' dir='ltr'><strong>idem</strong></span> <span class='ocrx_word' id='word_1_328' title='bbox 719 3568 958 3630; x_wconf 86' lang='lat' dir='ltr'><strong>monasterium</strong></span> <span class='ocrx_word' id='word_1_329' title='bbox 1013 3561 1046 3620; x_wconf 91' lang='lat' dir='ltr'><strong>et</strong></span> <span class='ocrx_word' id='word_1_330' title='bbox 1070 3558 1221 3621; x_wconf 88' lang='lat' dir='ltr'><strong>eamdem</strong></span> <span class='ocrx_word' id='word_1_331' title='bbox 1247 3558 1424 3620; x_wconf 83' lang='lat' dir='ltr'><strong>ecclesiam</strong></span> <span class='ocrx_word' id='word_1_332' title='bbox 1443 3558 1484 3618; x_wconf 94' lang='lat' dir='ltr'><strong>de</strong></span> <span class='ocrx_word' id='word_1_333' title='bbox 1503 3557 1623 3635; x_wconf 89' lang='lat' dir='ltr'><strong>seipso,</strong></span> <span class='ocrx_word' id='word_1_334' title='bbox 1640 3559 1809 3622; x_wconf 84' lang='lat' dir='ltr'><strong>residuum</strong></span> 
     </span>
     <span class='ocr_line' id='line_1_34' title="bbox 159 3656 1808 3746; baseline -0.002 -16"><span class='ocrx_word' id='word_1_335' title='bbox 159 3669 196 3730; x_wconf 83' lang='lat' dir='ltr'><strong>in</strong></span> <span class='ocrx_word' id='word_1_336' title='bbox 211 3667 440 3746; x_wconf 78' lang='lat' dir='ltr'><strong>spiritualibus</strong></span> <span class='ocrx_word' id='word_1_337' title='bbox 464 3669 498 3728; x_wconf 80' lang='lat' dir='ltr'><strong>ei</strong></span> <span class='ocrx_word' id='word_1_338' title='bbox 522 3665 763 3744; x_wconf 78' lang='lat' dir='ltr'><strong>temporanbus</strong></span> <span class='ocrx_word' id='word_1_339' title='bbox 787 3664 958 3744; x_wconf 79' lang='lat' dir='ltr'><strong>inquibus</strong></span> <span class='ocrx_word' id='word_1_340' title='bbox 1013 3657 1126 3718; x_wconf 80' lang='lat' dir='ltr'><strong>aeiaas.</strong></span> <span class='ocrx_word' id='word_1_341' title='bbox 1142 3673 1211 3720; x_wconf 85' lang='lat' dir='ltr'><strong>snae</strong></span> <span class='ocrx_word' id='word_1_342' title='bbox 1227 3656 1367 3718; x_wconf 82' lang='lat' dir='ltr'><strong>nomino</strong></span> <span class='ocrx_word' id='word_1_343' title='bbox 1382 3656 1716 3728; x_wconf 62' lang='lat' dir='ltr'><strong>consecraremini,</strong></span> <span class='ocrx_word' id='word_1_344' title='bbox 1731 3659 1808 3720; x_wconf 82' lang='lat' dir='ltr'><strong>etei</strong></span> 
     </span>
     <span class='ocr_line' id='line_1_35' title="bbox 160 3753 1810 3842; baseline -0.006 -15"><span class='ocrx_word' id='word_1_345' title='bbox 160 3767 282 3828; x_wconf 91' lang='lat' dir='ltr'><strong>tiorere</strong></span> <span class='ocrx_word' id='word_1_346' title='bbox 297 3765 700 3842; x_wconf 87' lang='lat' dir='ltr'><strong>solebatenormepaiitur</strong></span> <span class='ocrx_word' id='word_1_347' title='bbox 713 3763 956 3839; x_wconf 65' lang='lat' dir='ltr'><strong>detrimentum</strong></span> <span class='ocrx_word' id='word_1_348' title='bbox 1014 3756 1159 3832; x_wconf 89' lang='lat' dir='ltr'><strong>seipsum</strong></span> <span class='ocrx_word' id='word_1_349' title='bbox 1197 3753 1398 3818; x_wconf 86' lang='lat' dir='ltr'><strong>sacrificinm</strong></span> <span class='ocrx_word' id='word_1_350' title='bbox 1433 3753 1550 3815; x_wconf 85' lang='lat' dir='ltr'><strong>saitem</strong></span> <span class='ocrx_word' id='word_1_351' title='bbox 1585 3755 1810 3835; x_wconf 87' lang='lat' dir='ltr'><strong>vespertinum</strong></span> 
     </span>
     <span class='ocr_line' id='line_1_36' title="bbox 158 3851 1812 3940; baseline -0.006 -16"><span class='ocrx_word' id='word_1_352' title='bbox 158 3863 219 3940; x_wconf 88' lang='lat' dir='ltr'><strong>qui</strong></span> <span class='ocrx_word' id='word_1_353' title='bbox 246 3863 397 3926; x_wconf 77' lang='lat' dir='ltr'><strong>baeretici</strong></span> <span class='ocrx_word' id='word_1_354' title='bbox 425 3862 518 3924; x_wconf 91' lang='lat' dir='ltr'><strong>iliius</strong></span> <span class='ocrx_word' id='word_1_355' title='bbox 544 3863 736 3940; x_wconf 89' lang='lat' dir='ltr'><strong>provenire,</strong></span> <span class='ocrx_word' id='word_1_356' title='bbox 765 3862 821 3940; x_wconf 89' lang='lat' dir='ltr'><strong>qui</strong></span> <span class='ocrx_word' id='word_1_357' title='bbox 851 3862 959 3924; x_wconf 79' lang='lat' dir='ltr'><strong>faiditi</strong></span> <span class='ocrx_word' id='word_1_358' title='bbox 1014 3854 1147 3925; x_wconf 85' lang='lat' dir='ltr'><strong>offerre,</strong></span> <span class='ocrx_word' id='word_1_359' title='bbox 1169 3868 1209 3914; x_wconf 88' lang='lat' dir='ltr'><strong>ac</strong></span> <span class='ocrx_word' id='word_1_360' title='bbox 1234 3851 1379 3914; x_wconf 85' lang='lat' dir='ltr'><strong>ecclesia</strong></span> <span class='ocrx_word' id='word_1_361' title='bbox 1403 3851 1487 3928; x_wconf 85' lang='lat' dir='ltr'><strong>ipsa,</strong></span> <span class='ocrx_word' id='word_1_362' title='bbox 1506 3868 1578 3928; x_wconf 86' lang='lat' dir='ltr'><strong>quae</strong></span> <span class='ocrx_word' id='word_1_363' title='bbox 1592 3851 1812 3930; x_wconf 85' lang='lat' dir='ltr'><strong>subojusum·</strong></span> 
     </span>
     <span class='ocr_line' id='line_1_37' title="bbox 161 3949 1811 4038; baseline -0.006 -16"><span class='ocrx_word' id='word_1_364' title='bbox 161 3963 328 4032; x_wconf 84' lang='lat' dir='ltr'><strong>dicuntur,</strong></span> <span class='ocrx_word' id='word_1_365' title='bbox 342 3961 587 4024; x_wconf 88' lang='lat' dir='ltr'><strong>communicare</strong></span> <span class='ocrx_word' id='word_1_366' title='bbox 599 3975 817 4038; x_wconf 83' lang='lat' dir='ltr'><strong>praesumens,</strong></span> <span class='ocrx_word' id='word_1_367' title='bbox 828 3960 960 4037; x_wconf 92' lang='lat' dir='ltr'><strong>quibus·</strong></span> <span class='ocrx_word' id='word_1_368' title='bbox 1013 3952 1073 4014; x_wconf 89' lang='lat' dir='ltr'><strong>bra</strong></span> <span class='ocrx_word' id='word_1_369' title='bbox 1089 3951 1124 4012; x_wconf 89' lang='lat' dir='ltr'><strong>in</strong></span> <span class='ocrx_word' id='word_1_370' title='bbox 1133 3950 1402 4027; x_wconf 88' lang='lat' dir='ltr'><strong>spiritualibuset</strong></span> <span class='ocrx_word' id='word_1_371' title='bbox 1411 3949 1649 4025; x_wconf 79' lang='lat' dir='ltr'><strong>temporalibus</strong></span> <span class='ocrx_word' id='word_1_372' title='bbox 1663 3951 1811 4029; x_wconf 87' lang='lat' dir='ltr'><strong>tempore</strong></span> 
     </span>
     <span class='ocr_line' id='line_1_38' title="bbox 162 4046 1811 4136; baseline -0.005 -18"><span class='ocrx_word' id='word_1_373' title='bbox 162 4059 238 4119; x_wconf 90' lang='lat' dir='ltr'><strong>dam</strong></span> <span class='ocrx_word' id='word_1_374' title='bbox 249 4075 291 4120; x_wconf 82' lang='lat' dir='ltr'><strong>ex</strong></span> <span class='ocrx_word' id='word_1_375' title='bbox 301 4057 350 4120; x_wconf 91' lang='lat' dir='ltr'><strong>eis</strong></span> <span class='ocrx_word' id='word_1_376' title='bbox 364 4058 560 4136; x_wconf 84' lang='lat' dir='ltr'><strong>propinquis</strong></span> <span class='ocrx_word' id='word_1_377' title='bbox 576 4057 646 4119; x_wconf 88' lang='lat' dir='ltr'><strong>suis</strong></span> <span class='ocrx_word' id='word_1_378' title='bbox 661 4057 815 4135; x_wconf 71' lang='lat' dir='ltr'><strong>quadam</strong></span> <span class='ocrx_word' id='word_1_379' title='bbox 828 4057 879 4118; x_wconf 92' lang='lat' dir='ltr'><strong>sui</strong></span> <span class='ocrx_word' id='word_1_380' title='bbox 893 4073 960 4118; x_wconf 91' lang='lat' dir='ltr'><strong>mo·</strong></span> <span class='ocrx_word' id='word_1_381' title='bbox 1010 4053 1082 4128; x_wconf 89' lang='lat' dir='ltr'><strong>jam</strong></span> <span class='ocrx_word' id='word_1_382' title='bbox 1093 4049 1197 4110; x_wconf 89' lang='lat' dir='ltr'><strong>multo</strong></span> <span class='ocrx_word' id='word_1_383' title='bbox 1208 4046 1360 4122; x_wconf 82' lang='lat' dir='ltr'><strong>elanguit</strong></span> <span class='ocrx_word' id='word_1_384' title='bbox 1375 4048 1409 4107; x_wconf 88' lang='lat' dir='ltr'><strong>et</strong></span> <span class='ocrx_word' id='word_1_385' title='bbox 1420 4047 1586 4122; x_wconf 82' lang='lat' dir='ltr'><strong>elanguet,</strong></span> <span class='ocrx_word' id='word_1_386' title='bbox 1602 4048 1735 4109; x_wconf 86' lang='lat' dir='ltr'><strong>tandem</strong></span> <span class='ocrx_word' id='word_1_387' title='bbox 1751 4049 1811 4110; x_wconf 89' lang='lat' dir='ltr'><strong>sub</strong></span> 
     </span>
     <span class='ocr_line' id='line_1_39' title="bbox 160 4142 1813 4232; baseline -0.007 -14"><span class='ocrx_word' id='word_1_388' title='bbox 160 4156 302 4219; x_wconf 81' lang='lat' dir='ltr'><strong>nestorii</strong></span> <span class='ocrx_word' id='word_1_389' title='bbox 316 4157 427 4218; x_wconf 85' lang='lat' dir='ltr'><strong>castra</strong></span> <span class='ocrx_word' id='word_1_390' title='bbox 438 4155 585 4227; x_wconf 83' lang='lat' dir='ltr'><strong>tradidit,</strong></span> <span class='ocrx_word' id='word_1_391' title='bbox 602 4154 722 4232; x_wconf 91' lang='lat' dir='ltr'><strong>quibus</strong></span> <span class='ocrx_word' id='word_1_392' title='bbox 741 4154 842 4216; x_wconf 88' lang='lat' dir='ltr'><strong>etiam</strong></span> <span class='ocrx_word' id='word_1_393' title='bbox 857 4155 960 4216; x_wconf 89' lang='lat' dir='ltr'><strong>eccle·</strong></span> <span class='ocrx_word' id='word_1_394' title='bbox 1015 4147 1082 4208; x_wconf 74' lang='lat' dir='ltr'><strong>alio</strong></span> <span class='ocrx_word' id='word_1_395' title='bbox 1092 4145 1204 4224; x_wconf 77' lang='lat' dir='ltr'><strong>valent</strong></span> <span class='ocrx_word' id='word_1_396' title='bbox 1215 4144 1394 4220; x_wconf 77' lang='lat' dir='ltr'><strong>respirare.</strong></span> <span class='ocrx_word' id='word_1_397' title='bbox 1407 4142 1564 4218; x_wconf 81' lang='lat' dir='ltr'><strong>Alioquin</strong></span> <span class='ocrx_word' id='word_1_398' title='bbox 1575 4157 1732 4218; x_wconf 72' lang='lat' dir='ltr'><strong>cogemur</strong></span> <span class='ocrx_word' id='word_1_399' title='bbox 1742 4145 1813 4206; x_wconf 91' lang='lat' dir='ltr'><strong>des·</strong></span> 
     </span>
     <span class='ocr_line' id='line_1_40' title="bbox 161 4237 1811 4320; baseline -0.009 -6"><span class='ocrx_word' id='word_1_400' title='bbox 161 4254 248 4318; x_wconf 87' lang='lat' dir='ltr'><strong>siam</strong></span> <span class='ocrx_word' id='word_1_401' title='bbox 267 4253 310 4316; x_wconf 87' lang='lat' dir='ltr'><strong>de</strong></span> <span class='ocrx_word' id='word_1_402' title='bbox 326 4253 460 4316; x_wconf 85' lang='lat' dir='ltr'><strong>Molieto</strong></span> <span class='ocrx_word' id='word_1_403' title='bbox 496 4253 538 4316; x_wconf 89' lang='lat' dir='ltr'><strong>ad</strong></span> <span class='ocrx_word' id='word_1_404' title='bbox 569 4247 702 4314; x_wconf 84' lang='lat' dir='ltr'><strong>dictum</strong></span> <span class='ocrx_word' id='word_1_405' title='bbox 722 4253 960 4320; x_wconf 86' lang='lat' dir='ltr'><strong>monasterinm</strong></span> <span class='ocrx_word' id='word_1_406' title='bbox 1015 4243 1209 4306; x_wconf 87' lang='lat' dir='ltr'><strong>candereac</strong></span> <span class='ocrx_word' id='word_1_407' title='bbox 1223 4239 1348 4310; x_wconf 90' lang='lat' dir='ltr'><strong>videre,</strong></span> <span class='ocrx_word' id='word_1_408' title='bbox 1363 4239 1473 4300; x_wconf 91' lang='lat' dir='ltr'><strong>utrum</strong></span> <span class='ocrx_word' id='word_1_409' title='bbox 1492 4237 1681 4311; x_wconf 84' lang='lat' dir='ltr'><strong>clamorem,</strong></span> <span class='ocrx_word' id='word_1_410' title='bbox 1697 4239 1754 4316; x_wconf 91' lang='lat' dir='ltr'><strong>qui</strong></span> <span class='ocrx_word' id='word_1_411' title='bbox 1771 4240 1811 4304; x_wconf 89' lang='lat' dir='ltr'><strong>de</strong></span> 
     </span>
     <span class='ocr_line' id='line_1_41' title="bbox 163 4334 1813 4430; baseline -0.007 -16"><span class='ocrx_word' id='word_1_412' title='bbox 163 4352 386 4430; x_wconf 80' lang='lat' dir='ltr'><strong>pertinentem</strong></span> <span class='ocrx_word' id='word_1_413' title='bbox 412 4365 510 4428; x_wconf 87' lang='lat' dir='ltr'><strong>quam</strong></span> <span class='ocrx_word' id='word_1_414' title='bbox 533 4350 648 4412; x_wconf 88' lang='lat' dir='ltr'><strong>contra</strong></span> <span class='ocrx_word' id='word_1_415' title='bbox 669 4348 803 4412; x_wconf 85' lang='lat' dir='ltr'><strong>faidiios</strong></span> <span class='ocrx_word' id='word_1_416' title='bbox 826 4351 960 4410; x_wconf 88' lang='lat' dir='ltr'><strong>eosdem</strong></span> <span class='ocrx_word' id='word_1_417' title='bbox 1014 4357 1055 4402; x_wconf 86' lang='lat' dir='ltr'><strong>eo</strong></span> <span class='ocrx_word' id='word_1_418' title='bbox 1074 4340 1114 4401; x_wconf 90' lang='lat' dir='ltr'><strong>ad</strong></span> <span class='ocrx_word' id='word_1_419' title='bbox 1139 4353 1238 4400; x_wconf 89' lang='lat' dir='ltr'><strong>aures</strong></span> <span class='ocrx_word' id='word_1_420' title='bbox 1259 4338 1395 4398; x_wconf 83' lang='lat' dir='ltr'><strong>nostras</strong></span> <span class='ocrx_word' id='word_1_421' title='bbox 1418 4334 1578 4408; x_wconf 87' lang='lat' dir='ltr'><strong>aseendit,</strong></span> <span class='ocrx_word' id='word_1_422' title='bbox 1597 4336 1813 4414; x_wconf 86' lang='lat' dir='ltr'><strong>compleverit</strong></span> 
     </span>
     <span class='ocr_line' id='line_1_42' title="bbox 163 4432 1812 4520; baseline -0.007 -10"><span class='ocrx_word' id='word_1_423' title='bbox 163 4449 278 4512; x_wconf 87' lang='lat' dir='ltr'><strong>iideles</strong></span> <span class='ocrx_word' id='word_1_424' title='bbox 300 4448 342 4515; x_wconf 83' lang='lat' dir='ltr'><strong>ad</strong></span> <span class='ocrx_word' id='word_1_425' title='bbox 371 4463 468 4512; x_wconf 85' lang='lat' dir='ltr'><strong>snam</strong></span> <span class='ocrx_word' id='word_1_426' title='bbox 487 4446 715 4510; x_wconf 85' lang='lat' dir='ltr'><strong>detonsionem</strong></span> <span class='ocrx_word' id='word_1_427' title='bbox 734 4444 958 4520; x_wconf 88' lang='lat' dir='ltr'><strong>muniverunt,</strong></span> <span class='ocrx_word' id='word_1_428' title='bbox 1016 4453 1131 4515; x_wconf 90' lang='lat' dir='ltr'><strong>opere;</strong></span> <span class='ocrx_word' id='word_1_429' title='bbox 1148 4435 1225 4498; x_wconf 91' lang='lat' dir='ltr'><strong>etsi</strong></span> <span class='ocrx_word' id='word_1_430' title='bbox 1241 4432 1812 4512; x_wconf 81' lang='lat' dir='ltr'><strong>eaquaeiama,immoinilamia,de</strong></span> 
     </span>
     <span class='ocr_line' id='line_1_43' title="bbox 163 4533 1813 4624; baseline -0.008 -16"><span class='ocrx_word' id='word_1_431' title='bbox 163 4547 359 4623; x_wconf 82' lang='lat' dir='ltr'><strong>assignavit,</strong></span> <span class='ocrx_word' id='word_1_432' title='bbox 373 4547 409 4608; x_wconf 92' lang='lat' dir='ltr'><strong>in</strong></span> <span class='ocrx_word' id='word_1_433' title='bbox 422 4561 488 4624; x_wconf 85' lang='lat' dir='ltr'><strong>qua</strong></span> <span class='ocrx_word' id='word_1_434' title='bbox 507 4544 608 4607; x_wconf 90' lang='lat' dir='ltr'><strong>iidem</strong></span> <span class='ocrx_word' id='word_1_435' title='bbox 627 4542 737 4606; x_wconf 83' lang='lat' dir='ltr'><strong>faiditi</strong></span> <span class='ocrx_word' id='word_1_436' title='bbox 751 4543 868 4607; x_wconf 89' lang='lat' dir='ltr'><strong>iideles</strong></span> <span class='ocrx_word' id='word_1_437' title='bbox 881 4559 961 4621; x_wconf 89' lang='lat' dir='ltr'><strong>cap-</strong></span> <span class='ocrx_word' id='word_1_438' title='bbox 1015 4553 1055 4600; x_wconf 91' lang='lat' dir='ltr'><strong>eo</strong></span> <span class='ocrx_word' id='word_1_439' title='bbox 1069 4535 1172 4598; x_wconf 84' lang='lat' dir='ltr'><strong>refert</strong></span> <span class='ocrx_word' id='word_1_440' title='bbox 1186 4533 1414 4596; x_wconf 87' lang='lat' dir='ltr'><strong>invenerimus</strong></span> <span class='ocrx_word' id='word_1_441' title='bbox 1427 4547 1506 4594; x_wconf 89' lang='lat' dir='ltr'><strong>vera</strong></span> <span class='ocrx_word' id='word_1_442' title='bbox 1519 4545 1605 4604; x_wconf 75' lang='lat' dir='ltr'><strong>esse,</strong></span> <span class='ocrx_word' id='word_1_443' title='bbox 1621 4534 1737 4609; x_wconf 80' lang='lat' dir='ltr'><strong>procui</strong></span> <span class='ocrx_word' id='word_1_444' title='bbox 1749 4535 1813 4596; x_wconf 89' lang='lat' dir='ltr'><strong>du·</strong></span> 
     </span>
     <span class='ocr_line' id='line_1_44' title="bbox 164 4628 1813 4720; baseline -0.005 -14"><span class='ocrx_word' id='word_1_445' title='bbox 164 4645 251 4707; x_wconf 92' lang='lat' dir='ltr'><strong>tivos</strong></span> <span class='ocrx_word' id='word_1_446' title='bbox 285 4645 327 4705; x_wconf 88' lang='lat' dir='ltr'><strong>ad</strong></span> <span class='ocrx_word' id='word_1_447' title='bbox 362 4643 622 4720; x_wconf 88' lang='lat' dir='ltr'><strong>redemptionem</strong></span> <span class='ocrx_word' id='word_1_448' title='bbox 656 4643 822 4718; x_wconf 82' lang='lat' dir='ltr'><strong>cogentes,</strong></span> <span class='ocrx_word' id='word_1_449' title='bbox 856 4642 960 4712; x_wconf 86' lang='lat' dir='ltr'><strong>variis</strong></span> <span class='ocrx_word' id='word_1_450' title='bbox 1015 4635 1070 4698; x_wconf 92' lang='lat' dir='ltr'><strong>bio</strong></span> <span class='ocrx_word' id='word_1_451' title='bbox 1093 4629 1187 4704; x_wconf 79' lang='lat' dir='ltr'><strong>sciat,</strong></span> <span class='ocrx_word' id='word_1_452' title='bbox 1211 4630 1297 4708; x_wconf 77' lang='lat' dir='ltr'><strong>qnod</strong></span> <span class='ocrx_word' id='word_1_453' title='bbox 1323 4628 1576 4700; x_wconf 66' lang='lat' dir='ltr'><strong>infructuosam,</strong></span> <span class='ocrx_word' id='word_1_454' title='bbox 1596 4628 1696 4690; x_wconf 76' lang='lat' dir='ltr'><strong>inmo</strong></span> <span class='ocrx_word' id='word_1_455' title='bbox 1717 4633 1813 4694; x_wconf 70' lang='lat' dir='ltr'><strong>noci-</strong></span> 
     </span>
     <span class='ocr_line' id='line_1_45' title="bbox 164 4726 1810 4818; baseline -0.008 -15"><span class='ocrx_word' id='word_1_456' title='bbox 164 4758 277 4804; x_wconf 87' lang='lat' dir='ltr'><strong>coram</strong></span> <span class='ocrx_word' id='word_1_457' title='bbox 292 4741 398 4804; x_wconf 87' lang='lat' dir='ltr'><strong>aliare</strong></span> <span class='ocrx_word' id='word_1_458' title='bbox 412 4741 567 4818; x_wconf 85' lang='lat' dir='ltr'><strong>torquent</strong></span> <span class='ocrx_word' id='word_1_459' title='bbox 591 4739 795 4806; x_wconf 87' lang='lat' dir='ltr'><strong>cruciatibus</strong></span> <span class='ocrx_word' id='word_1_460' title='bbox 820 4740 853 4801; x_wconf 91' lang='lat' dir='ltr'><strong>et</strong></span> <span class='ocrx_word' id='word_1_461' title='bbox 872 4739 962 4800; x_wconf 85' lang='lat' dir='ltr'><strong>aiiii-</strong></span> <span class='ocrx_word' id='word_1_462' title='bbox 1015 4748 1103 4803; x_wconf 86' lang='lat' dir='ltr'><strong>vam,</strong></span> <span class='ocrx_word' id='word_1_463' title='bbox 1124 4728 1280 4792; x_wconf 88' lang='lat' dir='ltr'><strong>arborem</strong></span> <span class='ocrx_word' id='word_1_464' title='bbox 1293 4726 1333 4788; x_wconf 91' lang='lat' dir='ltr'><strong>de</strong></span> <span class='ocrx_word' id='word_1_465' title='bbox 1348 4726 1525 4789; x_wconf 86' lang='lat' dir='ltr'><strong>Dominica</strong></span> <span class='ocrx_word' id='word_1_466' title='bbox 1539 4726 1639 4793; x_wconf 87' lang='lat' dir='ltr'><strong>vinea</strong></span> <span class='ocrx_word' id='word_1_467' title='bbox 1655 4728 1810 4791; x_wconf 85' lang='lat' dir='ltr'><strong>succide-</strong></span> 
     </span>
     <span class='ocr_line' id='line_1_46' title="bbox 163 4823 1812 4916; baseline -0.009 -16"><span class='ocrx_word' id='word_1_468' title='bbox 163 4841 257 4916; x_wconf 79' lang='lat' dir='ltr'><strong>guni.</strong></span> <span class='ocrx_word' id='word_1_469' title='bbox 276 4839 407 4902; x_wconf 80' lang='lat' dir='ltr'><strong>nilicet</strong></span> <span class='ocrx_word' id='word_1_470' title='bbox 428 4839 517 4908; x_wconf 86' lang='lat' dir='ltr'><strong>idem</strong></span> <span class='ocrx_word' id='word_1_471' title='bbox 534 4837 635 4902; x_wconf 85' lang='lat' dir='ltr'><strong>abbas</strong></span> <span class='ocrx_word' id='word_1_472' title='bbox 662 4851 762 4914; x_wconf 85' lang='lat' dir='ltr'><strong>super</strong></span> <span class='ocrx_word' id='word_1_473' title='bbox 774 4836 870 4904; x_wconf 84' lang='lat' dir='ltr'><strong>biset</strong></span> <span class='ocrx_word' id='word_1_474' title='bbox 884 4837 961 4898; x_wconf 87' lang='lat' dir='ltr'><strong>aliis</strong></span> <span class='ocrx_word' id='word_1_475' title='bbox 1016 4845 1100 4892; x_wconf 88' lang='lat' dir='ltr'><strong>mus.</strong></span> <span class='ocrx_word' id='word_1_476' title='bbox 1122 4830 1196 4905; x_wconf 90' lang='lat' dir='ltr'><strong>ipse</strong></span> <span class='ocrx_word' id='word_1_477' title='bbox 1217 4840 1297 4901; x_wconf 79' lang='lat' dir='ltr'><strong>ergo</strong></span> <span class='ocrx_word' id='word_1_478' title='bbox 1319 4823 1504 4895; x_wconf 86' lang='lat' dir='ltr'><strong>attendens,</strong></span> <span class='ocrx_word' id='word_1_479' title='bbox 1529 4823 1615 4901; x_wconf 93' lang='lat' dir='ltr'><strong>quod</strong></span> <span class='ocrx_word' id='word_1_480' title='bbox 1641 4824 1812 4901; x_wconf 84' lang='lat' dir='ltr'><strong>pulchrius</strong></span> 
     </span>
     <span class='ocr_line' id='line_1_47' title="bbox 164 4920 1812 5002; baseline -0.008 -3"><span class='ocrx_word' id='word_1_481' title='bbox 164 4938 207 4999; x_wconf 91' lang='lat' dir='ltr'><strong>ab</strong></span> <span class='ocrx_word' id='word_1_482' title='bbox 222 4938 271 5000; x_wconf 89' lang='lat' dir='ltr'><strong>eis</strong></span> <span class='ocrx_word' id='word_1_483' title='bbox 284 4938 457 5002; x_wconf 87' lang='lat' dir='ltr'><strong>caritativo</strong></span> <span class='ocrx_word' id='word_1_484' title='bbox 467 4935 687 4999; x_wconf 90' lang='lat' dir='ltr'><strong>commonitus</strong></span> <span class='ocrx_word' id='word_1_485' title='bbox 694 4935 961 4998; x_wconf 89' lang='lat' dir='ltr'><strong>emendationem</strong></span> <span class='ocrx_word' id='word_1_486' title='bbox 1016 4929 1067 4990; x_wconf 86' lang='lat' dir='ltr'><strong>est</strong></span> <span class='ocrx_word' id='word_1_487' title='bbox 1091 4927 1185 4988; x_wconf 81' lang='lat' dir='ltr'><strong>exire</strong></span> <span class='ocrx_word' id='word_1_488' title='bbox 1205 4939 1304 5000; x_wconf 85' lang='lat' dir='ltr'><strong>quarn</strong></span> <span class='ocrx_word' id='word_1_489' title='bbox 1326 4920 1403 4998; x_wconf 86' lang='lat' dir='ltr'><strong>ejici</strong></span> <span class='ocrx_word' id='word_1_490' title='bbox 1418 4920 1600 4997; x_wconf 85' lang='lat' dir='ltr'><strong>provideat,</strong></span> <span class='ocrx_word' id='word_1_491' title='bbox 1618 4923 1704 4998; x_wconf 90' lang='lat' dir='ltr'><strong>quod</strong></span> <span class='ocrx_word' id='word_1_492' title='bbox 1723 4939 1812 4998; x_wconf 89' lang='lat' dir='ltr'><strong>eum,</strong></span> 
     </span>
    </p>

    <p class='ocr_par' dir='ltr' id='par_1_13' title="bbox 162 5017 1813 5504">
     <span class='ocr_line' id='line_1_48' title="bbox 165 5017 1714 5114; baseline -0.009 -20"><span class='ocrx_word' id='word_1_493' title='bbox 165 5035 357 5114; x_wconf 86' lang='lat' dir='ltr'><strong>promiserit</strong></span> <span class='ocrx_word' id='word_1_494' title='bbox 370 5035 517 5112; x_wconf 82' lang='lat' dir='ltr'><strong>praestito</strong></span> <span class='ocrx_word' id='word_1_495' title='bbox 528 5035 730 5111; x_wconf 84' lang='lat' dir='ltr'><strong>juramento,</strong></span> <span class='ocrx_word' id='word_1_496' title='bbox 748 5031 894 5094; x_wconf 89' lang='lat' dir='ltr'><strong>nondum</strong></span> <span class='ocrx_word' id='word_1_497' title='bbox 909 5032 963 5094; x_wconf 84' lang='lat' dir='ltr'><strong>ia-</strong></span> <span class='ocrx_word' id='word_1_498' title='bbox 1016 5026 1105 5087; x_wconf 91' lang='lat' dir='ltr'><strong>unde</strong></span> <span class='ocrx_word' id='word_1_499' title='bbox 1117 5023 1225 5101; x_wconf 89' lang='lat' dir='ltr'><strong>potest</strong></span> <span class='ocrx_word' id='word_1_500' title='bbox 1239 5021 1344 5091; x_wconf 82' lang='lat' dir='ltr'><strong>exire,</strong></span> <span class='ocrx_word' id='word_1_501' title='bbox 1361 5017 1439 5095; x_wconf 85' lang='lat' dir='ltr'><strong>ejici</strong></span> <span class='ocrx_word' id='word_1_502' title='bbox 1453 5033 1520 5081; x_wconf 86' lang='lat' dir='ltr'><strong>noa</strong></span> <span class='ocrx_word' id='word_1_503' title='bbox 1534 5019 1714 5095; x_wconf 74' lang='lat' dir='ltr'><strong>conlingat.</strong></span> 
     </span>
     <span class='ocr_line' id='line_1_49' title="bbox 162 5115 1812 5210; baseline -0.007 -16"><span class='ocrx_word' id='word_1_504' title='bbox 162 5149 253 5205; x_wconf 86' lang='lat' dir='ltr'><strong>rnen,</strong></span> <span class='ocrx_word' id='word_1_505' title='bbox 270 5131 356 5210; x_wconf 91' lang='lat' dir='ltr'><strong>quod</strong></span> <span class='ocrx_word' id='word_1_506' title='bbox 371 5146 470 5208; x_wconf 85' lang='lat' dir='ltr'><strong>super</strong></span> <span class='ocrx_word' id='word_1_507' title='bbox 488 5130 541 5192; x_wconf 92' lang='lat' dir='ltr'><strong>bis</strong></span> <span class='ocrx_word' id='word_1_508' title='bbox 559 5130 742 5208; x_wconf 88' lang='lat' dir='ltr'><strong>juraverat,</strong></span> <span class='ocrx_word' id='word_1_509' title='bbox 759 5128 961 5205; x_wconf 87' lang='lat' dir='ltr'><strong>adimplerii.</strong></span> <span class='ocrx_word' id='word_1_510' title='bbox 1041 5120 1219 5196; x_wconf 87' lang='lat' dir='ltr'><strong>&#39;Quocirca</strong></span> <span class='ocrx_word' id='word_1_511' title='bbox 1241 5115 1435 5180; x_wconf 89' lang='lat' dir='ltr'><strong>discreiioni</strong></span> <span class='ocrx_word' id='word_1_512' title='bbox 1459 5115 1526 5178; x_wconf 83' lang='lat' dir='ltr'><strong>tuae</strong></span> <span class='ocrx_word' id='word_1_513' title='bbox 1549 5129 1610 5193; x_wconf 91' lang='lat' dir='ltr'><strong>per</strong></span> <span class='ocrx_word' id='word_1_514' title='bbox 1623 5117 1812 5196; x_wconf 85' lang='lat' dir='ltr'><strong>Apostolica</strong></span> 
     </span>
     <span class='ocr_line' id='line_1_50' title="bbox 166 5212 1813 5298; baseline -0.009 -6"><span class='ocrx_word' id='word_1_515' title='bbox 166 5231 324 5292; x_wconf 85' lang='lat' dir='ltr'><strong>Nolentes</strong></span> <span class='ocrx_word' id='word_1_516' title='bbox 355 5231 467 5292; x_wconf 86' lang='lat' dir='ltr'><strong>autem</strong></span> <span class='ocrx_word' id='word_1_517' title='bbox 491 5228 574 5290; x_wconf 89' lang='lat' dir='ltr'><strong>talia</strong></span> <span class='ocrx_word' id='word_1_518' title='bbox 606 5227 668 5290; x_wconf 88' lang='lat' dir='ltr'><strong>sub</strong></span> <span class='ocrx_word' id='word_1_519' title='bbox 697 5226 961 5290; x_wconf 85' lang='lat' dir='ltr'><strong>dissimulatione</strong></span> <span class='ocrx_word' id='word_1_520' title='bbox 1016 5221 1139 5298; x_wconf 81' lang='lat' dir='ltr'><strong>scripta</strong></span> <span class='ocrx_word' id='word_1_521' title='bbox 1154 5216 1362 5285; x_wconf 88' lang='lat' dir='ltr'><strong>mandamus,</strong></span> <span class='ocrx_word' id='word_1_522' title='bbox 1378 5212 1813 5291; x_wconf 84' lang='lat' dir='ltr'><strong>quatenusdictumepisco·</strong></span> 
     </span>
     <span class='ocr_line' id='line_1_51' title="bbox 166 5310 1811 5403; baseline -0.011 -11"><span class='ocrx_word' id='word_1_523' title='bbox 166 5329 323 5399; x_wconf 87' lang='lat' dir='ltr'><strong>transire,</strong></span> <span class='ocrx_word' id='word_1_524' title='bbox 340 5343 382 5390; x_wconf 88' lang='lat' dir='ltr'><strong>ne</strong></span> <span class='ocrx_word' id='word_1_525' title='bbox 406 5327 473 5388; x_wconf 91' lang='lat' dir='ltr'><strong>sint</strong></span> <span class='ocrx_word' id='word_1_526' title='bbox 487 5325 780 5403; x_wconf 86' lang='lat' dir='ltr'><strong>praesumptoribus</strong></span> <span class='ocrx_word' id='word_1_527' title='bbox 798 5325 833 5386; x_wconf 91' lang='lat' dir='ltr'><strong>in</strong></span> <span class='ocrx_word' id='word_1_528' title='bbox 848 5340 963 5386; x_wconf 80' lang='lat' dir='ltr'><strong>exem·</strong></span> <span class='ocrx_word' id='word_1_529' title='bbox 1018 5336 1094 5397; x_wconf 92' lang='lat' dir='ltr'><strong>pum</strong></span> <span class='ocrx_word' id='word_1_530' title='bbox 1109 5317 1152 5380; x_wconf 87' lang='lat' dir='ltr'><strong>ad</strong></span> <span class='ocrx_word' id='word_1_531' title='bbox 1172 5313 1421 5392; x_wconf 76' lang='lat' dir='ltr'><strong>exsequendum</strong></span> <span class='ocrx_word' id='word_1_532' title='bbox 1450 5310 1644 5374; x_wconf 87' lang='lat' dir='ltr'><strong>mandatum</strong></span> <span class='ocrx_word' id='word_1_533' title='bbox 1663 5315 1811 5374; x_wconf 87' lang='lat' dir='ltr'><strong>nostrum</strong></span> 
     </span>
     <span class='ocr_line' id='line_1_52' title="bbox 167 5409 1813 5504; baseline -0.01 -18"><span class='ocrx_word' id='word_1_534' title='bbox 167 5427 278 5504; x_wconf 89' lang='lat' dir='ltr'><strong>pium,</strong></span> <span class='ocrx_word' id='word_1_535' title='bbox 303 5424 496 5488; x_wconf 87' lang='lat' dir='ltr'><strong>discretioni</strong></span> <span class='ocrx_word' id='word_1_536' title='bbox 529 5422 649 5484; x_wconf 86' lang='lat' dir='ltr'><strong>vestrae</strong></span> <span class='ocrx_word' id='word_1_537' title='bbox 686 5437 745 5499; x_wconf 88' lang='lat' dir='ltr'><strong>per</strong></span> <span class='ocrx_word' id='word_1_538' title='bbox 772 5421 961 5500; x_wconf 83' lang='lat' dir='ltr'><strong>Apostolica</strong></span> <span class='ocrx_word' id='word_1_539' title='bbox 1018 5415 1209 5493; x_wconf 81' lang='lat' dir='ltr'><strong>diligentius</strong></span> <span class='ocrx_word' id='word_1_540' title='bbox 1224 5427 1362 5477; x_wconf 90' lang='lat' dir='ltr'><strong>moneas</strong></span> <span class='ocrx_word' id='word_1_541' title='bbox 1377 5410 1411 5473; x_wconf 88' lang='lat' dir='ltr'><strong>et</strong></span> <span class='ocrx_word' id='word_1_542' title='bbox 1423 5409 1615 5482; x_wconf 65' lang='lat' dir='ltr'><strong>indurasset</strong></span> <span class='ocrx_word' id='word_1_543' title='bbox 1629 5409 1813 5472; x_wconf 67' lang='lat' dir='ltr'><strong>cellerevo·</strong></span> 
     </span>
    </p>
   </div>
   <div class='ocr_carea' id='block_1_8' title="bbox 166 5506 1814 5729">
    <p class='ocr_par' dir='ltr' id='par_1_14' title="bbox 166 5506 1814 5729">
     <span class='ocr_line' id='line_1_53' title="bbox 166 5506 1814 5601; baseline -0.01 -15"><span class='ocrx_word' id='word_1_544' title='bbox 166 5524 292 5601; x_wconf 86' lang='lat' dir='ltr'><strong>scripta</strong></span> <span class='ocrx_word' id='word_1_545' title='bbox 314 5522 525 5595; x_wconf 88' lang='lat' dir='ltr'><strong>mandamus,</strong></span> <span class='ocrx_word' id='word_1_546' title='bbox 552 5520 725 5598; x_wconf 87' lang='lat' dir='ltr'><strong>quatenns,</strong></span> <span class='ocrx_word' id='word_1_547' title='bbox 752 5520 881 5582; x_wconf 87' lang='lat' dir='ltr'><strong>vocatis</strong></span> <span class='ocrx_word' id='word_1_548' title='bbox 906 5519 962 5596; x_wconf 90' lang='lat' dir='ltr'><strong>qui</strong></span> <span class='ocrx_word' id='word_1_549' title='bbox 1017 5515 1135 5587; x_wconf 87' lang='lat' dir='ltr'><strong>luerit,</strong></span> <span class='ocrx_word' id='word_1_550' title='bbox 1172 5514 1244 5589; x_wconf 85' lang='lat' dir='ltr'><strong>ejus</strong></span> <span class='ocrx_word' id='word_1_551' title='bbox 1277 5507 1528 5578; x_wconf 86' lang='lat' dir='ltr'><strong>concessionem</strong></span> <span class='ocrx_word' id='word_1_552' title='bbox 1562 5506 1705 5582; x_wconf 85' lang='lat' dir='ltr'><strong>recipias</strong></span> <span class='ocrx_word' id='word_1_553' title='bbox 1736 5506 1814 5570; x_wconf 86' lang='lat' dir='ltr'><strong>vice</strong></span> 
     </span>
     <span class='ocr_line' id='line_1_54' title="bbox 204 5637 1802 5729; baseline -0.004 -17"><span class='ocrx_word' id='word_1_554' title='bbox 204 5653 244 5729; x_wconf 84' lang='lat' dir='ltr'><strong>(i)</strong></span> <span class='ocrx_word' id='word_1_555' title='bbox 259 5653 400 5712; x_wconf 86' lang='lat' dir='ltr'><strong>Guilieimi</strong></span> <span class='ocrx_word' id='word_1_556' title='bbox 415 5654 501 5712; x_wconf 83' lang='lat' dir='ltr'><strong>Petri.</strong></span> <span class='ocrx_word' id='word_1_557' title='bbox 1800 5637 1802 5642; x_wconf 74' lang='grc'>’</span> 
     </span>
    </p>
   </div>
   <div class='ocr_carea' id='block_1_9' title="bbox 0 0 2144 6404">
    <p class='ocr_par' dir='ltr' id='par_1_15' title="bbox 0 0 2144 6404">
     <span class='ocr_line' id='line_1_55' title="bbox 0 0 2144 6404; baseline 0 0"><span class='ocrx_word' id='word_1_558' title='bbox 0 0 2144 6404; x_wconf 95' lang='lat' dir='ltr'><strong> </strong></span> 
     </span>
    </p>
   </div>
  </div>
 </body>
</html>
