4248 6410
143 326 203 384 725

143 481 290 542 serenda.
307 482 448 559 Ideoque
461 482 805 545 fraternitatem-tuam
817 499 936 544 mone·

26 631 36 656 ,,
144 593 217 638 mus
228 579 351 642 attente
364 594 423 654 per
437 580 627 655 apostolica
640 579 938 656 scriptamaudan-

143 677 211 746 tes,
223 676 385 752 quatenus
400 677 463 738 boc
479 693 537 753 per
551 679 654 738 totam
666 677 819 752 Angliam
834 676 937 737 iacias

30 764 39 774 “
145 771 319 847 publicari.
348 775 466 834 Datum
497 774 671 844 Laterani,
704 775 748 834 lv
776 774 937 835 kalendas

25 861 34 954 J
144 869 266 942 martii,
284 871 495 946 pontificatus
511 872 616 932 nostri
632 886 720 931 anno
736 871 862 948 quinto.

432 1099 652 1188 dccxxiv

168 1245 219 1311 Ad
232 1244 525 1316 archiepiscopum
539 1245 772 1306 coloniensem
787 1242 821 1303 et
836 1243 910 1313 ejus

410 1339 663 1414 suffraganeos.

434 1469 447 1523 l
464 1473 547 1524 mart.
565 1467 644 1524 liii.

176 1580 306 1646 [Paullini,
316 1583 410 1632 Rerum
418 1579 626 1632 Germanicarum
639 1581 788 1646 syntagma,
799 1597 824 1646 p.
838 1581 906 1644 tls]

145 1695 269 1764 Mandat,
281 1703 311 1754 ut
322 1704 457 1754 moneant
467 1695 652 1754 ecclesiarum
665 1696 818 1754 advocatos
831 1704 861 1754 ut
873 1711 938 1753 con-

183 1785 252 1842 tenti
269 1785 355 1856 justis
374 1792 402 1841 ct
424 1783 459 1840 ab
475 1785 591 1858 antiquo
606 1786 718 1842 statutis
736 1783 885 1858 stipendiis
903 1783 938 1842 ab

180 1873 365 1930 ecclesiarum
381 1872 519 1930 molestiis
533 1873 747 1946 conquiescant.

184 1998 352 2060 Honorius
361 1998 547 2074 episcopus,
557 2014 674 2059 servus
685 2014 857 2060 servorum
866 1997 936 2068 Dei,

144 2095 390 2155 venerabilibus
406 2094 564 2156 fratribus
580 2095 831 2170 archiepiscopo
847 2093 939 2154 dolo·

145 2191 253 2253 niensi
267 2193 299 2253 ct
313 2195 385 2268 ejus
400 2191 633 2266 suffraganeis,
648 2192 786 2252 salutem
800 2192 833 2252 et
845 2207 939 2267 apos·

145 2288 278 2350 tolicam
293 2289 567 2350 benedictionem.

187 2386 221 2446 Si
244 2385 461 2446 ecclesiarum
476 2385 627 2447 advocati
644 2385 865 2460 significatum
886 2385 938 2444 sui

147 2482 291 2542 nominis
303 2482 522 2548 attenderent,
538 2483 573 2542 ut
585 2481 753 2552 deberent,
768 2481 938 2542 studerent

145 2595 213 2648 eas,
231 2578 271 2638 ob
287 2579 507 2640 reverentiam
528 2579 688 2638 Advocati
711 2578 866 2648 coelestis,
884 2578 937 2638 cui

145 2675 282 2751 speciali
293 2676 390 2737 titulo
410 2677 488 2736 sunt
502 2675 689 2751 adscriptae,
707 2675 818 2736 lovere
833 2673 938 2736 bene-

145 2773 230 2832 ficiis
241 2773 274 2834 et
289 2771 416 2834 viribus
431 2770 605 2833 defensare
619 2794 627 2846 ;
644 2771 700 2832 sed
717 2772 802 2848 quod
816 2771 936 2832 dolan-

145 2871 194 2929 tes
210 2869 385 2930 referimus
407 2869 558 2930 nonnulli
573 2884 687 2929 eorum
709 2869 866 2930 babentes
880 2886 938 2930 ve-

59 3033 71 3046 .
146 2967 255 3027 lamen
280 2967 415 3027 malitiae
438 2966 635 3037 libertatem,
652 2968 687 3026 in
708 2964 805 3026 bonis
827 2967 937 3026 eccle-

147 3063 301 3134 siasticis
325 3064 361 3124 in
385 3063 503 3139 quibus
522 3063 748 3123 advocationis
768 3065 823 3140 jus
852 3062 939 3124 obti-

147 3163 239 3232 nent,
249 3177 314 3222 non
328 3159 434 3222 solum
450 3159 667 3236 prodigaliter
680 3159 935 3232 debacchantur,

145 3274 260 3322 verum
290 3259 390 3320 etiam
424 3274 463 3320 ea
499 3257 660 3334 diripiunt
688 3260 724 3318 ut
751 3257 936 3334 praedones.

148 3355 236 3426 Quod
248 3355 398 3416 ecclesiae
407 3355 614 3416 coloniensis
626 3354 804 3430 provinoiae
813 3354 939 3430 jugiter

146 3447 291 3525 experiri
309 3449 483 3526 coguntur,
498 3448 583 3510 sicut
594 3463 709 3508 aarum
727 3447 821 3508 nobis
834 3451 939 3510 trans·

148 3545 248 3606 missa
262 3546 454 3621 conquestio
466 3543 631 3620 patefacit.
641 3546 723 3616 Quia
735 3545 937 3620 igiturzelus

148 3658 207 3702 nos
222 3642 364 3704 comedit
386 3641 501 3702 domus
521 3643 591 3714 Dei,
604 3641 804 3704 fraternitati
820 3643 937 3703 vestrae

148 3755 206 3814 per
219 3739 408 3815 apostolica
422 3739 544 3815 scripta
556 3739 761 3810 mandamus,
777 3741 938 3816 quatenus

148 3837 270 3912 singuli
302 3838 539 3913 prosequentes
567 3837 737 3913 proprium
763 3837 936 3908 interesse,

147 3935 180 3994 et
201 3933 295 4010 quasi
310 3933 395 3996 collo
411 3949 476 3994 uno
491 3935 523 3996 et
538 3933 676 3994 humero
697 3950 763 3995 uno
778 3935 940 3995 ecclesia-

146 4045 217 4088 rum
240 4044 342 4090 onera
368 4031 622 4105 comportantes,
646 4029 825 4090 advocatos
847 4030 938 4106 ipsos

145 4127 182 4186 ut
196 4123 340 4185 contenti
352 4126 451 4201 justis
466 4126 499 4185 et
517 4123 558 4185 ab
581 4125 717 4201 antiquo
733 4127 865 4187 statutis
878 4126 939 4186 sti-

146 4221 285 4298 pendiis,
298 4219 339 4282 ab
351 4221 568 4282 ecclesiarum
585 4221 745 4282 molestiis
761 4222 940 4297 conquies-

146 4319 232 4390 cant,
259 4318 421 4380 moneatis
439 4317 630 4394 prudenter,
648 4320 679 4378 et
694 4317 873 4380 efficaciter
886 4319 940 4380 in-

146 4415 285 4477 ducatis.
303 4415 392 4486 Quod
410 4415 439 4476 si
457 4415 569 4476 forsan
586 4415 706 4476 vestris
722 4416 856 4476 monitis
873 4432 938 4476 non

146 4513 385 4590 acquieverint,
404 4529 446 4573 ne
464 4511 671 4572 medicinalis
693 4513 782 4574 Petri
808 4513 938 4588 gladius

147 4611 179 4670 in
202 4627 302 4672 manu
322 4612 432 4674 vestra
451 4611 583 4686 torpere
603 4609 756 4684 rubigine
775 4610 936 4681 videatur,

147 4709 181 4766 in
192 4724 259 4779 eoa,
269 4709 367 4785 juxta
381 4706 598 4784 quantitatem
614 4708 646 4766 et
661 4707 853 4782 qualitatem
867 4708 940 4768 cul-

146 4819 273 4880 parum,
303 4803 483 4884 intendatis
511 4803 543 4864 et
570 4803 757 4874 remittatis,
789 4803 940 4880 appella-

146 4900 236 4960 tione
250 4899 443 4976 postposita,
457 4900 602 4974 rigorem
623 4900 860 4962 ecclesiasticae
876 4901 940 4960 dis·

147 4996 280 5072 ciplinae
297 5013 304 5051 :
322 4996 368 5058 ita
390 4995 476 5072 quod
499 4996 650 5057 ecclesiae
679 4995 720 5058 ab
746 4996 937 5073 hujusmodi

146 5093 359 5170 oppressione
373 5092 549 5168 respirent,
563 5095 595 5154 et
605 5110 663 5153 vos
679 5093 799 5154 exinde
816 5109 939 5155 merea-

146 5190 227 5250 mini
242 5189 328 5268 apud
351 5191 453 5250 Deum
475 5191 507 5250 et
527 5189 678 5250 homines
699 5191 951 5251 commendari.

146 5289 263 5348 Datum
288 5285 454 5356 Laterani,
478 5284 639 5346 kalendas
661 5287 783 5356 martii,
804 5287 939 5362 pontili-

145 5384 239 5445 catus
252 5383 355 5444 nostri
369 5397 458 5443 anno
473 5381 598 5458 quinto.

770 327 996 386 EPISTOLAE.
1020 327 1098 391 LIB.
1122 329 1160 388 V.

1292 496 1490 582 cdlxxv

1136 639 1187 698 Ad
1201 640 1415 711 Ropnctdcm
1429 641 1470 700 de
1484 639 1641 698 Porotta.

1280 759 1297 816 2
1316 767 1400 817 mart.
1417 759 1495 816 liii.

1086 871 1267 932 [Wnrdtvsim
1282 873 1352 922 Nova
1366 872 1487 930 subsidia,
1500 878 1520 922 t.
1533 872 1576 930 lV,
1586 885 1612 936 p.
1624 871 1691 935 lin]

1042 977 1286 1050 Dispensatorium
1301 979 1330 1034 in
1346 979 1506 1050 pluralitate
1521 977 1736 1036 beneficiorum.

1032 1094 1198 1154 Honorius
1210 1095 1395 1171 episcopus,
1407 1110 1522 1156 servus
1533 1109 1701 1155 servorum
1711 1094 1783 1165 Dei,

992 1189 1112 1251 dilecto
1131 1189 1201 1252 lilio
1223 1191 1396 1267 Raynaldo
1417 1192 1457 1252 de
1476 1191 1623 1262 Puzalia‚
1651 1189 1787 1251 subdia-

992 1302 1075 1346 cono
1104 1290 1233 1359 nostro,
1258 1288 1435 1364 praeposito
1466 1289 1577 1348 Sancti
1607 1288 1721 1348 Severi
1748 1277 1783 1348 i'n

992 1381 1198 1455 Heraiordia,
1222 1385 1369 1459 Magant.
1396 1383 1560 1456 dioecesis,
1584 1383 1724 1444 salutem
1753 1384 1786 1443 et

992 1480 1207 1555 apostolicam
1220 1480 1498 1542 benedictionem.

1033 1577 1094 1646 Qui
1114 1592 1156 1637 ex
1176 1575 1329 1638 beneficii
1344 1577 1407 1637 sibi
1429 1577 1558 1638 collatis
1574 1577 1669 1654 quasi
1683 1576 1786 1637 bene-

993 1671 1135 1732 iaoiendi
1161 1673 1320 1734 babentes
1343 1675 1516 1735 materiam
1537 1688 1576 1734 ea
1600 1673 1735 1750 provide
1751 1673 1786 1732 in

993 1785 1073 1829 usus
1090 1769 1246 1830 honestos
1266 1771 1468 1847 expendunt,
1485 1775 1611 1848 majora
1638 1769 1701 1830 sibi
1726 1786 1786 1829 cu-

993 1865 1121 1926 mulare
1144 1868 1313 1928 merentur
1335 1870 1372 1927 ut
1394 1869 1490 1929 aucta
1517 1882 1618 1928 causa
1645 1865 1783 1928 effectus

994 1961 1207 2024 laudabiliter
1232 1967 1403 2039 augeatur.
1428 1967 1514 2025 Sane
1545 1979 1620 2024 cum
1646 1963 1724 2023 olim
1750 1963 1785 2022 in

994 2059 1209 2119 lateranensi
1225 2061 1371 2122 Concilio
1391 2061 1528 2136 provida
1543 2059 1643 2121 fuerit
1662 2058 1788 2120 delibe-

994 2156 1122 2216 ratione
1147 2157 1315 2228 statutum,
1336 2158 1420 2234 quod
1444 2159 1476 2218 et
1500 2173 1607 2233 nuper
1625 2157 1660 2216 in
1683 2171 1786 2230 gene·

993 2253 1057 2312 rali
1081 2254 1191 2315 extitit
1213 2253 1418 2326 innovatum,
1445 2257 1482 2316 ut
1503 2253 1614 2315 nullus
1638 2253 1787 2316 diversas

994 2350 1170 2425 dignitates
1197 2352 1440 2413 ecclesiasticas
1465 2351 1515 2413 vei
1542 2351 1654 2428 plures
1683 2365 1785 2427 parc-

994 2447 1120 2508 clriales
1151 2449 1309 2509 ecclesias
1341 2449 1490 2526 recipere
1519 2449 1640 2509 audeat
1670 2447 1785 2532 oqntra

994 2560 1163 2605 sacrorum
1200 2561 1363 2607 canonum
1396 2546 1562 2616 instituta,
1592 2545 1639 2606 ita
1675 2545 1785 2604 tamen

993 2643 1078 2720 quod
1099 2643 1188 2703 circa
1210 2643 1367 2704 sublimes
1389 2644 1421 2704 et
1442 2643 1605 2706 litteratas
1625 2655 1786 2719 personas

995 2755 1053 2815 per
1072 2740 1189 2800 Sedem
1211 2740 1433 2816 apostolicam
1457 2739 1567 2800 valeat
1586 2738 1784 2816 dispensari,

993 2853 1053 2896 nos
1079 2837 1134 2914 qui
1158 2837 1254 2898 bonis
1277 2837 1474 2898 benefacere
1498 2837 1659 2912 cupimus,
1682 2837 1714 2896 te
1737 2849 1788 2896 re·

993 2935 1146 3012 putantes
1166 2933 1411 3012 dispensatione
1435 2933 1626 3010 hujusmodi
1644 2947 1711 2993 non
1732 2932 1787 2994 in-

993 3033 1139 3106 dignum,
1157 3033 1193 3092 ut
1211 3035 1333 3108 praeter
1356 3047 1396 3092 aa
1410 3031 1583 3102 beneficia,
1605 3045 1677 3106 quae
1698 3045 1787 3089 nunc

993 3129 1134 3200 obtines,
1156 3129 1220 3190 duo
1243 3129 1468 3191 ecclesiastica
1492 3127 1665 3196 beneficia,
1687 3129 1786 3188 etiam

993 3228 1021 3286 si
1057 3243 1171 3288 curam
1207 3227 1350 3288 habeant
1379 3227 1566 3288 animarum
1604 3239 1785 3294 annexam,

993 3324 1167 3385 dummodo
1187 3323 1245 3386 tibi
1262 3325 1422 3386 canonice
1440 3323 1665 3401 conterantur,
1682 3319 1786 3382 libere

993 3422 1100 3498 possis
1116 3421 1274 3498 recipcre,
1289 3423 1409 3492 tecum,
1427 3421 1623 3482 auctoritate
1638 3419 1784 3496 Aposto-

993 3520 1057 3580 lica
1073 3519 1313 3596 dispensamus.
1331 3519 1422 3579 Nulli
1437 3534 1516 3594 ergo
1532 3519 1668 3579 omnino
1682 3517 1787 3576 bomi-

994 3633 1071 3676 num
1087 3617 1187 3678 liceat
1202 3617 1287 3678 banc
1306 3617 1461 3693 paginam
1476 3619 1598 3678 nostrae
1614 3608 1801 3690 dispensa-x

993 3714 1093 3774 tionis
1127 3714 1330 3790 intringere,
1359 3705 1412 3775 vel
1437 3713 1468 3774 ei
1497 3729 1581 3772 ausu
1609 3711 1788 3773 temerario

994 3811 1171 3872 contraire.
1187 3811 1222 3871 si
1235 3812 1309 3888 quis
1324 3813 1434 3872 autem
1451 3810 1513 3870 boc
1528 3809 1692 3870 attentare
1708 3823 1789 3884 prac-

994 3908 1182 3984 sumpserit,
1203 3907 1465 3982 indignationem
1479 3905 1714 3981 omnipotentis
1728 3905 1786 3964 Dei

993 4021 1032 4063 ac
1054 4003 1226 4064 beatorum
1255 4004 1346 4064 Petri
1372 4005 1406 4064 et
1434 4003 1531 4062 Pauli
1562 4000 1787 4078 apostolorum

995 4103 1067 4175 ejus
1085 4115 1120 4160 sc
1143 4101 1272 4160 noverit
1297 4100 1520 4160 incursurum.
1546 4098 1665 4159 Datum
1688 4097 1788 4158 Late·

993 4196 1079 4267 rani,
1108 4199 1151 4256 Vl
1176 4211 1282 4257 nonas
1304 4195 1427 4267 martii,
1449 4195 1661 4272 pontificatus
1684 4193 1788 4256 nostri

994 4308 1082 4354 anno
1098 4291 1224 4370 quinto.

1280 4454 1499 4540 GCLXXVI

994 4599 1045 4655 Ad
1064 4596 1272 4670 ancyranam
1303 4599 1498 4657 conradum
1520 4601 1730 4670 capellanum
1755 4597 1788 4656 ct

1052 4697 1244 4754 Jcboaacm
1258 4693 1496 4754 scholasticum
1513 4693 1723 4755 Xortctoncn.

1282 4815 1397 4872 imart.
1415 4815 1494 4872 litt.

1015 4929 1135 4994 [aegest.
1149 4928 1194 4980 lib.
1207 4930 1237 4986 V,
1252 4929 1325 4992 epist.
1336 4928 1392 4978 428.
1406 4929 1463 4978 llss.
1479 4929 1515 4979 La
1526 4931 1601 4980 Portc
1613 4930 1648 4982 du
1661 4932 1755 4994 Thali]
1846 4928 1853 4941 ‘

993 5033 1109 5094 blandat
1129 5037 1172 5092 eis
1191 5041 1222 5094 ut
1245 5035 1405 5107 pecuniam,
1418 5035 1454 5092 de
1473 5034 1669 5109 redemptione
1688 5053 1786 5096 cruce·

1028 5124 1206 5194 signatorum
1227 5123 1256 5178 in
1278 5122 1422 5180 colonien.
1442 5129 1471 5179 et
1486 5125 1617 5182 Bremen.
1634 5126 1788 5198 provinciis

1029 5209 1154 5268 noudum
1174 5210 1333 5276 collectam,
1344 5210 1484 5282 colligant
1502 5219 1531 5268 et
1549 5214 1579 5268 in
1592 5212 1788 5292 preparandis

1028 5299 1065 5354 ad
1079 5298 1215 5354 auxilium
1231 5299 1324 5354 rerrae
1339 5299 1450 5354 Sancte
1466 5299 1587 5356 navibus
1606 5300 1783 5372 impendant.

1032 5423 1217 5493 HonoriuS,
1246 5424 1321 5493 etc„
1352 5423 1482 5484 dilectis
1518 5424 1597 5484 tiliis
1628 5425 1787 5498 magistro

993 5519 1142 5580 Conrado
1164 5519 1337 5595 capellano
1355 5523 1387 5580 et
1404 5520 1574 5595 primario,
1592 5522 1624 5582 et
1639 5521 1785 5582 iohanni

994 5617 1191 5677 scholastico
1207 5618 1412 5677 xanctonen.
