4280 6404
310 318 367 380 au

668 465 748 570 dul

312 622 364 682 Aa
380 618 602 681 Lorrmertrun
623 613 777 680 abbatem
793 617 828 678 S.
848 615 1103 686 Bartnommat,

347 719 504 792 priorem
526 720 561 780 S.
589 718 693 791 Ettptt
715 716 750 777 at
770 714 951 778 conatorem
972 717 1105 778 Nouio-

351 830 515 878 nazeraeus.

588 889 624 948 ti
638 889 735 963 aprilis
751 889 829 948 itit).

283 989 288 1000 '
357 981 609 1066 [Bouqudfflacueil
626 995 669 1046 des
689 996 765 1056 llist.,
783 996 851 1056 xlx,
866 995 927 1056 6835
951 997 1058 1060 liogest,

572 1075 617 1128 tib.
633 1075 676 1134 lll,
688 1077 764 1141 epist.
780 1075 848 1142 sta]

313 1174 507 1236 burchardum
530 1173 566 1232 do
580 1175 713 1243 Avasuis,
728 1176 863 1235 cleriourn
890 1173 1105 1245 subdiaconum,

341 1265 389 1338 qui
405 1271 515 1337 raptam
531 1264 714 1322 matrimonio
729 1263 783 1321 sibi
797 1265 979 1337 copulaverat
995 1265 1107 1335 biarga-

350 1361 450 1421 retom,
472 1354 624 1410 comitissas
654 1351 835 1410 flandrensis
860 1365 998 1422 sororem,
1026 1353 1107 1426 gravi

350 1441 418 1499 olim
432 1441 599 1500 damnatum
613 1441 764 1510 sententia,
775 1440 855 1512 jubet
869 1441 1012 1499 llouorius
1026 1442 1109 1498 frovis

350 1530 474 1588 vinariis
502 1529 660 1601 constringi
683 1543 749 1586 cum
776 1527 932 1586 fautoribus
950 1529 1022 1601 ejus,
1050 1529 1109 1602 qui·

351 1618 399 1692 qui
412 1617 527 1676 fuerint.

355 1725 521 1787 Honorius
550 1725 763 1802 episcopus...
799 1725 928 1789 dilectis
956 1725 1035 1786 tiliis
1071 1727 1106 1787 L.

318 1822 428 1884 abbati
450 1825 483 1884 S.
500 1823 744 1896 Bartholomaei,
772 1824 876 1900 priori
892 1826 925 1885 S.
953 1825 1051 1899 litigii
1077 1825 1110 1886 ot

316 1921 457 1993 cantori,
469 1923 497 1984 N
501 1923 759 1992 oriomcusibus,
776 1923 927 1995 salutem,
945 1925 1007 1984 eto.

357 2017 393 2078 Si
417 2018 542 2080 dininae
565 2021 697 2095 piatatis
725 2020 887 2081 immensa
923 2019 1109 2095 benignitas

318 2115 505 2186 sustineret,
514 2118 550 2177 ut
560 2114 797 2196 B[urchardus]
808 2117 848 2179 de
861 2117 1001 2178 Avesnis
1017 2133 1111 2193 apos·

318 2211 398 2281 tata,
423 2211 475 2270 vlr
494 2211 638 2288 iniquus,
661 2227 681 2274 a
706 2225 822 2274 somno
846 2215 1049 2289 exsurgeret,
1077 2214 1110 2274 et

317 2306 510 2369 obscuratos
525 2308 639 2370 oculos
658 2311 814 2388 aperiret,
835 2310 871 2373 ut
883 2305 977 2371 suam
991 2311 1112 2387 iniqni-

318 2404 420 2465 tatem
449 2405 666 2482 perpenderet
687 2408 902 2484 cerneretque
921 2408 1109 2484 spurcitias

319 2501 438 2578 quibus
452 2518 472 2562 a
485 2503 596 2579 planta
606 2504 699 2580 pedis
715 2520 819 2582 nsque
833 2505 874 2566 ad
889 2506 1046 2567 verticem
1059 2521 1111 2566 ca·

320 2599 398 2676 pitis
409 2599 461 2660 est
476 2614 658 2675 respersus,
671 2602 795 2662 infixus
808 2602 842 2662 in
854 2602 933 2664 limo
943 2601 1109 2680 profundi,

320 2694 497 2769 laboraret,
523 2696 636 2758 forsan
655 2699 802 2760 clamans
815 2699 856 2760 ad
877 2703 989 2772 Deum,
1008 2702 1043 2761 ut
1056 2700 1111 2776 ip·

322 2809 395 2856 sum
421 2794 461 2856 de
476 2796 552 2856 lacu
570 2795 714 2858 miseriae
729 2812 768 2858 ao
783 2797 823 2858 de
842 2797 933 2858 faecis
948 2796 1016 2859 luto
1029 2797 1113 2858 edu-

923 309 1099 372 IIONORll
1121 309 1167 370 111
1188 309 1337 371 orcita.

1894 293 1959 370 'aaa

1062 539 1069 556 ‚
1159 467 1201 529 ad
1212 469 1363 530 sanctuni
1374 468 1530 543 generale
1543 467 1720 530 concilium
1731 469 1954 534 accesserunt,

1159 565 1266 626 felicis
1284 565 1523 627 recordationis
1539 565 1732 626 Innocentio
1746 580 1851 640 papan,
1869 579 1957 640 praa-

1159 661 1326 724 decessori
1350 664 1474 730 nostro,
1504 662 1602 738 plene
1625 661 1812 724 constiterit
1833 661 1956 722 dictum

1160 761 1195 821 B.
1212 759 1315 821 fuisse
1325 758 1567 820 subdiaconum
1582 759 1615 822 et
1627 758 1956 820 cantoromecclesiaa

1160 857 1402 928 laudunensis,
1419 855 1518 928 idem,
1534 857 1641 918 motus
1663 855 1797 932 pietatis
1812 855 1956 916 visceri-

1159 953 1220 1015 bus
1238 955 1328 1015 circa
1354 953 1475 1015 dictam
1497 953 1651 1030 puellam,
1666 953 1845 1029 volensque
1859 950 1957 1011 debi-

1159 1054 1229 1113 tum
1241 1051 1420 1129 pastoralis
1432 1051 1534 1112 officii
1548 1050 1811 1128 exsequicontra
1822 1049 1957 1110 nefandi

1161 1149 1296 1212 sceleris
1329 1150 1611 1226 praesumptorem,
1647 1147 1742 1209 bonas
1787 1141 1957 1209 momoriae

1162 1247 1316 1310 Remensi
1329 1246 1579 1323 archiepiscopo
1603 1246 1635 1307 at
1647 1243 1869 1320 suflraganeis
1884 1245 1957 1320 ejus

1162 1343 1232 1404 suis
1251 1343 1341 1405 dedit
1364 1343 1484 1404 litteris
1505 1343 1541 1404 in
1558 1342 1742 1420 praeceptio,
1761 1343 1795 1403 ut
1810 1341 1956 1418 praedic-

1162 1441 1231 1502 tum
1260 1441 1454 1517 apostatam,
1476 1439 1511 1500 in
1526 1455 1622 1516 quem
1638 1453 1695 1501 ore
1719 1439 1869 1515 proprio,
1896 1453 1957 1498 sua

1162 1535 1315 1613 exigente
1330 1536 1489 1613 nequitia,
1504 1534 1857 1598 excommunicationis
1872 1551 1954 1596 san-

1162 1634 1299 1695 tentiam
1310 1635 1383 1710 ipse
1396 1634 1480 1706 tulit,
1498 1633 1638 1708 siugulis
1651 1632 1767 1694 diebus
1782 1631 1957 1694 dominicis

1162 1733 1195 1792 et
1209 1729 1315 1802 festis
1339 1730 1478 1807 pulsatis
1492 1728 1664 1806 campanis
1679 1729 1712 1790 at
1726 1729 1874 1790 candelis
1894 1743 1956 1790 ac·

1163 1827 1283 1898 censis,
1300 1841 1360 1903 per
1375 1842 1453 1888 suas
1464 1826 1625 1887 dioeoeses
1641 1824 1788 1887 facerent
1803 1825 1957 1886 cumsuis

1163 1923 1346 1987 fautoribus
1368 1923 1689 1985 excommunicatum
1713 1922 1844 2000 publice
1866 1939 1957 1982 nun-

1163 2021 1257 2088 ciari‚
1286 2019 1328 2082 ab
1344 2020 1495 2082 omnibus
1518 2019 1643 2080 arctius
1658 2020 1860 2092 evitandum,
1882 2019 1957 2080 locu

1163 2118 1198 2178 in
1222 2117 1340 2195 quibus
1361 2115 1536 2194 praedictus
1561 2119 1597 2178 B.
1623 2133 1751 2178 moram
1777 2115 1902 2178 faceret
1924 2117 1957 2179 et

1163 2215 1274 2292 puella
1286 2215 1370 2276 toret
1384 2213 1526 2286 detenta,
1543 2213 1674 2276 etiarnsi
1689 2214 1730 2275 ad
1744 2217 1854 2291 partes
1870 2212 1955 2274 alias

1163 2313 1258 2374 entra
1280 2311 1374 2387 ipsas
1391 2295 1555 2373 dioeceses
1578 2311 1757 2373 diverteret
1775 2311 1831 2374 vel
1847 2311 1955 2388 ipsam

1164 2407 1247 2470 forte
1259 2407 1447 2480 abduceret,
1469 2407 1630 2470 faciontes
1645 2409 1778 2470 cessare
1792 2409 1926 2470 interim
1939 2423 1960 2470 a

1164 2504 1725 2583 divinisdonecidamltpraefatam
1736 2507 1959 2582 margaretam

1164 2596 1305 2664 liberam
1341 2603 1405 2680 ipsi
1430 2601 1628 2665 'restitueret
1656 2603 1849 2676 comitissae,
1878 2619 1960 2665 oon-

1165 2713 1246 2774 grue
1262 2698 1470 2760 satisfaciens
1485 2700 1526 2760 de
1547 2700 1752 2772 commissis,
1782 2701 1815 2762 et
1837 2699 1961 2762 rediret

1164 2795 1335 2858 fidiniliter
1351 2797 1392 2857 ad
1417 2795 1704 2859 conversationem
1731 2795 1904 2858 honestam
1928 2793 1962 2858 ot

213 5337 219 5346 ·
321 5327 470 5390 latorum
485 5328 518 5390 at
540 5325 682 5389 aliorum
703 5325 882 5404 proborum
907 5323 1053 5388 virorum
1066 5322 1122 5401 qui

320 2892 1112 2971 ceredignaretur.Verumtamen,quoddolentes
1166 2891 1430 2957 observationem
1458 2893 1585 2955 ordinis
1615 2879 1791 2956 clericalis.
1819 2895 1859 2956 Et
1882 2893 1961 2956 licet

320 2988 506 3062 referimus,
524 2989 714 3052 induratum
742 2991 793 3053 est
816 3007 874 3052 cor
897 2992 1012 3069 ipsius,
1036 3009 1113 3069 quo-
1166 2993 1361 3052 oxecutores
1377 2991 1441 3067 ipsi
1463 2995 1664 3068 praeceptum
1684 2989 1814 3068 praefati
1828 2989 1959 3066 praede-

324 3085 426 3158 niam,
444 3087 641 3163 putrescens
663 3087 698 3148 in
724 3090 881 3160 stercore,
904 3089 1056 3152 sordidus
1079 3090 1114 3151 ut
1168 3087 1311 3149 cessoris
1333 3091 1365 3150 et
1382 3087 1535 3150 *nostrum
1560 3105 1660 3165 super
1687 3089 1802 3149 eodem
1828 3081 1961 3163 negotio

318 3185 514 3260 jnmentum,
531 3187 641 3246 erecta
662 3187 801 3260 cervice,
825 3183 959 3248 'obturat
977 3185 1020 3247 ‘ad
1043 3203 1115 3248 rno-
1166 3167 1374 3262 postmodnm
1396 3185 1445 3246 eis
1467 3185 1629 3246 directum
1654 3175 1776 3246 fuerint
1796 3185 1962 3259 exsecuti3

317 3281 401 3342 dum
414 3281 522 3342 surdae
538 3283 662 3358 aspidis
682 3283 780 3344 auras
795 3299 884 3356 suas,
899 3297 945 3346 'na
960 3281 1113 3362 discipli·
1168 3283 1246 3359 quia
1275 3281 1375 3344 talem
1413 3281 1540 3342 nobiles
1564 3281 1627 3340 viri
1651 3279 1873 3341 walerannus
1901 3279 1961 3360 (2),

319 3393 400 3440 narn
430 3379 588 3442 exaudiat
622 3381 655 3441 et
690 3379 932 3458 increpationes
966 3379 1112 3456 avertat,
1168 3370 1320 3440 'ferricus
1345 3377 1385 3439 de
1409 3377 1625 3446 lleufalia,‘et
1644 3377 1777 3454 quidam
1796 3376 1961 3438 aliiLan-

319 3475 441 3552 ¹quibus
475 3493 495 3537 a
521 3493 581 3538 sua
608 3475 742 3540 deberet
762 3479 922 3556 nequitia,
948 3479 976 3540 si
1003 3480 1114 3542 datum
1169 3463 1856 3548 dunensis,cameracensise't‘iconiensis
1878 3473 1963 3535 dina-

322 3573 443 3634 esseta
458 3572 608 3645 Domino,
623 3571 942 3654 revocari;·proptar
956 3577 1041 3655 quod
1054 3593 1116 3654 po·
1169 3573 1304 3646 casium,
1335 3572 1486 3634 eumdem
1520 3573 1703 3648 apostatam
1730 3571 1963 3632 excommuni-

320 3669 388 3730 test
402 3669 502 3730 miser
516 3669 965 3746 nuniniinari'tofoiinidare,
983 3691 1024 3736 ne
1048 3669 1115 3736 boo
1170 3669 1418 3741 catum,·claues
1433 3669 1583 3731 ecclesiae
1600 3669 1729 3745 penitus
1748 3671 1964 3730 contemnen-

317 3765 356 3827 at
369 3765 754 3831 bominibusonocrahili
777 3771 974 3833 contritione
991 3771 1117 3848 duplici
1169 3770 1247 3840 tarn,
1267 3767 1303 3828 in
1326 3766 1454 3830 malitia
1469 3781 1529 3828 sua
1553 3765 1676 3838 forent,
1698 3763 1908 3842 receptacula
1930 3765 1964 3824 iu

321 3865 531 3937 conteratur,
558 3865 735 3942 -renporan
769 3883 868 3944 pona
902 3868 1056 3930 cranenco
1079 3871 1117 3930 ot
1170 3864 1289 3942 quibus
1316 3853 1361 3924 ll.
1386 3860 1541 3934 detineat,
1568 3861 1701 3939 aliaque
1724 3861 1873 3924 subsidia
1896 3858 1965 3922 'sibi
2006 3929 2009 3936 .

320 3961 460 4022 menna.
487 3962 568 4026 *dam
601 3963 692 4024 onim
724 3966 834 4040 pudor
859 3966 909 4027 est
934 3966 1062 4028 dilectae
1077 3967 1117 4026 'in
1171 3957 1340 4034 dando,'et
1354 3959 1475 4022 nobilis
1489 3959 1668 4033 ti'rduido,
1682 3963 1860 4035 germanus
1872 3961 1965 4036 ejus-

320 4057 454 4120 Christo
467 4059 544 4122 tiliae
563 4060 666 4123 nobili
682 4062 816 4124 mulieri
835 4063 997 4125 Joua'nnao
1011 4065 1117 4124 Flane
1172 4059 1246 4120 dem
1274 4059 1444 4135 apostatae,
1464 4055 1506 4119 ‘ac
1535 4055 1668 4134 puidam
1691 4055 1753 4119 'alii
1774 4045 1965 4117 earumdem

319 4153 436 4217 dronsi
467 4157 504 4219 e't
527 4157 749 4222 ‘Hbinoniansi
777 4159 966 4232 comitissae,
996 4161 1118 4222 totiens
1171 4155 1364 4217 dioecesium
1390 4169 1466 4215 eum
1496 4170 1555 4230 pro
1580 4147 1706 4214 viribus
1738 4155 1964 4223 manutenent,

319 4255 475 4330 repetere
490 4255 628 4324 scelera,
649 4273 722 4334 quae
745 4257 779 4318 in
797 4253 869 4331 'ejus
885 4258 1118 4320 contumeliam
1169 4255 1205 4315 'et
1230 4252 1363 4330 quidam
1386 4251 1576 4312 sacerdotes
1605 4251 1638 4312 et
1663 4250 1776 4311 clerici
1800 4245 1908 4312 eidem
1937 4251 1970 4310 et

238 4350 240 4359 ’
323 4350 431 4413 dictus
453 4351 604 4430 apostata
625 4353 662 4414 'in
679 4353 1008 4440 nobileminulierern
1024 4355 1118 4417 blar-
1172 4325 1311 4410 familias*
1330 4363 1410 4421 suae,
1427 4347 1568 4424 aliisque
1586 4347 1693 4424 ipsius
1717 4345 1902 4408 fautoribus
1930 4346 1965 4407 iu

272 4485 278 4494 -
320 4450 484 4522 paream,
498 4449 931 4526 sororem·ipsins,eiercnit
943 4451 1120 4528 impuden-
1171 4445 1303 4508 iocisin
1314 4444 1432 4523 quibus
1448 4443 1535 4506 dicta
1549 4445 1592 4503 bt.
1608 4443 1741 4505 detenta
1756 4442 1881 4512 existit,
1902 4459 1968 4503 nou

324 4547 385 4616 ter,
413 4545 491 4606 dum
515 4546 618 4615 idem,
648 4545 770 4608 dudum
797 4547 833 4608 in
860 4546 1118 4610 subdiaconatus
1173 4545 1251 4606 suut
1273 4543 1372 4604 veriti
1388 4542 1501 4602 divina
1523 4539 1631 4601 cilicia
1646 4539 1769 4601 temere
1785 4537 1967 4610 celebrare,

321 4644 441 4705 ordina
461 4646 677 4713 consumtus,
702 4645 852 4706 eamdem
873 4641 919 4706 u.
943 4645 1031 4706 linea
1056 4645 1119 4705 sihi
1173 4639 1370 4716 saepedictus
1394 4637 1555 4714 apostata.
1579 4635 1674 4714 quasi
1689 4635 1885 4713 delinquens
1904 4635 1970 4697 im-

321 4743 625 4818 ·consanguinitatis
662 4743 884 4819 conjunctam,
912 4741 947 4802 iu
978 4741 1142 4818 quodam
1174 4751 1271 4815 pune,
1295 4732 1633 4810 satisfacereponitus
1655 4731 1841 4809 vilipendit,
1856 4732 1891 4795 in
1906 4748 1968 4794 sua

327 4837 519 4901 castrossuae
528 4839 605 4901 fidei
618 4837 881 4901 commendatam
894 4837 1121 4900 fraudulenter
1173 4832 1359 4910 iniquitatis
1372 4829 1556 4908 pertinacia
1571 4828 1767 4892 obstinatus.

326 4934 474 5010 abduxit,
485 4937 662 5016 ipsamque
685 4935 811 4999 detinet
832 4937 1018 5009 inhoneste,
1034 4935 1143 5034 'rnen-t
1217 4928 1309 4992 Unde
1324 4926 1419 4990 nobis
1444 4926 1613 5036 comitissa
1637 4925 1775 5003 praefata
1797 4925 1969 4989 humiliter

221 5083 235 5090 -
323 5033 438 5096 tiendo
466 5050 503 5097 so
530 5051 605 5098 cum
636 5051 676 5097 aa
708 5033 954 5098 matrimonium
983 5035 1143 5096 contra·
1175 5023 1383 5103 supplicarit,
1399 5024 1445 5096 ut,
1460 5038 1502 5084 no
1517 5038 1589 5099 spsa
1604 5023 1692 5085 mter
1709 5023 1831 5108 multas
1846 5039 1972 5100 angus-

320 5131 418 5192 ¹xisse
432 5129 493 5210 (i).
888 5207 891 5215 Ι
1140 5124 1144 5213 i
1175 5124 1240 5186 tias
1260 5109 1379 5199 quibus
1397 5119 1604 5196 dignoscitur
1619 5135 1694 5183 esse
1708 5119 1833 5183 afflicta
1852 5135 1895 5182 ex
1907 5121 1970 5181 de-

364 5227 447 5290 C'um
461 5229 571 5292 autern
595 5243 638 5291 ax
658 5228 849 5292 testimonio
870 5225 1015 5305 plurium
1035 5239 1124 5304 prae·
1176 5221 1322 5284 tentione
1337 5220 1376 5280 ao
1391 5217 1625 5296 pudo'redicta'a
1637 5219 1763 5281 sororis
1776 5217 1847 5279 'suae
1871 5217 1973 5294 iguo-

1172 5317 1327 5380 miniosas
1346 5315 1552 5379 confusionis
1567 5318 1721 5395 respersa
1734 5263 1917 5393 oppressus
1935 5317 1974 5382 iu

321 5547 326 5558 ,
364 5487 405 5558 (f)
425 5487 564 5544 liernorot
580 5484 711 5544 hocloco
732 5483 873 5542 llonorios
898 5483 1006 5539 littores
1021 5479 1144 5556 acribus}
1210 5475 1254 5558 ¹(t)
1282 5475 1482 5558 walorannus,
1497 5473 1611 5532 ilenrioi
1635 5472 1858 5556 leniburgcusis
1891 5472 1977 5538 ducis

328 5556 521 5614 iiumhnrdunr
534 5555 642 5628 pridem
657 5556 824 5628 exagitavit,
836 5553 871 5610 ad
884 5567 992 5609 annum
1002 5549 1124 5617 urnac
1179 5549 1261 5617 dirus,
1284 5556 1312 5605 et
1327 5563 1387 5620 ipsa
1407 5547 1668 5618 [luxemburgensis
1686 5551 1716 5602 ot
1728 5543 1852 5603 Ardone
1868 5557 1976 5602 coruos.

328 5628 503 5698 munuum
517 5630 690 5688 lismensem
704 5625 885 5698 arclrirpiso„
899 5629 918 5680 t.
936 5624 971 5693 ll,
987 5623 1041 5680 col.
1062 5622 1123 5680 sbti.
