4280 6404
297 195 357 266 aar
850 257 852 262 ,
913 193 1087 254 nouoan
1110 191 1153 252 111
1176 178 1324 254 ornan.
1548 271 1550 276 ι
1883 193 1945 253 ecs

292 351 386 420 runt,
398 347 743 439 tribusadictis,juris
758 351 921 413 ordinain
937 350 1090 412 omnibus
1144 350 1295 416 volentes
1324 366 1383 426 per
1410 352 1453 422 te,
1475 350 1517 412 de
1539 365 1604 428 quo
1626 347 1780 414 fiduciam
1796 350 1946 427 gerimus

176 480 184 492 ·
296 449 481 521 observato,
499 449 673 526 praefatum
683 449 881 520 iohannem,
897 449 954 526 qui
963 465 998 509 se
1013 451 1092 512 tuuc
1147 447 1339 523 pleniorem,
1351 447 1391 510 de
1406 447 1588 524 praemissis
1602 448 1726 524 inquiri
1748 447 1945 524 diligentius

295 546 432 632 gerebat
445 562 505 624 pro
521 547 676 624 episcopo
691 544 901 618 Artfartansi,
931 545 972 606 ad
997 561 1091 606 suam
1144 545 1329 616 ueritatem,
1359 545 1552 609 discretioni
1581 548 1647 608 tuae
1673 560 1734 620 par
1751 545 1945 622 Apostolica

296 643 506 720 praesentiam
521 643 718 714 citaverunt,
742 642 979 713 exhibiturum,
1005 641 1091 720 quod
1146 642 1268 716 scripta
1284 641 1488 712 mandamus,
1505 643 1670 718 quatenus
1696 641 1834 713 vocatis,
1860 657 1946 718 quos

296 756 397 818 super
410 741 453 800 iis
468 739 548 802 ordo
557 741 752 816 poposcerat
765 739 914 800 rationis.
928 738 1091 800 iamdicto
1145 737 1270 798 videris
1285 737 1482 810 evocandos,
1493 739 1520 798 ai
1528 738 1761 814 judicasipsos
1771 738 1947 800 inveneris

296 837 571 925 autemtohanna
586 852 648 897 nec
667 835 708 897 ad
721 836 873 912 primam,
890 851 951 896 nec
967 851 1090 896 secun·
1147 834 1294 910 legitime
1316 835 1544 910 processisse,
1571 835 1720 912 ipsorum
1744 835 1946 896 seutentiam

296 935 384 1006 dam,
400 949 462 1010 nac
490 933 623 994 tertiam
647 933 838 995 citationem
858 933 958 994 etiam
980 947 1038 1008 per
1056 947 1092 994 se
1146 931 1335 993 executioni
1356 931 1569 1004 demandans,
1584 932 1618 995 et
1632 931 1758 993 faciens
1772 947 1848 994 eam
1860 948 1948 993 auo-

295 1031 349 1092 vel
372 1031 598 1108 responsalem
618 1030 774 1092 idoneum
795 1030 1016 1106 comparente,
1034 1028 1092 1092 sed
1146 1028 1280 1091 toritata
1295 1029 1419 1096 nostra,
1437 1028 1568 1092 sublato
1581 1028 1815 1106 appellationis
1828 1029 1944 1090 obsta-

296 1129 383 1188 sicut
396 1126 581 1200 videbatur,
599 1128 635 1188 ut
649 1127 841 1188 mandatum
856 1128 1005 1188 nostrum
1020 1125 1094 1186 elu-
1147 1127 1233 1198 culo,
1247 1126 1389 1188 firmiter
1403 1125 1586 1197 observari,
1608 1126 1869 1188 contradictores
1884 1141 1946 1203 per

295 1225 398 1297 derat,
424 1225 583 1306 quasdam
612 1223 853 1301 appellationes
875 1222 1012 1286 frivolas
1034 1238 1093 1299 per
1147 1223 1407 1288 ecclesiasticam
1420 1237 1606 1296 censuram,
1618 1223 1839 1300 appellatione
1849 1225 1945 1299 post-

295 1322 439 1384 humiles
458 1322 690 1399 interponente
707 1337 878 1400 personas,
904 1321 991 1382 sicut
1012 1321 1092 1382 tan-
1147 1321 1266 1398 posita,
1284 1321 1534 1398 compescendo,
1557 1322 1736 1398 injungens
1760 1319 1949 1396 archiepis-

295 1421 437 1497 demiper
452 1419 672 1496 allegationes
687 1419 789 1496 partis
797 1419 945 1481 adversae
959 1417 1020 1479 fuit
1034 1417 1093 1480 de-
1147 1433 1230 1494 copo
1240 1417 1408 1495 saepefato,
1430 1419 1467 1480 ut
1481 1417 1587 1480 eidem
1601 1417 1708 1480 electo
1724 1433 1844 1481 munus
1859 1432 1945 1478 con-

296 1517 459 1578 claratum
472 1516 509 1577 in
519 1520 608 1594 jure,
622 1517 723 1590 iidem
734 1516 877 1593 jndices,
894 1529 1092 1592 quamquam
1148 1515 1345 1576 sacrationis
1361 1515 1539 1592 impendat,
1557 1514 1643 1577 sicut
1654 1513 1696 1575 ad
1707 1529 1782 1574 aum
1795 1514 1947 1576 uescitur

296 1615 337 1676 de
362 1614 473 1693 rigore
496 1614 583 1691 iuris
610 1615 745 1690 possent
770 1613 949 1690 procedere
977 1613 1092 1672 contra
1147 1613 1324 1688 pertinere.
1355 1612 1516 1675 Praefatae
1548 1613 1657 1698 autam
1688 1611 1882 1688 episcopos,
1914 1610 1946 1670 si

295 1727 391 1782 eum,
428 1710 470 1772 ad
505 1709 765 1772 convincendam
798 1712 909 1770 mman
945 1707 1093 1785 ejusdem
1146 1709 1206 1770 tibi
1219 1708 1415 1780 constiterit,
1431 1724 1489 1770 eos
1498 1711 1572 1784 post
1584 1708 1769 1784 legitimam
1795 1707 1947 1784 appella-

294 1807 457 1870 iohannis
472 1807 633 1871 malitiam
646 1807 800 1883 quartam
813 1805 900 1866 diam
915 1805 946 1866 el
957 1821 1015 1882 pro
1029 1820 1091 1881 pe·
1146 1807 1270 1868 donem
1298 1806 1462 1870 intrusum
1486 1819 1700 1868 consecrasse
1726 1805 1944 1882 praedictum,

295 1905 474 1983 romptorio
497 1904 639 1966 termino
668 1903 897 1978 assignarunt,
921 1901 1091 1964 canonicis
1147 1905 1321 1979 protentae
1335 1903 1532 1966 temeritatis
1545 1917 1687 1964 excessu
1706 1915 1886 1978 suspensos
1899 1899 1942 1960 ad

295 2001 672 2064 anianensisecclasiae
688 2000 729 2062 ad
745 2001 895 2062 eumdem
913 1999 1091 2062 terminum
1147 2001 1357 2075 presentiam
1372 2003 1520 2061 nostram
1541 1999 1757 2070 transmittas,
1785 1999 1822 2059 ut
1842 1996 1944 2058 iidem

296 2100 443 2165 evocatis
461 2115 468 2160 ε
487 2114 603 2160 uerum
629 2099 828 2160 memoratus
850 2099 879 2160 J.
901 2095 1091 2156 mandatum
1146 2097 1285 2174 inpoena
1301 2097 1406 2174 culpae
1427 2096 1643 2174 quantitatem
1671 2094 1882 2171 cognoscant
1909 2095 1945 2154 et

298 2196 516 2273 apostolicum
532 2194 786 2272 parvipendens,
815 2196 847 2256 et
873 2194 941 2255 tam
965 2193 1005 2256 de
1031 2207 1091 2254 sua
1145 2194 1200 2266 iis,
1217 2193 1336 2270 quibus
1359 2193 1572 2270 praesumptio
1591 2191 1653 2254 fuit
1674 2192 1708 2252 in
1734 2191 1942 2260 scandalum,
2073 2221 2077 2228 ·

296 2294 565 2372 presumptione,
594 2309 693 2370 quam
718 2292 759 2352 de
786 2291 899 2352 laicali
923 2289 1091 2352 confidens
1146 2289 1328 2366 sitpunitio
1346 2289 1595 2366 inexemplum.
1612 2291 1725 2350 'festae
1740 2289 1861 2358 autem,
1877 2289 1929 2349 etc

209 2419 219 2444 a
297 2392 455 2472 potentia,
470 2407 531 2453 uec
547 2390 767 2468 personaliter
779 2389 964 2466 comparuit
980 2403 1092 2452 coram
1147 2387 1221 2448 Non
1244 2387 1396 2450 obstante
1418 2387 1653 2449 constitutione
1678 2385 1818 2448 concilii
1837 2401 1950 2462 gena-

297 2489 358 2562 eis,
375 2505 436 2555 nec
448 2505 508 2566 ltro
524 2504 561 2550 se
574 2486 800 2564 responsalem
815 2487 971 2548 idoneum
990 2486 1094 2547 desti-
1145 2484 1239 2555 ralis,
1263 2485 1325 2546 eto.
1356 2487 1474 2547 Datum
1491 2486 1593 2548 Reate
1607 2486 1697 2556 XVII
1710 2483 1779 2544 kal.
1795 2484 1946 2559 august,

297 2586 400 2660 navit,
422 2586 563 2663 quodam
586 2585 742 2648 Gamiona
756 2584 929 2655 duntaxat,
951 2582 1007 2659 qui
1029 2582 1093 2643 mi·
1148 2582 1359 2658 pontificatue
1373 2583 1579 2644 uosuianno
1593 2582 1704 2644 tertio.

298 2700 359 2746 nas
385 2699 427 2746 ex
442 2684 536 2761 parte
547 2682 721 2758 justitiarii
744 2683 812 2742 mm
832 2678 1093 2758 ipsisjudrcibus

298 2797 397 2861 quam
412 2781 516 2842 electo
532 2781 564 2841 et
578 2778 777 2842 electoribus
792 2780 863 2854 eius
879 2776 1026 2848 inferret,
1051 2775 1091 2836 ad
1451 2775 1639 2862 CCLVIII

299 2895 414 2941 eorum
427 2876 639 2954 praesentiam
662 2875 837 2938 destinato.
850 2875 1012 2936 Caeterum
1022 2876 1092 2949 jam

298 2975 395 3036 dictis
428 2973 598 3036 canonicis
633 2970 895 3036 Artfertensibus
925 2971 1094 3047 amquam
1135 3017 1136 3022 ,
1495 3038 1500 3049 Ι
1535 3039 1550 3052 ..

299 3071 495 3138 obedientiae
510 3070 589 3131 filiis
603 3071 724 3132 statuto
739 3068 880 3132 termino
893 3082 1093 3146 comparen—
1445 3039 1478 3095 ¹⁶
1490 3039 1553 3111 ”¹¹¹¹
1569 3037 1648 3096 ¹²¹9·
1879 3140 1884 3150 Ι

299 3169 389 3237 tibus
412 3185 524 3232 comm
548 3167 607 3242 eis,
626 3183 665 3230 30
693 3167 813 3242 gratia,
830 3166 907 3228 odjo
921 3181 961 3226 30
974 3165 1094 3226 fimore
1173 3148 1291 3212 illesam,
1304 3147 1350 3198 lib.
1362 3146 1405 3205 lli,
1419 3144 1493 3209 epist.
1507 3143 1562 3196 dii.
1574 3144 1631 3193 llss.
1643 3143 1677 3192 ln
1689 3141 1766 3192 Porta
1776 3141 1810 3190 du
1823 3139 1919 3204 iberi]

300 3268 507 3346 postpositis,
545 3265 736 3331 constanter
775 3262 1000 3326 asserentibus
1038 3277 1091 3332 se,
1178 3251 1294 3312 Mendai
1308 3260 1339 3309 ut
1353 3251 1388 3308 ad
1403 3249 1633 3308 reformationem
1646 3247 1810 3313 monosterii
1822 3246 1917 3304 Sancti

299 3365 391 3434 nullo
416 3364 455 3425 de
480 3361 722 3442 congentilibus
747 3361 881 3432 omisso,
902 3357 1094 3436 saepefatum
1314 3339 1437 3412 luminii
1453 3338 1603 3398 Rtfflfssflit
1618 3333 1782 3409 Ρΐῡῡθᾱθῠῑ·

300 3465 338 3521 tl.
358 3459 393 3521 iu
412 3460 532 3540 maiori
551 3457 750 3521 Artfertensi
774 3457 914 3518 ecclesia
937 3455 1094 3516 canonice
1188 3450 1367 3520 Honorius,
1381 3445 1650 3520 atc.,renerabili
1666 3443 1798 3506 fratri...
1815 3442 1945 3506 archie-

300 3575 340 3621 ac
358 3558 567 3619 concorditer
588 3556 624 3616 in
643 3554 883 3617 Artfmtensam
903 3553 1094 3629 episcopum
1149 3548 1284 3624 piscopo
1296 3549 1445 3618 Reman„
1460 3543 1611 3614 salutem,
1624 3543 1686 3604 eto.

251 3695 257 3706 ·
300 3657 445 3732 elegisse
471 3676 479 3714 ε
509 3653 585 3730 ipsi,
615 3653 683 3714 tam
711 3652 752 3713 de
780 3650 960 3712 idoneitate
990 3648 1094 3725 ipsius
1189 3640 1569 3706 Officiinostridehitum
1584 3637 1947 3701 laudabiliterexerce-

301 3753 410 3824 electi,
434 3766 532 3831 quam
565 3749 606 3810 da
635 3747 732 3810 modo
763 3746 937 3810 electionis
968 3747 1001 3806 at
1029 3744 1095 3806 ali·
1149 3757 1235 3814 mus,
1259 3741 1287 3802 si
1311 3739 1352 3802 ad
1379 3736 1647 3802 reformationem
1672 3735 1889 3798 ecclesiarum
1909 3734 1946 3796 in

301 3849 450 3927 gentium
473 3847 593 3909 studiis
615 3846 756 3908 veritate
779 3843 970 3920 diligentius
994 3841 1095 3904 inda·
1150 3836 1361 3916 quibuslima
1376 3837 1427 3897 est
1441 3833 1659 3896 correctionis
1675 3831 1873 3909 Apostolicae
1886 3847 1949 3902 ne-

300 3951 404 4025 oata,
437 3962 511 4010 cum
535 3945 742 4006 invenissent
767 3942 961 4004 electionem
989 3940 1095 4017 ipsam
1150 3934 1308 4008 cessaria,
1323 3935 1445 3997 uostrae
1461 3929 1697 3993 sollicitudinis
1712 3928 1945 3993 acieminteu-

301 4047 490 4112 unanimem
506 4037 1095 4118 etconcordem,atquodenadversa
1150 4034 1278 4094 damus.
1295 4032 1375 4091 Cum
1400 4029 1502 4106 igitur
1527 4027 1717 4105 frequentes
1731 4025 1772 4087 ad
1797 4041 1858 4086 nos
1876 4025 1948 4100 ola-

300 4146 396 4222 parte
408 4142 456 4204 nil
469 4141 633 4219 objectum
647 4139 775 4210 fuisset,
792 4137 878 4217 quod
900 4135 1095 4198 electionem
1151 4145 1260 4192 moras
1297 4125 1535 4204 pervenerint,
1579 4123 1666 4202 quod
1708 4123 1948 4206 monasterium

301 4241 449 4319 ejusdem
463 4237 615 4300 Giliberti
629 4235 790 4313 impedire
804 4236 941 4306 valeret,
963 4231 1095 4307 tandam
1152 4226 1264 4290 Sancti
1277 4223 1420 4302 Remigii
1435 4225 1571 4284 Reman.
1591 4221 1625 4281 in
1641 4219 1804 4298 plurimis,
1822 4220 1947 4297 quaein

302 4339 375 4415 post
398 4335 641 4398 admonitiones
663 4334 698 4394 et
722 4331 896 4404 citationes
924 4331 1037 4392 varias
1056 4328 1096 4389 de
1150 4323 1398 4400 derogationem
1426 4321 1503 4382 sunt
1528 4319 1594 4380 loci
1608 4317 1755 4395 ejusdam
1774 4316 1808 4378 et
1830 4331 1949 4394 parso-

302 4433 381 4514 dicti
408 4430 571 4495 iohannis
604 4428 789 4491 intrusione
816 4442 856 4488 ac
887 4425 1096 4488 contumacia
1151 4437 1269 4486 narum
1284 4418 1406 4482 ibidem
1419 4415 1670 4480 consistentium
1695 4414 1738 4482 sit
1753 4413 1948 4491 collapsum,

303 4526 593 4602 certiores,affecti
603 4524 801 4587 electionem
809 4523 914 4599 ipsius
929 4525 967 4584 G.
984 4523 1097 4598 utpote
1151 4519 1184 4582 id
1198 4517 1258 4578 sub
1271 4513 1535 4577 dissimulatione
1545 4513 1692 4576 transire
1708 4511 1872 4586 nolentes,
1889 4511 1947 4572 sed

303 4628 463 4693 canonice
475 4623 674 4700 celebratam
696 4621 893 4693 auctoritate
908 4619 1097 4695 Apostolica
1151 4616 1301 4681 volentes
1317 4628 1417 4688 super
1436 4627 1475 4674 eo
1495 4611 1606 4690 potius
1618 4609 1817 4686 npostoucae
1833 4608 1949 4685 provi-

303 4705 566 4792 contirmarunt,
609 4719 852 4796 possessiouem
882 4715 1096 4780 Artfartensis
1152 4711 1256 4776 sionis
1271 4709 1402 4773 oculum
1417 4707 1565 4785 aperire,
1588 4703 1789 4779 fraternitati
1803 4707 1869 4777 tua
1889 4721 1950 4782 per

304 4824 514 4902 episcopatus
533 4816 893 4894 adjudicanteseidem.
912 4814 1096 4891 Undepos-
1151 4808 1340 4888 Apostolica
1359 4806 1483 4884 scripta
1499 4803 1704 4877 mandamus,
1726 4803 1890 4880 quatenus
1905 4802 1947 4863 ad

293 4919 492 4984 ‘tulabanta
520 4917 641 4988 nobis,
670 4917 706 4990 nt
729 4930 803 4976 cum
825 4911 1098 4989 metropolitanus
1151 4905 1301 4984 ejusdem
1340 4901 1535 4974 monasterii
1572 4900 1840 4962 reformationem
1875 4899 1949 4960 uice

304 5035 385 5080 suus
400 5016 462 5081 sibi
478 5031 598 5076 munus
626 5011 887 5074 consecrationis
908 5008 1098 5086 impendere
1152 5006 1266 5078 nostra
1288 5001 1502 5072 descendens,
1519 4998 1565 5060 ibi
1580 5001 1684 5060 baum
1712 4995 1864 5062 babendo
1879 5011 1949 5074 prae

304 5091 372 5178 non
387 5111 524 5184 curarit,
545 5109 629 5172 illud
655 5109 686 5170 ei
710 5109 751 5171 de
773 5106 978 5184 benignitate
1003 5105 1099 5166 Sedis
1154 5102 1269 5172 oculis,
1285 5099 1414 5162 sublato
1426 5096 1659 5176 appellationis
1673 5094 1949 5166 obstaculocor-

304 5211 503 5292 apostolicae
525 5206 715 5286 impendere
752 5205 975 5280 dignaremur.
1007 5202 1100 5264 Licet
1152 5200 1247 5276 rigas
1273 5200 1306 5259 at
1334 5191 1516 5266 reformas,
1545 5209 1618 5271 quae
1656 5191 1875 5256 correctionis
1915 5191 1948 5252 et

304 5313 416 5386 antem
443 5305 605 5370 nominati
624 5304 753 5382 judices
776 5302 882 5378 ipsius
902 5299 1025 5378 negotii
1040 5315 1098 5362 se·
1154 5292 1517 5358 reformationisofflcio
1526 5291 1649 5362 videris
1658 5289 1819 5366 indigere.
1831 5288 1950 5350 Datum

305 5413 400 5480 riam,
423 5407 509 5469 sicut
537 5402 690 5480 superius
727 5401 778 5462 est
801 5412 1007 5475 expressum,
1042 5412 1101 5474 per
1156 5395 1269 5466 Reate,
1294 5393 1369 5454 XVI
1391 5389 1554 5455 kalendas
1576 5387 1721 5465 angusti,
1738 5385 1952 5464 pontificatus

306 5524 383 5571 suas
407 5505 502 5568 nobis
529 5501 657 5564 litteras
685 5497 881 5572 iutimarint,
909 5511 969 5557 uos
990 5497 1101 5556 eman
1156 5491 1261 5554 nostri
1276 5489 1487 5554 annotertio.

1257 2920 1310 2979 Ad
1323 2921 1617 2992 orcbteptscopum
1623 2919 1839 2979 [tamensem.
