4280 6404
293 291 352 352 eol
914 293 1089 354 HONORlI
1112 295 1156 354 111
1178 292 1325 357 OPERA.
1885 297 1945 360 368

295 450 423 512 ablatas
453 451 616 521 rotinere,
645 452 815 521 minuere,
840 465 898 511 seu
923 451 1089 528 aliquibus
1144 453 1230 530 apud
1248 451 1364 516 sedem
1379 453 1602 530 Apostolicam
1623 453 1824 528 constitutis,
1838 455 1946 534 inqui·

292 547 579 610 molestationibus
593 547 745 623 fatigare,
763 547 820 608 sed
833 548 945 610 omnia
960 549 1090 626 integre
1143 561 1222 610 rens
1237 563 1337 626 super
1346 550 1409 611 hoc
1420 549 1613 626 diligentius
1624 551 1811 622 veritatem,
1826 567 1870 613 ex
1881 555 1944 614 tes-

293 645 469 706 serventnr
480 659 606 716 eorum,
619 661 679 722 pro
694 653 833 721 quorum
849 645 1089 721 gubernatione
1143 646 1381 708 titicationibus
1395 663 1511 709 eorum
1525 649 1719 720 instructus,
1729 648 1819 725 quod
1832 649 1946 711 cathe-

294 758 334 803 ao
347 741 586 804 sustentatione
600 757 758 804 concessa
778 743 864 813 sunt,
888 741 1003 803 usibus
1017 751 1091 804 om·
1144 743 1247 804 dralis
1258 742 1940 821 essetsioutabantiquomissooonstanst,

293 839 437 901 nimodis
452 838 635 916 protutura,
659 839 752 900 salva
777 839 872 900 Sedis
891 841 1089 916 Apostolicaa
1145 841 1387 902 sententialiter
1425 841 1596 914 definivit,
1633 841 1759 904 iaciens
1792 843 1942 904 eumdem

294 935 501 1000 auctoritate.
519 937 555 997 Si
578 935 756 1014 quaigitur
770 937 805 997 in
820 937 967 998 futurum
981 938 1090 999 ecole-
1144 935 1285 998 electum
1299 939 1335 998 in
1359 937 1474 1000 urbes
1490 938 1676 1001 venerabili
1698 939 1800 1000 tratre
1829 941 1941 1001 nostro

294 1035 429 1096 siastica
454 1034 668 1096 saecularisve
690 1047 832 1110 persona
854 1035 942 1096 hanc
968 1037 1089 1096 nostrae
1144 1035 1182 1094 l).
1199 1035 1397 1096 cassellensi
1420 1036 1672 1113 archiepiscopo
1686 1037 1942 1113 metropolitano

294 1131 539 1194 constitutionis
561 1131 717 1208 paginam
737 1133 859 1204 sciens,
879 1133 995 1194 contra
1017 1147 1089 1193 eam
1144 1134 1254 1193 restro
1280 1133 1315 1192 in
1330 1133 1522 1208 episcopum
1537 1135 1741 1206 consecrari,
1759 1133 1845 1211 quod
1867 1135 1944 1211 qui·-

170 1302 172 1312 .
293 1231 418 1290 temere
431 1229 545 1290 venire
568 1229 758 1300 tentaverit,
782 1229 926 1291 secundo
950 1230 1090 1291 tertiove
1144 1229 1219 1290 dam
1236 1229 1336 1290 etiam
1354 1229 1699 1292 detratrillusnostris
1723 1247 1759 1292 se
1775 1233 1943 1292 testantur

293 1325 505 1398 commonita,
519 1326 586 1386 nisi
608 1327 736 1388 reatum
758 1342 853 1387 suum
869 1341 1016 1402 congrua
1035 1341 1092 1386 sa·
1144 1327 1337 1388 memoriter
1360 1327 1517 1389 retinere.
1544 1330 1653 1400 Qtrsrs
1681 1343 1743 1389 nos
1770 1327 1943 1390 humiliter

293 1423 871 1500 tistaetionecorrexeritpotestatis
887 1421 1091 1501 honorisque
1145 1423 1368 1502 supplicastis,
1391 1427 1428 1487 ut
1447 1424 1549 1488 latam
1569 1439 1669 1503 super
1680 1425 1743 1486 hoc
1758 1425 1800 1486 ab
1826 1423 1941 1486 eodem

294 1521 346 1580 sui
359 1519 521 1596 dignitate
532 1520 656 1592 careat,
674 1522 707 1582 et
729 1535 749 1581 a
772 1521 997 1582 sacratissimo
1010 1537 1089 1582 cor·
1146 1521 1390 1598 praedecessore
1401 1523 1517 1584 nostro
1532 1523 1730 1584 sententiam
1745 1517 1852 1584 ratam
1879 1522 1943 1584 ha·

293 1633 375 1696 pore
401 1619 434 1680 et
457 1618 621 1693 sanguine
639 1619 719 1680 Jesu
741 1617 865 1679 Ghristi
887 1618 997 1678 aliena
1019 1617 1087 1688 dat,
1144 1617 1270 1689 bentes,
1299 1619 1490 1695 Apostolioo
1514 1615 1730 1694 dignaremur
1757 1619 1944 1680 munimine

292 1717 392 1793 atque
406 1715 441 1776 in
453 1715 602 1778 exuemo
622 1715 777 1776 examine
795 1715 955 1777 districtae
970 1715 1089 1777 ultioni
1144 1715 1314 1778 roborare,
1337 1716 1466 1778 Vestris
1481 1715 1585 1792 igitur
1602 1717 1701 1793 justis
1714 1715 1868 1792 precibus
1883 1716 1940 1776 in-

293 1813 610 1890 subjaceatilunctis
622 1815 731 1874 autem
741 1811 851 1874 eidem
861 1811 935 1873 loco
945 1827 1006 1873 sua
1012 1815 1090 1889 jura
1145 1813 1271 1884 clinati,
1299 1813 1497 1874 sententiam
1514 1814 1622 1890 ipsam
1647 1815 1755 1874 ratam
1769 1811 1941 1884 habentos,

294 1909 524 1981 serventibus,
552 1907 596 1972 sit
621 1925 689 1986 pax
721 1909 852 1971 Domini
880 1909 987 1971 nostri
1010 1913 1090 1971 Jesu
1146 1909 1540 1986 auctoritatenpostonca
1554 1910 1799 1980 confirmamus,
1814 1909 1944 1985 etproe-

295 2005 420 2068 Christi
432 2008 596 2083 quatenus
611 2007 644 2068 et
657 2006 712 2067 hic
724 2004 866 2067 fructum
879 2005 974 2067 honae
985 2005 1092 2066 ectio—
1144 2008 1249 2069 sentis
1258 2007 1373 2086 scripti
1387 2008 1574 2084 patrocinio
1585 2008 1837 2069 communimus.
1850 2006 1942 2067 Nulli

294 2105 347 2165 nis
365 2103 561 2181 percipiant,
582 2103 616 2164 et
638 2102 725 2180 apud
741 2102 927 2164 districtum
944 2102 1090 2180 jndicem
1145 2119 1236 2181 ergo,
1253 2110 1328 2178 etc„
1345 2104 1940 2180 nostraecondrmationisintringere.

295 2202 432 2278 praemia
447 2203 581 2262 aetemae
596 2200 688 2275 pacis
702 2199 886 2260 inveniant.
902 2201 1051 2260 Amen.»
1147 2202 1183 2262 si
1197 2202 1271 2280 quis
1284 2203 1405 2274 autern,
1429 2203 1491 2264 etc.
1511 2201 1628 2264 Datum
1647 2199 1787 2264 Viterhii
1809 2205 1838 2263 V
1866 2201 1942 2261 idus

335 2313 354 2358 s
369 2299 486 2360 Datum
496 2295 627 2358 Perusii
636 2296 723 2373 apud
731 2297 969 2357 monasterium
979 2297 1090 2358 Sancti
1146 2298 1340 2370 decembris,
1356 2298 1566 2377 pontltlcatus
1587 2299 1693 2362 nostri
1703 2311 1791 2360 anno
1806 2301 1940 2376 quarto.

295 2397 397 2468 Petri,
414 2396 508 2456 sexto
523 2393 684 2455 kalendas
697 2395 839 2469 augusti,
857 2409 945 2455 anno
959 2394 1091 2455 Domini

296 2491 658 2563 recommendatione
671 2491 1088 2567 separmponunsatusn.
1449 2450 1616 2579 ,LXVII

296 2591 435 2654 Honorii
446 2601 540 2667 papae
556 2591 601 2650 ΙΙΙ
614 2589 780 2666 quarto.»
1235 2567 1288 2626 Ad
1305 2567 1346 2624 Β·
1361 2566 1546 2628 mmmm
1560 2569 1846 2626 mmmmm·

334 2687 426 2750 Nulli
441 2703 521 2763 ergo
536 2688 671 2748 omnino
689 2685 859 2746 hominum
882 2685 980 2746 liceat
1004 2685 1091 2746 hanc
1319 2747 1324 2758 ,
1440 2658 1549 2757 ¹,⁰d⁰⁰·
1567 2659 1645 2717 ¹²¹⁹·
1871 2745 1876 2755 ,

216 2829 222 2846 s
294 2789 452 2864 paginam
476 2787 600 2846 nostrae
615 2782 877 2844 confirmationis
894 2782 1088 2858 intringere,
1178 2746 1402 2812 sfl⁰⁸⁰⁵¹'''¹¹b'¹v'
1414 2753 1488 2812 ‘pm'
1500 2747 1556 2796 ⁶³⁶·
1569 2748 1626 2796 Μεθ’
1638 2747 1674 2798 ¹⁴⁸
1686 2745 1805 2796 ¹⁵⁰md⁰
1817 2745 1910 2810 Μ’]

382 2883 389 2896 .
651 2881 658 2892 .
817 2878 823 2892 .
917 2880 923 2892 .
987 2879 994 2892 .
1199 2827 1407 2884 iustitutionem
1431 2825 1520 2900 ipsius
1541 2824 1708 2883 auctoritate
1723 2824 1886 2900 Apostolica

238 2912 241 2918 2
293 2885 347 2945 vel
360 2897 391 2944 er
407 2895 492 2943 ausu
504 2883 683 2942 temerario
698 2879 875 2941 contraire.
891 2881 926 2939 Sr
942 2895 1016 2955 quis
1029 2893 1091 2939 au·
1461 2905 1620 2962 confirmet.

292 2985 360 3045 sem
382 2979 446 3040 1100
469 2977 633 3040 attentare
656 2977 913 3052 presumpserit,
936 2975 1092 3052 nugna-
1186 2992 1364 3066 sonorius,
1391 2995 1465 3067 sto,
1493 2993 1614 3056 silero
1638 2991 1707 3056 nno
1728 2995 1764 3055 e.
1791 2993 1941 3054 sacriste

288 3078 418 3140 'tionem
432 3071 666 3162 omnipotentis
680 3072 750 3144 Dei,
767 3073 800 3133 et
813 3071 984 3133 beatorum
1000 3072 1091 3133 Petri
1146 3095 1359 3166 pomum¹
1373 3093 1525 3164 salutem,
1540 3093 1603 3154 ete·

295 3177 329 3236 et
341 3171 447 3243 Pauli,
463 3184 499 3232 se
514 3171 646 3232 noverit
656 3171 881 3230 incursurum.
898 3171 1016 3232 Datum
1031 3169 1092 3229 Vi·
1185 3189 1664 3268 Jusfigpetentiumdesideffis,
1673 3188 1734 3250 etc·
1745 3186 1938 3264 &promen

294 3270 406 3342 terhii,
418 3269 536 3346 ‘lutum
549 3267 624 3328 idus
645 3265 805 3338 d⁰⁰0¹¹¹b·’
823 3267 970 3342 immimi-
986 3267 1090 3329 ¹²⁰⁸tsi
1146 3290 1220 3358 etc,
1232 3303 1339 3366 usquev
1351 3287 1579 3364 impartientes
1595 3293 1781 3356 assensum,
1804 3283 1942 3345 institu⁶

296 3382 387 3430 ΜΟ
402 3369 457 3432 Ν·
1145 3387 1269 3446 tionem
1288 3401 1308 3446 a
1331 3380 1452 3446 dilecto
1468 3380 1537 3445 lilio
1552 3385 1665 3444 nostro
1678 3383 1714 3442 B.
1731 3379 1819 3443 tituli
1834 3383 1941 3441 Sano-

632 3452 755 3538 LXVI
1146 3486 1256 3557 torum
1270 3481 1432 3545 iohannis
1451 3483 1484 3543 et
1499 3477 1595 3541 Pauli
1610 3477 1802 3556 presbytero
1824 3475 1939 3538 cardi·

294 3583 345 3642 Ad
358 3582 553 3655 &limitum
570 3578 826 3636 mmmmm
844 3573 878 3635 θῖ
892 3574 1089 3648 wormium.
1146 3581 1226 3652 nali,
1241 3579 1438 3656 spostolicae
1453 3576 1548 3639 Sedis
1561 3577 1681 3652 legato,
1702 3575 1738 3637 in
1753 3573 1940 3637 sacristiam

561 3690 578 3746 9
599 3685 727 3745 decemb.
746 3687 824 3746 liltl,
1146 3675 1555 3740 Nemausenecclesieede
1567 3673 1728 3736 tefactam
1742 3671 1939 3733 auctoritate

416 3787 544 3853 [meinos
556 3784 667 3837 nonum.
683 3781 967 3845 sussuranensis]
1148 3773 1336 3850 Apostollca
1344 3769 1744 3843 roborantes,saoristiam
1752 3766 1856 3846 ipsam
1865 3781 1940 3829 oum

293 3877 482 3938 confirmatur
496 3873 636 3932 sententia
647 3873 682 3930 ab
693 3873 860 3930 innocentio
876 3873 915 3929 lll
923 3873 953 3930 in
964 3869 1091 3930 levorem
1148 3868 1357 3947 pertinentiis
1380 3869 1461 3938 suls,
1484 3867 1569 3928 sicut
1585 3881 1660 3926 sam
1678 3867 1769 3941 juste
1790 3865 1939 3940 possides

484 3951 900 4044 00⁶¹0⁸¹oe¹l⁸¹1¹0ress⁸i⁸¹³ie
1146 3967 1308 4042 equote,
1329 3965 1390 4027 nm
1403 3961 1798 4039 aucmentolpostonea
1814 3959 1939 4022 conara

333 4056 501 4118 Honorius
525 4053 710 4128 episcopus,
737 4049 922 4112 venerabili
940 4049 1035 4110 matri
1051 4051 1090 4111 R.
1146 4077 1274 4124 mamus
1287 4061 1506 4140 etppaegen'ns
1519 4059 1634 4137 scripti
1651 4058 1837 4137 patrocinio
1849 4070 1942 4120 com-

291 4155 451 4231 ·episcopo
464 4147 737 4220 etdilectisliliis,
752 4147 1093 4224 capituloulsmoren·
1146 4162 1325 4222 munimus,
1352 4158 1444 4219 Nulli
1466 4169 1557 4234 ergo,
1574 4159 1649 4229 etc„
1674 4155 1762 4216 nanc
1784 4152 1940 4232 paginam

294 4251 397 4323 sibus,
412 4248 563 4311 salutem·
1146 4259 1270 4320 nostrae
1291 4253 1553 4318 confirmationis
1575 4247 1798 4327 infringere...
1815 4251 1850 4312 Si
1866 4251 1941 4328 quis

334 4349 381 4410 na
405 4361 478 4424 que
504 4345 631 4422 iudicio
659 4345 738 4404 suns
762 4341 858 4402 seon
894 4340 1091 4418 apostolice
1147 4357 1267 4427 autem,
1281 4345 1938 4420 etc.renominarunrvmusueoems„

293 4445 483 4514 terminata,
495 4441 648 4502 obtinere
660 4439 783 4500 debent
803 4435 906 4500 robur
924 4437 1092 4515 perpetua
1147 4469 1235 4515 anno
1250 4452 1380 4529 qum-po,

294 4541 474 4612 firmitatis,
503 4539 607 4610 nesi,
635 4535 722 4614 quod
745 4535 845 4608 absit,
869 4549 910 4597 ea
933 4535 1092 4596 recidivis
1462 4537 1627 4623 LXVIII

295 4636 533 4718 questionibus
545 4635 754 4710 contingeret
767 4632 968 4710 impugnari,
995 4630 1093 4691 dubi·
1147 4667 1198 4726 Ad
1211 4663 1349 4724 abbates
1360 4664 1509 4723 maro
1521 4663 1672 4722 Mamm
1685 4657 1896 4729 agnomen„
1906 4653 1941 4718 εἰ

293 4737 360 4799 tari
376 4735 416 4796 de
429 4734 557 4812 judicio
582 4732 762 4794 rideretur.
792 4733 882 4792 Sane
903 4743 978 4790 cum
1011 4728 1091 4790 olim
1186 4753 1221 4813 3,
1231 4749 1415 4825 pamm
1431 4747 1938 4816 proemoirptrptpngpsoreinta

294 4837 443 4911 tempore
459 4831 599 4893 concilii
620 4829 786 4906 generalis
805 4827 893 4890 inter
911 4825 1006 4887 bonae
1021 4839 1093 4885 me-
1114 4857 1115 4860 =
1186 4840 1256 4901 et...
1279 4835 1506 4912 Impositum
1532 4837 1719 4910 wadum,
1730 4835 1942 4899 pop-mm

295 4931 460 4993 moriae'l'.
480 4929 725 4990 Lismorensem
740 4926 880 4987 electum
903 4923 937 4984 et
949 4935 1092 4983 venera·
1186 4927 1353 4989 dioecesis.

294 5029 395 5092 bilem
411 5027 545 5089 tratrem
562 5027 710 5087 nostrum
725 5025 764 5085 R.
785 5019 1091 5082 Watsriordensem
1311 5090 1316 5101 .
1407 4998 1584 5099 ll'deoemb.
1602 5002 1680 5060 ¹²1⁰·
1872 5088 1878 5099 .

295 5127 497 5205 episcopum,
515 5136 627 5184 coram
642 5117 751 5182 felicis
766 5117 935 5181 memoriae
950 5117 975 5178 l.
992 5129 1089 5192 pape,
1171 5090 1344 5192 [emmim
1355 5090 1399 5192 ¹1¹·
1416 5087 1760 5190 praesensissem
1770 5089 1804 5140 ‘¹¹¹
1818 5087 1913 5188 Μ’]

296 5223 540 5302 praedecessore
563 5220 688 5289 nostro,
705 5217 843 5295 quaestio
859 5215 947 5274 mota
974 5211 1092 5276 inisset
1146 5181 1317 5241 ¹³⁰d⁸¹⁰¹⁸
1331 5186 1361 5236 ¹¹¹
1376 5193 1405 5238 ¹¹¹
1430 5192 1515 5236 ΜΝ
1536 5185 1609 5234 “W
1631 5191 1798 5250 ³⁹¹⁸⁰⁰¹³¹¹¹¹¹
1821 5175 1938 5269 imbre

1181 5275 1299 5318 nenseur
1316 5266 1344 5316 et
1359 5255 1489 5315 abitatem
1519 5264 1548 5314 et
1573 5265 1745 5314 conventum
1769 5257 1796 5314 S.
1814 5253 1939 5313 llichsnr

296 5335 456 5399 supereo,
469 5319 553 5396 quod
565 5317 653 5378 idem
663 5301 944 5374 waterfordensis
962 5309 1092 5371 dicebat
1180 5355 1266 5411 super
1291 5336 1489 5411 jurisdictione
1509 5335 1642 5407 quedam,
1659 5335 1824 5408 episcopum
1847 5335 1939 5406 ipsum

295 5435 362 5482 non
375 5433 449 5480 esse
464 5415 707 5477 Lismorensem
723 5409 899 5470 ecelesiam
915 5406 1092 5468 cathedra·
1181 5419 1420 5491 aueppanapfflm
1440 5413 1646 5472 restitutionem
1668 5419 1784 5485 sogam,
1805 5419 1942 5484 espanes

295 5520 372 5590 lem,
388 5515 521 5578 tandem
541 5509 719 5588 predictus
739 5506 965 5584 praedeeessor
979 5506 1092 5567 noster
1181 5497 1295 5556 aliunde
1312 5497 1348 5555 sd
1363 5495 1467 5556 Sedent
1479 5493 1671 5566 dormiisse
1684 5493 1840 5551 neminum.

296 5612 452 5676 aricinis
472 5605 733 5683 archiepiscopis
754 5605 788 5666 et
810 5602 985 5680 episcopis,
1012 5604 1091 5664 tuno
1187 5597 1363 5666 Honorius,
1386 5595 1462 5666 etc,
1486 5591 1615 5652 dilectis
1636 5589 1752 5651 tiliis...
1778 5589 1820 5653 de
1843 5589 1940 5652 Claro
