4300 6392
314 213 372 274 407
928 209 1103 270 333333
1126 210 1171 288 m
1192 213 1340 274 ornus.
1900 218 1959 278 cos

313 374 365 435 ter
384 369 470 450 quod
490 369 602 447 gravis
621 368 751 448 quidem
770 367 804 428 in
820 366 913 428 vobis
932 382 1103 439 excessus,
1149 367 1194 428 in
1215 368 1419 441 scandalum,
1435 385 1532 446 poena
1548 371 1592 434 sit
1615 371 1648 434 in
1662 373 1867 449 exemplum,
1881 373 1953 435 sor-

312 469 371 532 sed
386 468 522 545 gravius
537 467 587 530 est
601 465 882 543 exemplummam
892 461 971 543 [non
982 463 1102 545 solum]
1159 464 1286 527 midare
1298 465 1448 543 potestis,
1462 483 1506 528 ne
1523 483 1586 528 ros
1593 469 1777 546 episcopali
1790 469 1957 547 dignitate

312 566 460 642 gladium
487 566 523 626 in
549 568 732 626 Romanam
759 562 942 624 Ecclesiam
963 564 1103 624 matrem
1161 563 1341 638 privemus,
1357 563 1510 625 dolentes
1533 565 1563 624 si
1578 567 1705 642 partem
1719 568 1787 628 tam
1805 567 1953 630 honora-

312 665 458 724 vestram
482 661 612 732 acuitis,
626 659 683 720 sed
703 657 840 720 inficitis
855 660 1005 727 caeteros,
1018 659 1104 720 uteo
1158 658 1294 721 bilema
1315 662 1426 723 vestro
1445 677 1606 738 cogamur
1618 677 1757 740 corpore
1782 679 1950 742 separare.

313 761 420 836 magis
446 759 478 821 ei
512 772 633 819 nocere
664 756 878 832 praesumant,
902 772 971 833 quo,
995 755 1104 817 miuus
1160 757 1283 817 Scituri
1298 773 1358 819 nos
1372 757 1413 818 ad
1429 774 1576 836 praesens
1590 759 1711 820 ricinis
1723 761 1889 838 episcopis
1903 763 1951 823 ln-

313 873 412 934 quam
444 872 503 917 vos
536 855 643 916 eidem
678 854 891 916 considerant
923 869 963 916 se
984 853 1102 915 tenent.
1138 853 1320 929 iunxisse,
1337 855 1373 916 ut
1386 853 1535 917 districte
1548 857 1617 918 suis
1632 856 1760 920 civibus
1775 857 1808 920 et
1828 857 1951 920 dioece-

312 1049 460 1126 ejusdem
488 1051 608 1111 Massae
632 1047 822 1125 lugentibus
849 1047 1041 1124 impugnari
1069 1063 1105 1108 se
1158 1047 1950 1122 beantesvobisdoneoadmandatnmnostrum

311 1146 636 1222 graviteracivitate
651 1145 773 1216 vestra,
791 1144 860 1206 tilla
877 1144 973 1208 Sedis
993 1148 1104 1222 Apos—
1158 1144 1337 1218 redieritis,
1351 1145 1605 1216 incommemiIs
1617 1148 1874 1221 communicare,
1892 1153 1950 1212 aut

311 1243 422 1306 tolicae
450 1243 567 1306 matris
592 1259 677 1316 suae,
705 1241 795 1304 clrca
823 1257 886 1304 vos
908 1244 980 1304 arte
1007 1241 1104 1318 periti
1159 1243 1194 1304 in
1208 1243 1342 1304 civitate
1356 1244 1467 1305 restra
1480 1245 1751 1320 potestariae,seu
1768 1245 1952 1322 quodcum-

312 1339 433 1401 medici
457 1340 509 1400 usi
525 1355 738 1412 sumus,cum
758 1338 905 1416 perfidiae
930 1339 1049 1399 vulnus
1069 1339 1105 1400 in
1159 1355 1225 1418 que
1257 1340 1347 1400 aliud
1378 1340 1523 1402 osticium
1552 1356 1710 1403 exercere
1735 1347 1950 1420 praesumant,

312 1437 408 1498 nobis
424 1435 571 1498 nondum
585 1436 747 1498 incisione
761 1451 878 1498 curare
889 1436 1103 1508 voluerimus,
1160 1453 1237 1498 curn
1248 1453 1308 1513 pro
1323 1452 1362 1500 eo
1377 1438 1489 1512 ettam,
1506 1438 1592 1516 quod
1605 1440 1745 1515 perjurii
1759 1440 1794 1502 et
1804 1439 1952 1502 inlideli-

313 1534 371 1596 sed
389 1533 554 1606 fomentis,
567 1533 685 1610 quibus
700 1549 759 1595 vos
774 1533 815 1594 ad
830 1533 971 1595 salutem
984 1548 1104 1610 spera·
1160 1535 1238 1598 tatis
1261 1534 1498 1612 improperium
1518 1535 1719 1608 incurristis,
1733 1537 1785 1598 eis
1797 1536 1954 1612 expediat

312 1631 422 1692 vimus
438 1631 609 1692 revocari:
631 1631 688 1691 sed
703 1630 802 1708 plaga
811 1633 881 1706 jam
898 1646 958 1690 sua
974 1629 1105 1703 magni·
1159 1631 1276 1694 vitare.
1295 1633 1415 1695 Datum
1437 1632 1524 1710 apud
1550 1632 1671 1698 Urbem
1694 1635 1860 1706 Veterem,
1877 1637 1951 1696 VIII

312 1727 427 1789 tudine
440 1727 627 1804 desperata,
639 1726 764 1788 terrum
786 1726 988 1805 provi-dimus
1005 1725 1103 1788 adlli-
1159 1729 1334 1806 idusjulii,
1351 1729 1564 1806 pontificatus
1577 1731 1780 1798 nosbianno
1794 1732 1931 1812 quarto„

313 1824 467 1896 bendum,
483 1825 561 1904 quia
575 1824 717 1886 secanda
746 1827 824 1891 sunt
849 1825 1000 1899 vulnera,
1032 1839 1107 1901 quae

313 1921 532 1984 fomentorum
549 1938 614 1982 non
627 1923 775 1983 sentiunt
786 1919 994 1982 medicinam.
1013 1921 1106 1982 Dolo·
1394 1991 1398 1998 .
1471 1925 1646 2012 CLXXII

313 2035 387 2080 mus
413 2035 491 2094 ergo
519 2018 606 2095 quod
629 2017 835 2080 adeamnos
860 2018 1105 2095 peccativestri
1135 2061 1138 2068 .
1177 2073 1183 2078 .
1276 2059 1602 2121 &conventum-(40
1617 2060 1823 2121 mmm

314 2115 694 2192 duritianecessitatom
717 2115 887 2188 inducitis
904 2115 939 2178 ut
961 2114 1105 2176 sobisin
1138 2171 1141 2185 ,,
1497 2178 1502 2190 ,
1536 2179 1552 2192 ..
1826 2104 1837 2119 ‘

309 2215 387 2290 jure
402 2203 520 2275 nostru
529 2211 669 2290 reproba
680 2213 866 2274 temeritate
879 2211 1104 2274 crassantIhus
1462 2178 1564 2253 Qum·
1582 2179 1660 2241 ¹²²⁰·

314 2325 452 2387 parcere
470 2325 535 2371 non
551 2310 727 2388 possimus,
745 2326 804 2388 pro
817 2325 856 2372 eo
872 2310 958 2387 quod
973 2325 1040 2370 non
1056 2311 1106 2371 est
1371 2293 1492 2356 [uenum.
1511 2293 1589 2352 Bm·
1609 2295 1674 2353 V¹¹¹·
1689 2294 1742 2360 ¹⁰4

314 2407 432 2480 virtus,
462 2407 521 2469 sed
544 2407 661 2470 vitium
689 2406 919 2484 peccatoribus
932 2407 1104 2482 ignoscere
1161 2402 1255 2472 Illum
1271 2400 1300 2458 5¹¹
1319 2399 1525 2472 lf⁰tssssti0⁰³ffl
1539 2401 1759 2474 tuafflrfflsetlrit
1773 2408 1802 2458 et
1816 2403 1964 2466 aedesius,

315 2503 509 2566 obstinatis.
537 2505 643 2566 Porro
671 2519 746 2566 cum
780 2503 927 2564 Ecclesia
956 2505 1104 2564 Romana
1385 2487 1554 2546 diversasei
1571 2487 1731 2549 imfirmit-

314 2602 458 2662 vestram
475 2601 650 2663 ecclesiam
676 2616 744 2678 prae
771 2601 902 2662 caeteris
927 2599 1105 2677 specialius
1200 2596 1379 2667 Honorius,
1395 2599 1472 2674 etc,
1492 2596 1622 2659 dilectis
1636 2597 1909 2675 tiliispraeposito
1922 2599 1961 2662 et.

314 2698 485 2774 adoptavit
499 2697 649 2769 insuam,
664 2697 776 2758 multis
791 2713 863 2758 eam
880 2696 975 2758 bonis
993 2697 1109 2774 reple·
1160 2693 1338 2774 couventui
1355 2692 1395 2758 de
1412 2693 1628 2765 Raitenbucb,
1646 2693 1787 2772 saluum
1807 2695 1839 2756 et
1855 2710 1966 2770 apos·

314 2794 400 2856 verit
414 2798 446 2855 et
461 2794 596 2866 dotavit,
614 2809 738 2872 vosque
757 2794 896 2870 pingues
923 2795 955 2854 et
981 2794 1112 2854 incras·
1140 2790 1581 2854 tulicambenedictionem.

314 2891 379 2954 sati
405 2906 445 2952 ac
466 2891 727 2962 recalcitrantes,
744 2889 868 2962 dilecti,
884 2891 1011 2952 tantam
1030 2906 1104 2951 ma·
1201 2891 1349 2960 Quuma
1368 2887 1602 2966 nonrspatuur
1622 2887 1708 2966 quod
1722 2890 1848 2964 justum
1858 2889 1910 2950 est
1923 2890 1957 2949 et

314 2987 375 3049 tris
390 2987 607 3064 asperrimini
628 2987 781 3064 gratiam,
802 2987 838 3048 ut
864 2988 1022 3063 tanquam
1046 2987 1105 3047 tilii
1148 2985 1349 3058 ¹honestum,
1369 2985 1434 3049 tam
1452 2984 1548 3060 vigor
1570 2985 1737 3063 aeqrtitatis
1758 3001 1858 3061 quam
1872 2985 1963 3048 ordo

314 3099 335 3143 a
356 3081 451 3143 nobis
479 3081 581 3143 alloni
604 3097 623 3142 a
651 3083 774 3143 nostris
800 3078 964 3141 duxeritis
979 3079 1106 3141 semitis
1160 3081 1434 3156 exigitrauonis,
1452 3083 1487 3144 ut
1501 3097 1561 3157 per
1580 3081 1837 3154 sollicitudiuem
1850 3082 1950 3146 officii

313 3179 566 3254 declinandum
600 3179 764 3256 quomodo
803 3177 988 3238 remanebit
1028 3193 1106 3254 gra-
1137 3179 1276 3250 nostri,
1290 3177 1324 3240 id
1339 3179 1380 3240 ad
1401 3176 1546 3241 debitum
1561 3179 1761 3258 perducatur
1784 3179 1948 3244 effectum.

313 3277 360 3338 tia
382 3292 456 3339 cum
477 3277 631 3352 ingratis,
648 3275 728 3354 quin
743 3275 853 3353 potius
881 3291 955 3335 cum
974 3274 1106 3352 prodigi
1161 3276 1356 3354 eapropter,
1369 3275 1481 3338 dilecti
1510 3275 1545 3340 iu
1574 3275 1714 3344 Domino
1737 3276 1808 3348 tilii,
1830 3277 1950 3338 vestris

314 3373 386 3435 sitIs
407 3373 554 3445 helnonis,
572 3389 632 3450 pro
654 3389 693 3432 eo
716 3371 881 3449 quodiam
897 3371 1106 3448 impudenter
1155 3372 1255 3449 justis
1286 3371 1564 3448 postulationibus
1595 3374 1693 3448 struto
1715 3375 1952 3436 concurrentes

314 3469 504 3533 fidelitatem
515 3471 548 3532 et
556 3469 821 3548 jusjuranduma
835 3470 928 3545 tergo
942 3469 1107 3546 relinqui·
1159 3453 1310 3541 assensu,
1326 3484 1487 3546 personas
1501 3470 1648 3539 vestras,
1662 3471 1695 3530 et
1716 3469 1875 3538 locumin
1888 3486 1952 3548 quo

313 3568 375 3628 tist
391 3583 494 3645 quare
505 3583 571 3629 non
585 3566 791 3628 auferremus
807 3581 827 3626 3
841 3565 949 3637 vobis,
959 3565 1024 3628 nisi
1040 3565 1104 3627 cito
1160 3565 1272 3630 divino
1294 3565 1376 3627 estis
1397 3565 1555 3644 obsequio
1582 3565 1762 3644 inancipati
1788 3583 1863 3630 cum
1883 3583 1963 3630 om*

313 3664 355 3725 ad
375 3679 433 3726 cor
451 3663 677 3736 revertamini,
698 3663 982 3741 prevaricatores,
999 3662 1106 3724 hono·
1160 3661 1257 3725 nibus
1278 3661 1374 3725 bonis
1397 3678 1469 3741 puae
1483 3662 1966 3740 inpraesentiarumratiouas

312 3776 395 3832 rem,
410 3761 631 3840 episcopalem
641 3761 795 3822 videlicet
809 3759 1014 3836 dignitatem,
1030 3776 1105 3821 cum
1159 3759 1270 3822 billior
1306 3759 1481 3834 possidetis
1518 3761 1576 3821 aut
1607 3759 1650 3822 in¹
1677 3758 1828 3824 futurum
1851 3761 1953 3838 justis

313 3860 354 3921 ad
369 3860 548 3921 vindictam
559 3858 749 3936 hujusmodi
762 3858 898 3920 sceleris
914 3861 948 3920 et
959 3859 1104 3936 exempli
1160 3856 1266 3922 modis
1281 3858 1461 3932 praestaute
1476 3857 1614 3927 Domino
1629 3858 1780 3936 poteritis
1800 3857 1961 3935 adipIsci,

312 3957 371 4020 vix
386 3973 483 4035 poena
499 3956 644 4020 sufficiat
656 3955 879 4034 ignominiosa
898 3955 1104 4032 quantumli-
1160 3951 1221 4016 sub
1235 3953 1323 4016 beati
1345 3953 1436 4018 Petri
1455 3954 1614 4022 etmstra
1631 3954 1835 4034 protectione
1847 3955 1957 4026 susci-

313 4055 369 4118 bet
389 4057 422 4118 et
443 4054 620 4116 damnosat
635 4057 757 4118 Verum
777 4053 886 4114 adbuc
912 4053 1105 4130 exspectare
1160 4049 1277 4126 pimus.
1295 4049 1491 4128 Spectaliter
1504 4052 1614 4115 autem
1628 4053 1788 4116 ecclesias
1806 4052 1841 4114 in
1853 4051 1954 4114 Grot-

312 4169 353 4214 ac
378 4169 438 4214 vos
467 4151 667 4228 praemunire
693 4151 855 4222 volentes,
871 4151 901 4210 si
927 4148 1039 4210 forsan
1063 4165 1106 4211 ex
1160 4149 1295 4224 flingen,
1321 4149 1356 4209 iu
1374 4146 1517 4216 Urbacb,
1539 4149 1574 4213 in
1589 4149 1765 4213 Mulbuseu
1781 4150 1862 4212 etin
1882 4151 1964 4212 Uo·-

312 4249 424 4326 aliqua
440 4249 628 4312 devotionis
645 4248 697 4310 rel
721 4247 931 4316 discretionis
946 4246 1103 4318 scintilla,
1161 4245 1355 4317 trezbusen,
1368 4246 1402 4311 et
1415 4245 1529 4309 sancti
1541 4246 1715 4310 Laurentii
1729 4247 1763 4310 in
1780 4247 1958 4331 Schongnn,

313 4347 425 4410 datum
450 4345 493 4406 sit
508 4345 602 4407 robis
622 4344 770 4420 effugere
783 4361 802 4406 a
815 4345 900 4408 facie
924 4359 1021 4409 arcus
1045 4359 1107 4406 ex·
1160 4359 1199 4406 ac
1215 4343 1283 4406 elia
1297 4343 1383 4404 bona
1397 4343 1519 4416 restra,
1535 4342 1623 4405 sicut
1640 4359 1681 4404 ea
1696 4340 1807 4407 omnia
1817 4345 1908 4422 juste
1922 4345 1956 4406 et

310 4443 407 4514 tenti,
420 4441 632 4503 universitati
641 4443 761 4502 restrae
777 4441 1036 4520 consulimus,et
1047 4455 1106 4516 per
1161 4441 1299 4518 pacifice
1313 4438 1504 4517 possidetis,
1514 4439 1607 4503 volus
1622 4441 1656 4503 et
1671 4455 1730 4518 per
1744 4457 1803 4502 uos
1818 4457 1962 4503 333333·

312 4539 502 4617 ApostoIIca
522 4538 645 4614 scripta
669 4537 730 4599 sub
754 4537 863 4605 debito
886 4537 1057 4601 fidelitatis
1074 4539 1107 4599 et
1159 4537 1244 4599 torio
1267 4540 1378 4599 vestro
1406 4537 1606 4602 auctoritate
1616 4539 1807 4616 Apostolica
1826 4537 1952 4600 contir-

312 4637 453 4714 praestiti
485 4635 667 4714 juramenti
700 4633 849 4698 districte
883 4634 1105 4712 praecipiendo
1161 4649 1289 4696 mamus
1299 4635 1332 4698 et
1346 4633 1521 4712 praesentis
1534 4634 1649 4712 sculpti
1663 4634 1848 4712 patrocinio
1863 4651 1955 4697 com-

313 4734 519 4804 mandamus,
549 4733 710 4810 quatenus
737 4747 803 4793 non
828 4732 1012 4810 praebentes
1030 4747 1106 4796 ves·
1161 4731 1338 4792 munimus.
1359 4730 1446 4792 Nulli
1465 4746 1545 4808 ergo
1569 4732 1703 4795 omnino
1723 4732 1895 4794 bominum
1910 4732 1964 4792 li·-

313 4833 400 4894 trum
415 4830 535 4892 alienis
551 4831 722 4904 bonorem,
737 4829 929 4907 praedictam
948 4832 1104 4908 Massam,
1161 4831 1235 4890 ceat
1254 4828 1341 4892 banc
1366 4828 1521 4908 paginam
1544 4829 1670 4909 nostrae¹
1690 4829 1905 4910 protectionis
1924 4831 1958 4892 et

314 4946 399 5008 quiae,
411 4927 499 4990 beati
514 4927 605 4990 Petri
614 4927 703 5005 juris
714 4928 839 5000 existit,
851 4930 1012 5004 tanquam
1022 4943 1107 4999 rem,
1161 4925 1423 4994 confirmationis
1447 4925 1642 5002 intringere,
1668 4927 1720 5006 vel
1742 4927 1775 5006 oi
1800 4942 1886 4989 ausu
1906 4928 1967 4989 te*

311 5044 385 5107 quae
410 5026 445 5088 in
466 5025 558 5088 nullo
580 5025 622 5088 ad
645 5041 705 5086 vos
730 5025 885 5102 pertinet,
903 5025 1052 5088 universi
1074 5022 1107 5087 et
1161 5022 1305 5088 meraclo
1318 5025 1497 5088 contraire.
1512 5025 1755 5102 Siquisautem
1768 5023 1832 5092 boc
1847 5024 1957 5086 atten-

313 5125 437 5202 singuli
465 5122 650 5196 dimittatis,
665 5122 749 5184 nibil
773 5122 867 5184 vobis
894 5123 929 5183 in
951 5137 990 5184 ea
1006 5122 1058 5184 vel
1072 5121 1106 5182 in
1160 5123 1236 5184 tare
1245 5122 1506 5200 praesumpserit,
1527 5122 1790 5198 indignationem
1806 5121 1965 5200 omnipo--

311 5227 385 5300 eius
408 5219 651 5285 habitatoribus
674 5220 817 5296 amplius
841 5221 1051 5296 usurpantes,
1074 5219 1108 5280 et
1160 5219 1259 5294 tentis
1276 5219 1335 5283 Dei
1349 5218 1572 5282 etbeatcrum
1586 5219 1676 5282 Petri
1691 5221 1729 5294 et¹
1740 5217 1836 5284 Pauli
1857 5235 1961 5298 apos-

312 5323 352 5382 de
368 5319 590 5399 perpetratos
605 5317 700 5382 volus
717 5319 818 5380 tantae
834 5316 1032 5380 temeritatis
1046 5331 1107 5378 en·
1160 5317 1302 5380 telorum
1318 5319 1391 5394 ejus
1406 5333 1442 5378 se
1453 5317 1585 5381 nouerit
1597 5317 1821 5384 incursurum.
1838 5316 1962 5378 Datum

313 5433 409 5481 cosso
429 5418 537 5494 dignae
560 5418 628 5478 Deo
651 5416 684 5478 et
698 5415 794 5480 nobis
809 5413 1002 5477 satisfacere
1016 5415 1107 5475 sata-
1161 5415 1247 5492 apud
1264 5413 1384 5481 Urbem
1399 5416 1564 5485 Veterem,
1584 5415 1658 5476 VIII
1671 5413 1746 5476 idus
1759 5412 1853 5492 julii,
1867 5429 1962 5492 pon-

313 5513 614 5592 gentesnuoquin,
628 5517 674 5586 ut,
686 5513 804 5590 quibus
816 5511 912 5589 culpa
923 5511 1034 5573 vestra
1046 5511 1107 5574 tuit
1164 5512 1306 5574 tidcatus
1320 5511 1426 5574 nostri
1446 5511 1676 5590 annoquarto
