4230 6388
303 243 364 334 aro
665 201 676 225 “
920 247 1097 308 uouonu
1118 249 1163 308 111
1184 249 1333 312 ornan.
1673 315 1677 326 ,
1886 245 1950 306 sao

303 403 748 482 quibuslibetdecedentihus
756 405 978 470 dimittuntur.
986 407 1100 470 Liceat
1153 409 1264 486 pellat.
1279 409 1412 482 Quodsi
1425 405 1700 478 lacerenoluerit,
1717 403 1950 466 sicutexcom-

303 504 414 563 autem
433 502 592 568 iratribus
617 504 817 579 supradictis
839 519 912 578 eos,
939 505 996 581 qui
1011 504 1097 582 apud
1153 508 1357 570 manicatum
1371 506 1503 568 faciatis
1517 504 1559 566 ab
1571 503 1724 565 omnibus
1739 501 1871 566 evitari.
1882 504 1949 564 Da-

302 597 393 676 ipsos
404 600 565 676 elegerint
577 600 723 676 sepeliri,
745 601 786 662 ad
800 601 1043 663 consessionem
1059 602 1099 663 de
1153 605 1233 675 tum,
1250 606 1313 666 etc.

303 697 442 759 occultis
468 697 612 774 peccatis
637 699 787 775 recipere
823 693 883 775 p'er
908 698 1098 760 sacerdotes

303 809 383 858 suos
396 795 429 856 et
443 809 503 871 per
513 794 646 855 eosdem
659 794 729 856 illis
740 796 898 858 viaticum
906 795 1098 858 ministrare

303 888 404 965 atque
428 901 504 949 cum
530 903 628 951 cruce
656 889 689 950 et
716 890 931 966 processione
962 890 1002 950 ad
1030 905 1099 951 coe-
1514 853 1587 939 XV

304 983 478 1046 materiam
511 1001 606 1045 suum
627 1001 769 1063 corpora
795 1002 911 1049 eorum
938 977 1043 1048 libere
1066 988 1113 1049 et·
1154 1003 1799 1082 Admffiptrumetpratresnospttatta
1810 1005 1951 1068 &nette

304 1081 376 1143 sine
388 1081 625 1159 impedimento
642 1083 839 1146 tumulanda
860 1083 1000 1146 deferre.
1027 1087 1098 1147 Da·
1324 1104 1452 1163 Μανία
1478 1101 1774 1164 rneutonworum.

303 1179 461 1251 tum‚etc.
1317 1229 1452 1295 [strobile
1472 1229 1779 1296 inid.,p.³iu,n.li5.]

656 1360 749 1447 XIV
1154 1346 1296 1404 Honorius
1317 1347 1357 1405 111
1385 1346 1477 1404 ordini
1499 1343 1675 1404 vheunnieo
1699 1345 1841 1415 concedit,
1866 1353 1898 1403 ut
1920 1347 1951 1404 in

1187 1435 1271 1491 terris
1285 1433 1321 1492 de
1335 1436 1557 1492 sarracenorum
1576 1433 1709 1492 manibus
1724 1442 1772 1492 aut
1788 1449 1838 1506 per
1855 1435 1951 1507 ipsum

510 1512 563 1570 Ad
576 1513 712 1571 eosdem
723 1511 898 1585 procilos.
1188 1523 1294 1594 creptis
1308 1529 1357 1580 aut
1367 1523 1421 1594 ipsi
1433 1520 1557 1592 donatis,
1568 1522 1652 1580 liceat
1666 1521 1871 1592 vilencastri,
1883 1537 1949 1580 ora·

483 1636 621 1702 [stram
631 1636 704 1698 inid,
714 1654 742 1704 p.
751 1637 807 1698 3³9,
818 1653 844 1689 n.
855 1637 924 1706 m]
1189 1610 1272 1679 toria,
1287 1611 1451 1668 coemeteria
1463 1617 1639 1668 construere.

199 1760 201 1766 ¹
305 1751 447 1809 Honorius
473 1753 514 1812 ill
534 1752 614 1826 jubet
635 1755 780 1826 prelatos,
804 1769 841 1811 ne
864 1753 967 1811 iratres
993 1751 1100 1812 ordinis
1194 1745 1361 1807 Honorius
1370 1745 1557 1822 episcopus,
1570 1761 1686 1807 servus
1695 1761 1867 1808 servorum
1876 1747 1950 1818 Dei,

340 1839 508 1898 theutonici
528 1842 623 1900 violati
638 1857 755 1913 prorsus
768 1843 933 1900 testimonio
944 1842 1100 1900 destituan-
1154 1842 1284 1904 dilectis
1299 1843 1416 1904 tiliis...
1432 1843 1592 1920 magistro
1612 1845 1645 1904 et
1658 1843 1818 1905 iratribus
1832 1843 1951 1905 domus

339 1938 396 1998 tur,
406 1929 442 1986 de
454 1930 588 1988 violentia
604 1931 774 2004 asuspectis
785 1929 969 2003 parochianis
978 1946 1099 1989 censura
1154 1939 1329 2018 hospitalis
1358 1942 1488 2002 sanctae
1523 1940 1640 2001 Mal-iffi
1670 1940 1953 2002 Theutonioopum

340 2019 534 2076 ecclesiastiea
553 2019 698 2092 proposita
716 2020 913 2092 purgatorium
932 2019 1101 2094 erigereiu·
1154 2036 1442 2112 ffimsolymjtani,
1455 2036 1608 2107 salutem,
1624 2040 1688 2099 etc,

342 2114 514 2166 mmmmm·
1194 2134 1322 2195 Vestris
1337 2133 1402 2209 piis
1411 2133 1688 2210 postulationibus
1703 2133 1855 2196 inclinati
1875 2150 1953 2196 auo-

275 2258 281 2274 r
345 2232 1015 2309 Honoriusepiscopus,servusservorum
1027 2233 1098 2305 Dei,
1154 2233 1287 2294 toritate
1312 2229 1406 2291 vobis
1421 2231 1635 2307 praesentium
1659 2231 1889 2307 indulgemus,
1914 2234 1953 2295 ut

306 2328 554 2390 venerabilibus
591 2328 750 2391 iratribus
779 2329 1039 2407 archiepiscopis
1068 2332 1101 2392 et
1154 2330 1190 2390 in
1219 2329 1330 2399 terris,
1361 2343 1456 2405 quas,
1493 2327 1593 2388 dante
1622 2329 1777 2400 Domino,
1805 2329 1950 2407 populus

306 2426 561 2503 episcopis,etc.,
587 2426 726 2488 salutem
756 2427 790 2489 et
813 2427 1029 2504 apostolicam
1042 2426 1102 2488 be-
1155 2425 1395 2488 christianusa
1418 2428 1678 2487 sarracenorum
1693 2426 1856 2502 eripuerit
1874 2442 1953 2486 ma-

305 2523 538 2586 nedictionem.
1155 2523 1263 2594 nibus,
1275 2523 1304 2582 si
1318 2523 1360 2583 ad
1374 2538 1435 2584 vos
1450 2523 1658 2599 postmodum
1667 2527 1759 2601 justo
1774 2524 1872 2585 titulo
1884 2525 1954 2585 iue-

347 2621 585 2697 Significarunt
614 2620 709 2683 nobis
738 2620 850 2682 dilecti
886 2621 948 2682 tilii
980 2621 1100 2684 iratres
1154 2621 1223 2682 rint
1244 2620 1418 2692 devolutae,
1446 2621 1547 2682 acels
1569 2621 1680 2692 etiam,
1698 2637 1781 2697 quas
1800 2637 1860 2684 vos
1884 2623 1955 2699 ipsi

305 2718 481 2796 hospitalis
511 2720 640 2780 Sanctae
671 2719 787 2780 Mariae
820 2719 1100 2781 Theulonicorum
1155 2718 1279 2780 eisdem
1298 2717 1432 2780 auferre
1452 2717 1603 2795 poteritis
1626 2718 1834 2790 sarracenis,
1850 2718 1954 2780 villas

304 2817 611 2894 Hierosolymltani,
627 2816 714 2893 quod
736 2816 871 2893 quidam
890 2833 1004 2878 eorum
1019 2833 1099 2878 ver·
1155 2819 1187 2879 et
1210 2817 1320 2880 castra
1347 2815 1441 2877 vobis
1461 2815 1629 2877 aediiloare
1649 2816 1761 2888 liceat,
1779 2817 1952 2890 ecelesiae,

304 2911 412 2976 horati
427 2914 607 2991 aliquando
620 2916 653 2974 et
667 2913 834 2975 vulnerati
849 2913 1016 2975 interdum
1030 2915 1101 2976 des-
1155 2915 1302 2976 oratoria
1314 2915 1346 2976 et
1360 2913 1551 2975 coemetoria
1566 2911 1732 2974 fabricare
1744 2913 1785 2974 ad
1797 2929 1882 2990 opus
1895 2914 1955 2975 ho·

304 3012 472 3074 tituuntur
484 3011 624 3073 testibus
635 3012 667 3072 et
674 3010 816 3086 probare
827 3011 1021 3073 violentiam
1035 3026 1100 3072 uon
1155 3013 1281 3072 minum
1306 3011 1507 3072 morantium
1530 3010 1565 3070 in
1593 3010 1736 3084 eisdem;
1768 3011 1954 3072 statuentes

304 3108 589 3172 valentesnullam
601 3110 641 3170 de
651 3108 922 3170 malefactoribus
933 3109 1099 3186 justitiam
1156 3111 1301 3186 insuper,
1314 3111 1351 3171 ut
1372 3107 1531 3184 praedicta
1552 3107 1664 3169 omnia
1680 3107 1740 3167 sub
1753 3107 1954 3184 Apostoliee

303 3209 560 3285 consequuntur.
591 3206 749 3268 Volentes
773 3207 877 3282 igitur
905 3222 1006 3283 super
1037 3206 1101 3268 hoc
1156 3207 1251 3268 Sedis
1264 3207 1417 3268 etnostra
1433 3205 1640 3282 protectione
1653 3205 1847 3266 consistant.
1857 3205 1954 3265 Nulli

304 3305 430 3366 eisdem
452 3304 609 3365 iratribus
622 3305 760 3381 paterna
776 3304 1002 3365 sollicitudine
1023 3320 1102 3380 pro·
1155 3320 1234 3381 ergo
1250 3304 1385 3365 omnino
1401 3302 1572 3363 hominum
1588 3301 1783 3364 liceathanc
1795 3303 1953 3379 paginam

302 3402 429 3474 videre,
452 3402 663 3464 universitati
690 3403 809 3463 vestrae
830 3417 890 3478 per
910 3401 1100 3478 apostolica
1155 3402 1278 3464 nostrae
1296 3400 1534 3484 concessionis,
1552 3399 1798 3462 constitutionis
1821 3401 1854 3461 et
1867 3415 1952 3476 pro-

191 3569 195 3575 ·
304 3501 428 3576 scripta
443 3499 640 3560 mandamus
660 3499 995 3577 atquepraecipimus‚
1018 3515 1101 3578 qua·
1154 3499 1307 3562 iectionis
1330 3497 1513 3573 infringere
1538 3495 1592 3558 vel
1616 3498 1648 3558 ei
1671 3511 1756 3557 ausu
1771 3499 1953 3558 temerario

302 3599 400 3660 tenus
413 3597 553 3674 quisque
567 3598 713 3658 vestrum
729 3598 969 3674 parochianum
989 3614 1095 3668 suum,
1154 3597 1330 3659 contraire.
1346 3596 1381 3657 Si
1394 3595 1469 3672 quis
1485 3595 1596 3657 autem
1610 3593 1674 3655 hoc
1689 3595 1856 3656 attentare
1867 3609 1954 3672 prae-

305 3693 417 3772 quide
433 3694 496 3756 hoc
508 3695 681 3770 suspectus
696 3693 838 3756 habetur
848 3695 881 3755 et
891 3693 979 3755 lama
993 3711 1098 3756 vexa·
1150 3694 1339 3771 sumpserit,
1356 3693 1619 3768 indignationem
1631 3691 1867 3768 omnipotentis
1890 3693 1954 3753 Dei

302 3790 405 3863 bitur,
426 3791 455 3852 si
479 3792 633 3854 convinci
652 3792 849 3868 nequiverit,
873 3793 909 3854 ut
930 3808 966 3852 se
980 3792 1099 3869 purget
1152 3793 1183 3853 et
1192 3791 1364 3853 beatorum
1375 3791 1465 3852 Petri
1480 3790 1513 3850 et
1524 3789 1620 3850 Pauli
1635 3788 1861 3866 apostolorum
1872 3792 1950 3866 ejus

304 3903 364 3969 per
386 3889 557 3968 proprium
574 3890 811 3966 juramentum,
827 3889 976 3952 districte
1000 3906 1095 3952 com·
1152 3905 1187 3950 se
1202 3887 1566 3951 noveritincursurum.
1583 3885 1713 3958 Datum,
1730 3886 1793 3948 etc.
