4250 6404
187 2473 191 2484 ·
312 2433 471 2494 mentum.

310 333 345 390 13
923 319 1100 382 HONORII
1122 317 1168 381 111
1189 317 1336 381 orbita.
1583 367 1589 378 ,
1922 311 1961 370 44

310 487 449 549 fratrum
470 484 659 547 nostrorum
681 481 822 546 33331113
846 481 1001 544 duximus
1025 493 1109 542 con·
1161 472 1778 562 31333131331113313311
1809 469 1960 537 ecclmiae
1991 453 1995 460 ’

309 583 523 651 firmandum,
560 577 954 660 3311333131133131113
984 577 1107 652 scripta
1161 590 1281 634 munus
1314 570 1707 642 133111133311331111131113·
1737 567 1901 644 imposui,
1926 568 1962 630 et

309 682 516 752 mandantes,
534 681 698 757 quatenus
714 678 820 739 eidem
836 675 1106 752 eleototanquam
1161 687 1237 732 cum
1248 671 1450 750 requirimus
1463 669 1503 736 ab
1516 685 1557 732 eo
1569 667 1631 730 sub
1644 665 1754 730 debito
1764 664 1959 744 juramenti,

310 779 435 856 pastori
463 779 649 838 animarum
670 777 856 837 vestrarum
886 772 1107 835 obedientiam
1162 771 1249 849 quod
1271 769 1365 836 nobis
1387 767 1599 846 praestiterat,
1627 765 1737 826 utrum
1761 763 1835 840 post
1852 763 1962 825 111133-

310 880 343 938 et
361 876 582 937 reverentiam
612 871 755 935 debitam
782 871 1004 949 impendatis,
1034 871 1107 947 ejus
1162 869 1286 930 dictum
1309 867 1410 944 legati
1434 865 1584 944 praedicti
1606 861 1720 924 diviua
1741 859 1850 924 officia
1872 859 1962 922 cele-

309 972 498 1035 salubribus
529 971 663 1033 monitis
691 973 724 1032 et
746 969 911 1031 mandatis
938 967 1109 1029 humiliter
1162 966 1308 1035 brasset,
1338 965 1379 1025 de
1405 978 1469 1040 quo
1499 963 1608 1038 ipsum
1635 959 1840 1024 habebamus
1864 956 1961 1023 valde

309 1071 529 1138 intendentes.
553 1071 623 1130 Nos
653 1069 742 1130 euim
769 1067 988 1136 sententiam,
1009 1080 1108 1142 quam
1163 1064 1364 1141 suspectum,
1382 1061 1471 1130 idem
1493 1061 1525 1122 id
1544 1057 1680 1135 negavit
1691 1056 1829 1120 3111111113
1846 1076 1853 1115 :
1874 1053 1962 1127 uude

310 1169 518 1232 rationaliter
529 1167 645 1228 tulerit
667 1167 703 1226 in
716 1165 857 1227 rebelles
879 1167 987 1230 ratam
1001 1162 1108 1224 babe-
1163 1161 1272 1241 ipsum
1295 1175 1374 1223 cum,
1395 1159 1518 1226 nostrae
1541 1157 1659 1232 matie
1673 1150 1878 1231 plenitudine
1900 1167 1960 1212 re—

310 1268 445 1338 musei
463 1265 623 1328 iaciemus
646 1265 781 1328 auctore
795 1263 935 1326 Domine
950 1259 1107 1338 usquead
1164 1259 1341 1330 mittentes,
1351 1254 1471 1318 vestrae
1482 1252 1693 1317 universitati
1703 1266 1763 1328 per
1771 1248 1961 1326 apostolica

311 1362 572 1429 satisfactionem
586 1362 785 1438 condignam
800 1359 1037 1422 inviolabiliter
1054 1357 1110 1423 ob
1163 1356 1288 1433 scripta
1310 1353 1522 1423 mandamus,
1547 1350 1712 1428 quatenus
1736 1347 1770 1410 si
1792 1347 1961 1424 tamquam

311 1461 450 1524 servari.
474 1461 593 1524 Datum
607 1460 777 1531 Laterani,
797 1461 962 1522 11133333
979 1471 1109 1520 novem·
1164 1453 1318 1531 episcopo
1332 1451 1366 1516 et
1380 1449 1507 1527 pastori
1521 1448 1709 1516 animarum
1722 1443 1910 1518 vestrarum
1925 1443 1961 1504 in

310 1559 391 1630 bris,
406 1557 618 1635 pontificatus
630 1558 736 1620 nostri
754 1571 842 1618 anno
857 1555 968 1616 tertio.
1164 1549 1229 1622 bis,
1246 1565 1320 1626 quae
1334 1546 1376 1608 ad
1398 1545 1573 1607 Dominum
1588 1541 1764 1620 pertinent,
1782 1537 1961 1600 intendatis

352 1660 394 1716 13
421 1648 579 1719 mumdum
603 1658 679 1730 fere
710 1658 850 1717 modum
878 1653 1038 1729 scriptum
1059 1649 1110 1712 est
1164 1645 1335 1708 humiliter
1348 1646 1381 1705 31
1395 1641 1525 1706 devote.
1541 1641 1661 1704 Datum
1678 1637 1847 1708 Laterani,
1864 1635 1961 1697 nonis

312 1753 492 1814 Bituricae.
509 1753 732 1824 electousoue
743 1749 927 1812 observari.
938 1748 1109 1824 Tullaque
1164 1742 1365 1816 novembris,
1380 1739 1592 1818 pontificatus
1608 1735 1715 1799 nostri
1739 1750 1826 1797 anno
1847 1733 1960 1795 tertio.

311 1850 522 1912 commissam
550 1848 611 1916 libi
639 1847 896 1910 sollicitudiuem
926 1845 1107 1914 bituricen.

312 1947 462 2010 ecclesiae
482 1947 531 2011 ita
546 1945 758 2009 laridabilitar
772 1960 930 2009 exercere
951 1958 1109 2019 procures
1482 1935 1645 2022 XXXVI

313 2045 348 2106 ut
368 2043 514 2105 videaris
535 2043 693 2120 prodesse
715 2041 926 2118 potiusquam
952 2053 1107 2116 praeesse,
1194 2085 1247 2144 Ad
1257 2083 1397 2156 mom
1408 2079 1614 2141 emam
1628 2076 1662 2138 et
1674 2077 1716 2137 de
1729 2073 1841 2136 Pom
1854 2075 1928 2136 Dei·

312 2157 351 2203 ac
362 2141 478 2204 eadem
491 2140 644 2212 ecclesia,
662 2154 735 2216 quae
746 2139 780 2200 te
790 2137 829 2200 ad
844 2153 940 2200 suum
951 2135 1109 2203 accedere
1462 2175 1463 2178 ,

312 2238 461 2313 regimen
476 2236 676 2312 concupivit,
693 2251 752 2312 per
765 2236 798 2300 te
824 2235 860 2296 iu
879 2232 1109 2310 spiritualibus
1433 2188 1597 2251 ΗΜΘΝ·
1614 2187 1693 2246 ¹²¹⁸·
1875 2291 1881 2303 ,

312 2336 345 2396 31
358 2333 596 2410 temporalibus
608 2333 795 2412 suscepisse
825 2332 969 2408 gaudeat
993 2331 1108 2397 iucre-
1211 2298 1492 2382 [¹³⁰⁸“2'M’ii'
1507 2293 1761 2382 mmmm
1775 2291 1914 2356 ΝΜ

1164 2411 1201 2468 111
1219 2405 1349 2482 quadem
1367 2405 1398 2463 in
1418 2401 1590 2463 monasterio
1612 2400 1748 2460 11331333.
1768 2399 1914 2472 corrigant
1933 2405 1963 2455 31

1481 2491 1644 2550 reforment.

641 2543 783 2684 XXXV
1203 2605 1382 2676 Honorius,
1408 2603 1484 2674 313,
1513 2601 1713 2669 (1311311333.
1738 2597 1771 2660 31
1796 2597 1838 2660 de
1860 2597 1961 2658 Porta

551 2671 603 2732 Aa
619 2669 867 2731 vawmoe·
1164 2704 1224 2766 Dei
1250 2700 1416 2780 prioribus
1445 2698 1654 2764 Lemovicen.
1677 2695 1841 2766 dioecesis,
1872 2695 1904 2755 et
1929 2695 1959 2756 J.

578 2781 744 2840 ⁵¹¹⁰V0fflb·
762 2781 841 2839 ¹²¹⁸·
1164 2800 1365 2862 subdiacono
1376 2791 1959 2863 nostrocanonioobemovicen.,etc.

459 2885 964 2956 [1113133,1131.11133313,3,1111]
1205 2894 1477 2975 significantibus
1506 2893 1635 2956 dilectis
1663 2891 1743 2952 filiis
1772 2891 1806 2951 s.
1836 2892 1958 2966 priore,

310 2987 545 3058 Moreviensibus‚
557 2993 588 3044 ut
599 2987 736 3060 episcopo
748 3001 825 3042 suoa
838 2987 978 3044 sententia
990 3002 1105 3045 excom·
1163 2999 1217 3057 W.
1234 2994 1422 3072 praeposito,
1436 2995 1475 3054 R.
1490 2991 1640 3061 sacrista,
1654 2991 1684 3052 J.
1696 2986 1960 3063 eleemosynario

388 3076 591 3134 municarionis
606 3073 735 3136 absoluto
749 3073 893 3144 obedient,
904 3076 1031 3134 mandat.
1163 3094 1196 3158 et
1214 3072 1410 3170 qffihusdam
1425 3089 1502 3150 aljis
1517 3087 1688 3150 m0n30h15
1708 3087 1866 3147 Usercan,
1888 3099 1962 3144 mo.

352 3186 520 3251 Honorius
532 3183 718 3264 episcopus,
731 3182 861 3245 dilectis
873 3185 951 3248 liliis
964 3186 1108 3262 capitulo
1163 3189 1313 3260 nasterii,
1326 3179 1961 3256 1313311333.111333331311331131311113

313 3284 345 3345 et
360 3285 516 3346 universo
536 3281 625 3342 clero
645 3280 678 3342 et
694 3281 814 3360 populo
829 3282 1105 3355 moraviensibus,
1163 3287 1343 3366 accepisse,
1360 3285 1535 3363 quodcum
1550 3279 1787 3345 monasterium
1801 3280 1911 3356 ipsum
1927 3278 1962 3338 in

312 3381 464 3444 salutem.
794 3431 804 3454 ,
1163 3383 1393 3463 spiritualibus
1420 3381 1582 3449 floruerit,
1608 3382 1641 3442 et
1665 3380 1700 3440 in
1722 3375 1961 3454 temporalibus

352 3481 391 3540 m
404 3477 545 3542 verbera
557 3475 663 3554 patris
675 3473 708 3540 et
723 3473 825 3538 ubera
837 3477 953 3538 matris
967 3480 1109 3555 nposto-
1163 3481 1382 3550 abundaverit
1402 3479 1443 3540 ab
1463 3479 1615 3555 antiquo,
1640 3491 1729 3538 nuuc
1744 3475 1879 3552 propter
1898 3487 1961 3534 ne-

311 3576 377 3638 lica
402 3574 503 3636 Sedes
524 3573 662 3646 habeus,
688 3575 738 3634 sic
753 3575 890 3650 corripit
905 3574 991 3638 tilios
1005 3575 1109 3638 delin-
1162 3579 1368 3657 gligentiam,
1392 3593 1451 3638 seu
1470 3575 1630 3638 malitiam
1646 3573 1755 3651 potius
1779 3575 1815 3634 Β.
1831 3569 1961 3632 abbatis

311 3673 460 3750 quantes,
482 3675 518 3734 ut
536 3673 704 3733 correctos
718 3671 957 3735 consolationis
979 3673 1109 3736 reliciat
1162 3677 1310 3754 ejusdem
1325 3673 1475 3736 ooenobii
1500 3673 1683 3749 collapsum
1709 3672 1759 3732 est
1787 3669 1900 3731 taliter
1924 3667 1961 3729 ln

311 3769 472 3842 ubertate,
487 3785 529 3833 113
542 3784 578 3830 33
590 3767 693 3846 virgae
706 3770 829 3846 passim
843 3773 1004 3845 parceret,
1022 3771 1107 3836 111133
1163 3775 1323 3852 utrisque,
1345 3771 1430 3852 quod
1452 3771 1518 3833 nisi
1537 3785 1597 3848 per
1615 3767 1872 3830 sollicitudinem
1887 3781 1961 3827 nos-

310 3867 480 3932 videretur
500 3866 622 3938 odisse,
648 3866 726 3929 dum
750 3881 808 3928 eos
827 3866 1020 3946 relinquens
1035 3885 1109 3946 pro·
1161 3875 1247 3936 tram
1260 3869 1414 3932 celeriter
1429 3859 1644 3931 subveniatur
1658 3867 1777 3941 eidem,
1797 3865 1856 3926 vix
1869 3863 1960 3942 adji-

311 3965 393 4044 priaa
404 3964 566 4027 voluntati
580 3979 694 4027 curam
706 3963 889 4038 negligeret
898 3965 1105 4031 eorumdem:
1162 3970 1227 4031 3131
1238 3969 1273 4030 ut
1284 3969 1448 4047 resurgat.
1463 3967 1551 4027 Idem
1566 3966 1655 4027 enim
1669 3963 1771 4026 abbas
1783 3964 1870 4025 bona
1880 3961 1960 4024 dicti

311 4062 388 4140 quia
402 4064 437 4123 31
449 4061 609 4122 Dominus
624 4063 702 4124 tunc
721 4059 949 4122 vehementius
969 4064 1019 4124 est
1038 4063 1109 4128 ira·
1163 4065 1316 4138 coenobii,
1342 4065 1481 4126 fratrum
1507 4064 1612 4141 ipsius
1633 4063 1699 4125 loci
1722 4065 1755 4125 et
1779 4075 1961 4140 pauperum

310 4161 375 4232 tus,
401 4175 475 4221 cum
499 4173 579 4237 erga
600 4157 827 4234 delinquentes
847 4157 943 4234 signa
962 4161 1109 4226 continet
1162 4164 1278 4226 usibus
1293 4161 1461 4240 deputata,
1477 4161 1663 4223 temeritate
1682 4159 1815 4238 propria
1835 4158 1960 4236 dilapi-

309 4257 497 4328 irascentis,
515 4257 572 4334 qui
593 4271 674 4332 quos
690 4253 810 4331 diligit,
827 4256 964 4332 corripit
978 4258 1011 4322 31
1034 4275 1110 4322 cas-
1163 4262 1257 4333 dans‚
1284 4259 1317 4321 et
1333 4274 1542 4330 consumens,
1568 4257 1735 4338 prloratus
1750 4258 1782 4318 et
1801 4253 1962 4317 ecelesias

309 4355 404 4430 tigat,
429 4354 466 4414 ut
489 4353 668 4426 castigatos
691 4353 837 4414 uberiori
860 4354 968 4428 gratia
990 4372 1107 4434 prose·
1163 4358 1204 4420 ad
1229 4357 1315 4419 idem
1337 4356 1577 4419 monasterium
1592 4353 1795 4432 pertinentes
1810 4353 1961 4430 personis

311 4453 441 4530 quatur.
459 4448 553 4510 Unde
567 4448 645 4511 11331
657 4448 858 4512 venerabilis
879 4449 982 4514 trater
997 4457 1109 4516 noster
1163 4457 1272 4519 minus
1286 4456 1416 4518 idoneis
1432 4453 1612 4518 concedere
1634 4469 1700 4516 non
1722 4453 1867 4524 veretur,
1895 4465 1962 4512 non

310 4546 531 4611 Moravieusis
554 4545 730 4624 episcopus
750 4560 809 4623 pro
834 4561 886 4618 eo,
913 4548 1000 4624 quod
1021 4550 1107 4612 tem·
1163 4555 1237 4617 sine
1260 4551 1334 4614 labe
1350 4552 1542 4613 simoniacae
1558 4549 1742 4628 pravitatis,
1760 4547 1843 4610 alias
1859 4547 1962 4609 multa

310 4661 391 4724 pore
409 4643 607 4707 turbationis
629 4657 808 4718 regnorum
823 4643 950 4718 angliae
966 4661 1005 4708 ac
1028 4649 1109 4709 Sco-
1163 4649 1371 4712 committens
1387 4648 1536 4709 enormia
1558 4648 1594 4707 in
1609 4648 1729 4708 animae
1744 4662 1814 4707 suae
1829 4645 1964 4724 pericu-

310 4745 366 4806 tiae
381 4742 527 4818 graviter
541 4756 602 4805 uos
616 4740 649 4803 et
673 4740 854 4804 Ecclesiam
868 4743 1052 4809 Romanam
1073 4746 1108 4808 in
1162 4748 1230 4809 lum
1243 4748 1277 4809 31
1290 4745 1483 4808 scandalum
1503 4745 1733 4825 plurimorum.
1751 4759 1824 4821 quae
1848 4743 1962 4803 limam

311 4841 425 4902 multis
451 4837 599 4909 offendit,
626 4840 698 4914 ejus
718 4838 861 4904 senserit
884 4840 1106 4920 disciplinam,
1162 4843 1361 4922 apostolicae
1373 4842 1591 4905 correctionis
1601 4843 1795 4922 exposcunt.
1809 4843 1890 4900 Cum
1902 4838 1963 4914 igi·

312 4938 388 4999 dum
401 4936 534 5001 vinculo
547 4936 900 5002 excommunicationis
918 4938 1107 5010 adstrictus,
1162 4945 1218 5004 tur
1231 4941 1391 5008 instantia
1406 4943 1521 5004 nostra
1535 4939 1727 5016 quotidiana
1752 4937 1795 5000 311
1813 4938 1960 5000 omnium

312 5051 386 5096 cum
408 5033 529 5097 litteris
551 5033 663 5097 dilecti
685 5032 746 5102 tilii
770 5036 877 5101 nostri
901 5037 1049 5101 (1.1111111
1074 5038 1106 5099 S.
1163 5039 1380 5106 ecclesiarum
1410 5035 1598 5099 sollicitudo
1626 5035 1798 5107 continua,
1829 5033 1959 5095 discre-

312 5131 449 5196 Martini
475 5131 659 5210 presbyteri
684 5133 881 5205 cardinalis,
910 5135 1107 5212 3333131133,
1162 5136 1244 5198 113111
1268 5135 1389 5198 vestrae
1414 5151 1473 5216 per
1495 5131 1685 5212 apostolica
1711 5132 1834 5210 scripta
1861 5145 1960 5192 man-

313 5231 407 5295 Sedis
420 5230 532 5306 legati,
549 5231 591 5291 ad
608 5232 757 5301 nostram
772 5230 983 5308 presentiam
999 5248 1109 5309 perso·
1163 5233 1297 5304 damus,
1325 5233 1488 5310 quatenus
1516 5231 1557 5293 ad
1586 5229 1823 5294 monasterium
1851 5229 1960 5308 ipsum

310 5331 432 5392 naliter
454 5327 619 5390 laboravit
641 5349 649 5388 2
670 5345 730 5392 uos
750 5331 873 5395 13111311,
897 5328 954 5406 qui
974 5330 1109 5406 propter
1163 5330 1383 5406 personaliter
1407 5329 1617 5402 accedentes,
1645 5329 1679 5391 et
1703 5328 1862 5390 habentes
1891 5341 1961 5404 prae

310 5428 373 5489 1133
383 5426 474 5504 Juste
489 5425 643 5487 commoti
662 5425 785 5487 fuimus
805 5424 920 5489 contra
940 5441 1025 5496 eum,
1042 5442 1106 5489 ue·
1163 5428 1269 5489 oculis
1293 5427 1399 5488 solum
1421 5430 1536 5500 Deum,
1559 5427 1592 5489 31
1612 5427 1686 5488 vice
1706 5425 1820 5488 nostra
1838 5425 1960 5486 visita-

310 5525 471 5604 queuutas
491 5523 592 5587 inira
607 5521 845 5586 misericordiae
868 5521 1030 5594 oblivisci,
1059 5522 1109 5586 31-
1162 5525 1263 5587 tionis
1288 5524 1431 5586 officium
1455 5523 1669 5601 impendatis,
1697 5521 1901 5598 corrigentes
1927 5523 1961 5582 et

311 5623 384 5686 dem
399 5623 434 5684 iu
453 5621 552 5682 corde
572 5621 724 5692 contrito,
749 5623 782 5682 et
801 5618 973 5682 humiliato
989 5620 1108 5698 spiritu
1163 5623 1380 5691 reformantes
1395 5621 1517 5684 ibidem
1532 5623 1600 5684 tam
1621 5621 1657 5682 in
1673 5620 1793 5697 eapite,
1810 5635 1909 5698 quam
1924 5619 1959 5682 in
