4300 6392
318 307 380 368 ets
427 301 440 312 ’
931 239 1106 358 Houosn
1127 291 1174 356 111
1196 291 1344 356 OPERA.
1906 295 1966 356 476

318 463 443 526 donem
471 459 668 530 inciderant,
696 451 1052 518 excommunicationis
1081 454 1114 515 et
1167 451 1326 514 vandum.
1347 451 1510 525 Quocirca
1525 451 1740 516 universitati
1762 453 1883 514 vestrae
1906 467 1966 530 per

317 559 489 623 interdicti
499 557 674 619 sententiis
686 554 859 622 relaxatis,
868 555 902 614 et
914 553 963 613 sic
973 551 1114 630 captivis
1168 549 1357 626 apostolica
1374 549 1498 626 scripta
1522 549 1582 610 sub
1602 549 1712 612 debito
1734 548 1904 611 fidelitatis
1931 550 1966 611 et

317 655 473 718 omnibus
501 655 649 732 pristinae
681 639 821 714 redditis
855 649 1001 714 libertati
1026 649 1113 725 apud
1169 661 1266 724 poena
1285 646 1376 708 mille
1396 646 1555 710 librarum
1575 646 1727 708 districte
1742 645 1961 732 injungimus,

321 752 521 823 Mevaniam,
540 748 759 826 potestatibus
783 747 955 808 civitatum
979 745 1013 808 et
1034 761 1114 806 oas-
1169 746 1331 824 quatenus
1345 743 1533 821 supradicta
1554 744 1665 804 omnia
1686 745 1720 804 et
1740 757 1799 804 vos
1820 741 1885 820 ipsi
1906 743 1966 804 iir-

319 851 448 912 trorum
468 847 539 909 iere
562 845 710 908 omnium
737 845 777 906 do
805 845 938 915 ducatu,
965 857 1047 920 quos
1072 841 1114 904 ad
1170 842 1268 906 miter
1290 840 1486 913 observetis,
1503 842 1537 902 et
1557 839 1598 902 ab
1614 841 1691 902 aliis
1711 840 1830 902 ditioni
1844 841 1964 904 vestrae

321 963 417 1008 suern
439 945 650 1022 praesentiam
666 941 897 1012 advocaverat,
926 940 986 1002 sub
1005 939 1114 1001 debito
1168 938 1337 1017 subjectis,
1353 940 1513 1016 quamurn
1537 938 1573 1000 in
1595 937 1691 1001 vobis
1706 937 1816 1010 luerit,
1833 937 1965 1000 faciatis

320 1042 499 1113 fidelitatis,
514 1055 579 1119 quo
592 1039 749 1101 Ecclesiae
765 1042 923 1101 Romanae
946 1038 1112 1108 tenentur,
1168 1035 1351 1098 observari.

318 1143 354 1205 et
367 1155 466 1218 poena
488 1137 580 1198 mille
595 1135 756 1198 librarum
779 1135 936 1212 injunxit,
958 1136 994 1197 ut
1007 1136 1042 1196 in
1057 1149 1115 1194 oo-
1209 1135 1327 1194 Datum
1342 1132 1430 1211 apud
1446 1133 1568 1194 Urbem
1579 1131 1962 1210 Veteremvidusjulii,

319 1237 406 1299 tavis
431 1235 664 1313 Apostolorum
690 1233 781 1295 Petri
801 1235 834 1295 et
849 1232 944 1293 Pauli
960 1229 1116 1310 quaelibet
1169 1230 1380 1307 pontificatus
1396 1229 1501 1292 nostri
1516 1243 1604 1290 anno
1619 1232 1749 1306 quarto.

320 1335 467 1412 potestas
482 1349 556 1394 cum
569 1331 675 1408 tribus
690 1331 742 1392 vel
755 1330 897 1408 quatuor
911 1330 951 1389 de
966 1343 1115 1390 commu·
1209 1349 1251 1406 [ῃ
1273 1347 1430 1408 eumdem
1445 1344 1585 1406 modum
1605 1343 1764 1420 scriptum
1786 1345 1837 1406 esp
1848 1347 1964 1420 potes.

321 1431 426 1492 nitate
451 1445 523 1502 sua,
544 1429 652 1490 vicem
677 1427 825 1490 omniurn
855 1423 1064 1497 habentibus„
1078 1440 1115 1486 se
1169 1441 1229 1504 pati
1255 1441 1288 1502 et
1313 1441 1435 1517 populo
1462 1437 1641 1516 spoletano
1665 1443 1698 1502 et
1725 1439 1880 1500 omnibus
1906 1453 1966 1516 per

320 1527 406 1604 apud
420 1525 539 1588 Urbem
551 1526 695 1586 V⁰t0¹⁸0m
708 1524 820 1586 1¹⁰⁸th
834 1522 1115 1599 conspectuiprae-
1167 1539 1321 1599 Tusciam
1346 1538 1380 1601 et
1408 1537 1563 1600 ducatum
1595 1536 1810 1615 Spoletanum
1839 1539 1965 1599 consti-

320 1623 476 1695 eentaret‚
494 1637 533 1684 ac
548 1623 682 1683 interim
703 1635 770 1698 pax
793 1621 852 1682 aut
877 1619 973 1683 rinna
996 1621 1115 1694 treuga
1169 1635 1261 1697 tutis,

316 1721 512 1782 servaretur
535 1718 716 1779 hincinde.
733 1716 858 1790 Quibus
877 1715 918 1778 ad
941 1717 1114 1794 praefixum

319 1818 498 1881 terminum
518 1817 553 1877 in
574 1815 688 1878 nostre
714 1813 892 1892 praesentia
915 1813 1112 1886 constitutis,
1208 1868 1261 1928 Ad
1274 1867 1452 1928 Emeum
1480 1865 1640 1926 comitem
1659 1867 1910 1926 mmmm

319 1915 395 1992 post
421 1913 598 1976 tractatum
625 1911 789 1973 diutinum
812 1913 882 1972 tarn
904 1925 1006 1987 super
1034 1925 1115 1988 pace
1456 1909 1464 1938 ’
1518 1977 1524 1988 ¹
1558 1979 1573 1990 ..
1916 1906 1923 1923 '

320 2013 409 2073 inter
422 2012 512 2088 ipsos
524 2009 655 2086 plenius
670 2007 893 2078 reformanda,
905 2023 1004 2084 quarn
1016 2021 1116 2083 super
1464 1978 1576 2085 ”flium
1597 1977 1675 2085 ΨΟ·
1866 2087 1871 2098 ¹

321 2108 443 2170 ducatu
461 2105 638 2168 retinendo
658 2103 700 2165 ad
720 2119 838 2164 manus
861 2105 1003 2175 nostras,
1029 2103 1114 2180 quod
1261 2071 1873 2208 ffimiuffiffl“fvffffsssstf'ssffi’⁹·⁷⁰⁴³

321 2206 355 2268 θῑ
378 2205 445 2281 ῘΡΒῘ
475 2202 626 2278 ‘fflissssnfi
654 2201 867 2262 meditatim
891 2200 1116 2262 mmmm
1170 2233 1238 2293 Cum
1250 2234 1546 2291 Nivernensisco'mes
1559 2232 1837 2294 autissiodorensem
1853 2231 1962 2299 urbem,

320 2317 395 2364 ⁰11¹ss
410 2299 611 2362 SUbffiaoeffl
633 2299 814 2358 mflfflffl'flw
836 2296 993 2358 *tandm
1009 2299 1116 2358 Peru·
1205 2324 1301 2380 statim
1336 2330 1420 2395 atque
1454 2321 1620 2380 &villelmus
1655 2323 1807 2395 episcopus
1837 2321 1967 2379 Parisios

202 2380 206 2388 ’
320 2399 398 2471 sini,
413 2395 545 2468 Alisini,
558 2395 773 2470 Fuliginates‚
789 2393 948 2454 Nucerini
962 2396 995 2456 et
1006 2395 1115 2454 Inter-

320 2507 507 2564 amnenses,
515 2492 613 2569 juxta
626 2490 816 2551 mandatum
831 2491 992 2562 nostrum,
1006 2491 1117 2550 muni·

319 2593 439 2662 dones,
465 2590 590 2659 castra,
618 2587 761 2663 regalia,
789 2585 876 2648 sicut
902 2601 942 2648 ea
970 2602 1114 2664 unquam

320 2687 437 2751 babuit
465 2687 498 2748 et
528 2685 675 2762 possedit
699 2684 810 2760 aliquo
839 2687 988 2762 tempore
1019 2683 1115 2745 bonae

321 2785 490 2848 memoriae
527 2781 710 2850 conradus,
742 2780 777 2841 in
808 2781 933 2842 nostris
962 2780 1115 2842 manibus

1204 2409 1272 2469 inde
1292 2411 1453 2480 transierat,
1471 2411 1558 2467 armis
1572 2417 1750 2482 occupasset,
1766 2410 1900 2468 comitem
1917 2410 1963 2466 lit·

1205 2499 1273 2555 teris
1283 2499 1342 2556 suis
1352 2503 1380 2555 et
1391 2496 1662 2554 urinisdeterritate
1675 2497 1795 2554 consilio
1811 2497 1963 2565 llonorius,

1205 2599 1239 2643 ac
1259 2599 1359 2658 regern
1389 2583 1551 2658 Philippum
1580 2585 1747 2654 obtestatur,
1774 2591 1805 2642 ut
1829 2583 1963 2642 eumdem

1204 2681 1378 2748 compescat.

1209 2783 1376 2844 Honorius
1390 2782 1564 2860 episcopus
1578 2797 1693 2844 servus
1706 2797 1878 2844 servorum
1891 2781 1962 2852 Dei,

321 2883 425 2945 libere
437 2879 662 2956 resignarunt.
684 2877 855 2954 Spoletani
880 2879 991 2939 autem
1015 2893 1116 2953 super
1168 2881 1288 2942 dilecto
1313 2879 1381 2942 illio
1405 2880 1517 2942 comiti
1539 2880 1752 2952 Nivernensi,
1769 2880 1910 2942 salutem
1931 2881 1964 2942 et

321 2980 386 3052 bis,
402 2993 475 3057 quae
494 2976 535 3036 de
548 2975 685 3036 ducatus
702 2973 854 3036 demanio
868 2977 982 3036 tenere
994 2975 1114 3036 dicun·
1169 2977 1418 3055 apostololicam
1432 2975 1707 3040 benedictionem.

319 3078 385 3149 tur,
401 3074 513 3137 taliter
535 3071 789 3148 responderunt,
814 3071 899 3148 quod
924 3070 986 3133 boc
1006 3071 1116 3132 nulla·
1209 3075 1244 3136 Si
1260 3074 1369 3136 mente
1389 3073 1533 3137 sollicita
1557 3075 1779 3150 putassemus,
1804 3073 1892 3151 quod
1907 3089 1965 3136 ec·

320 3177 428 3245 tenus,
445 3169 530 3248 quod
547 3169 582 3230 in
596 3168 749 3245 suijuris
762 3167 1115 3246 praejudicioresigna·
1158 3171 1272 3233 clesia
1295 3171 1328 3234 et
1351 3171 1470 3234 civitas
1501 3171 1805 3232 Autissiodorensis
1835 3170 1962 3233 bostem

320 3269 411 3338 bant,
439 3268 583 3330 maxime
611 3279 686 3328 cum
717 3267 833 3326 contra
867 3279 923 3328 eos
950 3265 1114 3343 quondam
1170 3268 1330 3330 baberent
1341 3269 1377 3328 in
1388 3267 1513 3344 januis,
1528 3269 1561 3329 et
1571 3267 1764 3329 hostilitatis
1778 3267 1854 3330 inde
1865 3268 1964 3329 time-

320 3368 389 3432 dux
414 3363 600 3434 conradus,
629 3363 658 3424 si
682 3377 723 3424 ea
750 3363 896 3440 possedit
917 3363 1113 3440 aliquando,
1170 3366 1243 3426 rent
1267 3365 1444 3436 excidium,
1474 3365 1562 3426 unde
1590 3365 1779 3426 securitatis
1802 3364 1965 3427 debebant

321 3477 495 3544 possessor
518 3460 666 3522 extiterit
696 3459 888 3522 violentus:
915 3459 978 3522 boc
1004 3460 1114 3522 tamen
1170 3462 1352 3524 subsidium
1364 3465 1569 3539 exspectare,
1580 3463 1880 3539 quantumcumque
1896 3462 1964 3522 sol·

321 3559 473 3639 promisit
499 3559 648 3629 tirmiter,
672 3557 758 3634 quod
787 3571 823 3617 se
847 3557 882 3616 in
912 3557 1003 3619 nullo
1031 3572 1114 3618 nos·
1170 3560 1307 3622 licitudo
1320 3559 1521 3620 Parisiensis
1536 3559 1698 3631 ecclesiae,
1711 3559 1824 3635 sponsi
1839 3558 1962 3620 dudum

320 3661 372 3722 tro
387 3656 503 3718 nuntio
522 3655 576 3716 vel
594 3655 717 3716 rectori
740 3655 930 3730 opponeret,
956 3655 1012 3732 qui
1032 3670 1114 3731 pos·
1169 3657 1313 3718 viduatae
1334 3657 1465 3728 solatio,
1486 3657 1738 3728 nos'arctassot,
1760 3657 1964 3720 cavissemus

321 3752 503 3816 sessionem
538 3766 650 3812 rerum
685 3751 834 3827 ipsarum
868 3753 983 3812 nostra
1012 3751 1114 3814 fretus
1170 3754 1294 3830 utique,
1309 3769 1351 3814 ne
1367 3754 1458 3814 illiue
1473 3753 1619 3830 provisio
1640 3753 1675 3814 in
1692 3753 1832 3815 alterius
1846 3755 1962 3816 euter-

321 3851 519 3914 auctoritate
538 3849 688 3909 intraret.
710 3849 780 3908 Hoc
792 3849 905 3910 autem
920 3847 1061 3911 articulo
1073 3848 1114 3909 ad
1170 3849 1308 3912 minium
1323 3850 1536 3912 redundaret
1558 3850 1623 3912 Sed
1638 3863 1716 3912 ecce
1731 3849 1832 3928 (quod
1847 3851 1965 3912 dolen-

321 3950 480 4010 bonorem
512 3949 669 4007 Romanae
700 3943 923 4006 ecclesiane
951 3947 1112 4018 nostrum,
1169 3951 1218 4010 tes
1233 3946 1422 4028 referimus)
1449 3947 1548 4008 nimis
1572 3947 1637 4010 cito
1660 3947 1898 4010 inconveniens
1913 3947 1962 4008 is-

320 4060 450 4107 necnon
475 4044 509 4106 et
533 4041 635 4105 totius
665 4041 826 4113 ducatus,
862 4043 960 4118 prout
992 4041 1113 4115 decuit,
1169 4045 1225 4106 tud
1241 4044 1336 4106 nobis
1351 4043 1495 4121 obiicere
1507 4044 1703 4121 properasti,
1717 4044 1806 4116 dum,
1821 4060 1965 4106 venera-

320 4141 485 4219 expedit0,
499 4139 540 4202 ad
554 4153 668 4216 pacem
684 4138 717 4199 et
727 4137 1000 4215 tranquillitatem
1019 4139 1113 4216 ipso·
1169 4141 1228 4204 bili
1250 4141 1353 4204 fratre
1376 4142 1490 4204 nostro
1511 4141 1693 4202 Pariaiensi
1728 4141 1884 4218 episcopo
1900 4141 1961 4222 (1),

320 4255 395 4302 rum
410 4237 561 4312 diligenti
582 4235 807 4297 sollicitudine
821 4232 1018 4297 acsollicita
1033 4236 1115 4296 dili·
1170 4239 1226 4315 qui
1254 4236 1296 4299 ad
1326 4237 1551 4300 detonsionem
1579 4239 1725 4302 civitatis
1749 4238 1916 4315 predicte
1942 4254 1962 4300 a

321 4335 433 4414 gentle
446 4332 666 4404 intendentes,
692 4347 711 4392 a
726 4333 926 4404 Tudertinis,
943 4332 1116 4409 Feligina—
1168 4335 1386 4398 carissimoin
1396 4334 1606 4397 Cirristoiilio
1617 4336 1732 4398 nostro
1745 4337 1783 4396 Ρ.
1792 4333 1855 4414 (2),
1863 4338 1964 4398 Cons-

320 4434 422 4504 tibus,
440 4433 472 4494 et
487 4429 791 4492 interamnensibus
807 4445 867 4506 pro
879 4445 915 4491 se
928 4445 968 4492 uc
984 4429 1116 4506 adjuto·
1169 4433 1446 4510 tantinopolitano
1460 4420 1660 4509 imperatore
1674 4433 1797 4496 illustri
1811 4432 1962 4498 crucesi-

278 4518 282 4526 ’
321 4531 415 4592 ribus
435 4529 517 4600 ruis,
539 4542 596 4589 ore
622 4526 767 4604 proprio,
787 4542 855 4588 non
881 4527 954 4588 sine
971 4528 1113 4599 cautela,
1169 4531 1280 4606 gnato,
1292 4530 1360 4593 sibi
1374 4531 1408 4592 et
1420 4529 1523 4592 nobili
1535 4530 1608 4591 viro
1625 4529 1770 4592 Roberto
1784 4529 1825 4592 de
1841 4532 1962 4592 Curta·

321 4625 470 4690 osculum
496 4623 587 4702 pacis
612 4624 801 4700 accepimus
825 4623 866 4684 ad
889 4623 1032 4686 invicem
1058 4624 1116 4684 dr·
1170 4627 1266 4690 niaco
1280 4627 1377 4690 tratri
1397 4629 1469 4704 ejus
1491 4627 1689 4698 commissae,
1711 4643 1775 4688 una
1794 4643 1869 4688 curn
1882 4628 1961 4689 aliis

319 4725 407 4786 mius
422 4721 650 4792 observandae,
667 4719 785 4797 quibus
801 4720 836 4782 in
849 4721 1027 4796 praesentia
1042 4720 1114 4783 ira·
1170 4724 1306 4800 collegis
1328 4724 1397 4786 suis
1420 4739 1441 4784 a
1464 4723 1548 4787 sede
1572 4723 1762 4799 apostolica
1786 4723 1963 4800 deputatus

252 4810 262 4833 Χ
319 4825 409 4883 trum
433 4821 621 4880 nostrorum
653 4818 687 4879 et
720 4817 762 4877 de
793 4817 942 4893 ipsorum
975 4819 1115 4880 oonsilio
1169 4821 1306 4892 exstitit,
1331 4835 1390 4898 pro
1415 4819 1602 4881 imminenti
1626 4821 1826 4884 necessitate
1854 4821 1961 4898 ipsius

321 4920 451 4981 firmam
463 4931 577 4994 pacem
590 4917 630 4978 de
648 4917 769 4978 caetero
788 4915 957 4978 hincinde
971 4917 1116 4994 injunxi·
1168 4917 1370 4980 parisiensis
1403 4916 1554 4978 ecclesiae
1587 4917 1628 4980 ab
1663 4916 1962 4980 Autissiodorensis

320 5031 395 5079 rous
407 5013 659 5085 observandam,
675 5016 709 5075 et
723 5012 772 5073 sic
784 5012 938 5074 ducatum
953 5015 987 5076 et
1003 5015 1115 5076 ornnia
1170 5015 1393 5078 sollicibrdine
1406 5013 1570 5086 absoluto,
1594 5015 1627 5076 et
1648 5015 1689 5076 ad
1709 5018 1857 5078 nostram
1873 5031 1963 5093 prse-

321 5115 401 5186 alia,
424 5113 510 5174 siout
532 5127 572 5172 ea
597 5109 743 5187 possedit
764 5111 798 5171 et
817 5109 935 5171 babuit
950 5111 1115 5187 quondam
1169 5113 1310 5175 mutiam
1334 5111 1523 5182 accedente,
1553 5112 1587 5175 tu
1613 5112 1800 5185 confestim,
1828 5115 1961 5190 captata

319 5213 390 5274 dux
407 5207 591 5275 conradus,
614 5207 655 5270 ad
683 5206 919 5284 proprietatem
945 5208 978 5269 et
999 5207 1115 5270 doma·
1168 5214 1241 5286 ejus
1255 5209 1417 5280 absentia,
1431 5209 1599 5270 civitatem
1617 5208 1787 5286 prefatam
1807 5209 1961 5272 invasisti

321 5311 413 5371 nium
446 5307 605 5370 Romane
637 5303 794 5366 Ecclesiae
826 5304 1043 5378 reducentes,
1058 5309 1115 5384 jus
1169 5307 1336 5370 hostiliter
1349 5307 1383 5369 ct
1392 5321 1453 5383 per
1465 5305 1657 5368 violentiam
1670 5307 1851 5382 occupasti,
1868 5307 1960 5368 clero

322 5420 419 5468 suum
434 5401 625 5478 unicuique,
641 5415 715 5461 cum
731 5399 824 5462 locus
844 5402 878 5463 ct
891 5403 1020 5479 tempus
1042 5402 1116 5464 iue-
1168 5403 1202 5466 et
1211 5403 1332 5481 populo
1348 5401 1493 5464 civitatis
1509 5402 1658 5478 ejusdem
1672 5417 1791 5478 graves
1806 5404 1839 5464 et
1862 5418 1963 5466 enom

321 5505 375 5576 rit,
393 5499 588 5579 proponenti
604 5512 715 5559 coram
730 5496 827 5559 nobis
842 5497 998 5560 duximus
1009 5517 1115 5563 reser-
1168 5515 1228 5562 nes
1251 5499 1393 5578 irsjurlas
1414 5498 1605 5575 irrogando,
1627 5514 1693 5560 non
1708 5499 1822 5577 utique
1837 5499 1961 5578 absque

253 5619 261 5640 ⁸
358 5607 398 5680 (l)
419 5603 568 5663 Guilleltno
582 5600 617 5658 de
633 5601 798 5674 siligniaco.
918 5683 921 5690 Ι
1205 5603 1247 5681 (2)
1263 5606 1346 5663 Petro
1361 5602 1396 5660 dc
1408 5603 1588 5662 Curtenieco.
