4250 6404
1761 301 1821 360 ul

785 299 1013 359 EPIS'I'OLAE.
1038 299 1124 358 uls„
1140 299 1194 359 III.

168 299 225 360 113

166 457 272 534 exigit
284 455 435 530 rationis,
454 459 489 518 ut
504 456 536 517 id
553 472 612 533 per
621 456 879 518 sollicitudinem
895 457 964 519 olli·
1006 458 1258 536 scripseramus
1283 457 1408 521 eisdem
1439 459 1474 522 in
1505 459 1701 523 canonicum
1731 453 1847 538 reci*-

165 557 210 617 cii
230 555 336 616 nostri
356 555 396 616 ad
418 553 565 617 debitum
582 555 782 630 perducatur
797 555 960 616 ellectum.
1018 557 1133 633 parent
1148 557 1181 617 et
1195 557 1229 616 in
1248 555 1395 630 tratrem,
1412 555 1623 635 praebendale
1639 557 1702 617 sibi
1717 556 1822 618 bene-

165 657 211 715 Ea
228 654 378 730 propter,
402 651 513 712 dilecti
528 652 563 712 in
587 653 727 713 Domino
749 651 821 726 tilii,
843 653 963 714 vestris
1018 653 1129 713 licium
1153 654 1366 730 assignando,
1391 654 1510 732 majori
1527 657 1619 732 parte
1639 655 1820 715 canonico-

162 751 263 828 Justis
294 749 572 828 postulationibus
606 751 700 825 grato
727 751 962 812 concurrentes
1017 767 1091 810 rum
1117 751 1329 826 virgiacen„
1357 752 1444 813 sicut
1473 767 1517 814 ex
1545 751 1666 814 litteris
1703 767 1819 814 eorum

166 865 318 920 assensu,
332 863 493 925 personas
512 849 641 908 vestras
659 849 691 908 et
706 847 826 920 locum,
843 848 878 908 in
898 863 962 925 quo
1018 849 1217 925 accepimus,
1234 849 1270 910 in
1293 850 1636 927 recompensationem
1662 849 1753 910 illius
1778 848 1819 910 ob

165 947 279 1006 divino
294 946 375 1006 estis
387 943 544 1021 obsequio
560 944 750 1021 mancipati,
770 959 844 1005 cum
860 945 963 1005 omni·
1010 946 1239 1007 reverentiam
1256 945 1350 1007 Sedis
1370 948 1569 1024 Apostolicae
1580 947 1819 1017 concordante,

164 1043 408 1120 busbonisquae
419 1042 452 1102 iu
462 1041 963 1118 praesentiarumrationabiliter
1018 1043 1162 1103 decanus
1175 1059 1248 1104 cum
1261 1043 1361 1104 sociis
1376 1044 1445 1106 suis
1461 1060 1561 1121 super
1573 1047 1663 1106 certo
1680 1058 1818 1104 numero

165 1141 322 1219 possidet,
337 1142 394 1200 aut
409 1140 442 1199 in
454 1142 620 1216 posterum
628 1139 727 1215 justis
743 1140 849 1200 modis
864 1143 961 1219 pote·
1018 1140 1268 1216 praebendarum
1300 1140 1436 1218 objectis
1466 1141 1662 1218 quibusdam
1689 1141 1818 1202 frivolis

165 1240 211 1300 rit
233 1238 383 1316 adipisci,
410 1237 470 1297 sub
490 1237 578 1299 beati
593 1237 683 1299 Petri
704 1241 736 1298 et
760 1240 871 1299 nostra
891 1253 963 1314 pro-
1018 1237 1278 1314 exceptionibus,
1305 1240 1420 1300 contra
1442 1255 1527 1311 eum,
1554 1255 1637 1316 quas
1653 1253 1718 1299 una
1742 1255 1816 1298 cum

164 1336 309 1398 tectione
329 1334 538 1412 suscipimus.
566 1335 762 1412 specialiter
779 1338 889 1397 autem
904 1335 963 1396 vil·
1018 1334 1289 1411 responsionibus
1313 1335 1417 1412 partis
1439 1335 1577 1396 alterius
1592 1336 1693 1397 iidem
1709 1334 1818 1396 moni-

164 1432 232 1492 lam
261 1432 301 1492 de
324 1432 424 1508 Tepla
458 1447 532 1491 cum
557 1431 693 1502 teloni0,
721 1433 754 1494 et
781 1431 899 1492 villam
923 1431 962 1492 de
1017 1435 1107 1492 tores
1127 1433 1240 1494 nostro
1256 1433 1456 1510 apostolatui
1470 1433 1738 1504 transmiserunt,
1754 1449 1818 1493 no-

166 1529 401 1591 Liscbtenstall
417 1545 491 1588 cum
505 1526 576 1589 loro
596 1529 629 1590 et
644 1529 748 1605 sylva,
763 1530 796 1590 et
810 1529 963 1590 omnibus
1018 1530 1079 1591 luit
1103 1531 1303 1592 consentire.
1319 1531 1370 1592 Ne
1394 1531 1498 1608 Igitur
1511 1530 1649 1592 verbum
1673 1531 1758 1608 quod
1775 1529 1816 1590 de
1870 1542 1875 1551 ’

165 1627 374 1706 pertinentiis
403 1626 605 1698 earumdem,
630 1628 662 1688 et
686 1625 726 1686 de
754 1627 898 1696 Sandan,
923 1627 962 1687 de
1018 1643 1076 1688 ore
1095 1629 1208 1690 nostro
1224 1629 1383 1704 procedit,
1405 1629 1446 1689 ad
1468 1645 1529 1690 nos
1548 1643 1816 1690 vacuumrever-

164 1725 291 1801 empse,
319 1725 359 1784 de
384 1723 478 1791 Plan,
495 1723 535 1785 de
558 1722 714 1796 Schilran,
730 1724 770 1786 de
786 1724 960 1796 Bernadid,
1016 1725 1107 1785 tatur
1127 1741 1200 1786 cum
1217 1725 1336 1801 sagitta
1350 1727 1368 1786 J
1371 1726 1501 1787 onatlrae
1524 1727 1706 1787 retrorsum
1721 1725 1815 1786 abire

164 1823 205 1884 ds
222 1821 441 1892 Sobirnewid,
468 1821 507 1883 de
532 1821 634 1897 Clepi,
660 1821 701 1882 de
720 1821 895 1894 Ovensclri,
922 1822 962 1882 de

165 1920 329 1991 Biscovid,
347 1921 422 1991 etc,
437 1918 477 1980 de
487 1918 635 1987 Rocllau,
652 1919 751 1978 villas
762 1935 837 1980 cum
854 1921 963 1980 omui-

164 2019 226 2078 bus
258 2017 466 2094 pertinentiis
499 2017 580 2077 suis.
605 2017 730 2077 Curtim
753 2017 853 2078 etiam
876 2017 961 2078 Novi

165 2116 288 2177 Montis
315 2131 416 2190 super
436 2114 565 2174 Albiam
585 2129 659 2174 oum
682 2113 834 2176 omnibus
859 2115 963 2192 perti-

163 2213 287 2273 nentiis
302 2213 382 2282 suis,
402 2213 435 2272 et
448 2211 568 2272 caetera
583 2210 681 2281 bona,
699 2227 772 2288 quae
787 2211 881 2272 bonae
897 2228 962 2272 me

163 2311 279 2371 moriae
299 2310 461 2370 Uroanata
473 2307 760 2369 comesBohemiae
768 2309 961 2370 monasterii

163 2408 265 2468 uestri
284 2407 447 2477 fundator,
465 2406 519 2483 pia
533 2406 628 2467 vobis
643 2405 844 2468 liberalitate
856 2406 962 2468 dona-

162 2506 223 2576 vit,
240 2505 411 2567 libertates
431 2519 561 2581 quoque
576 2505 608 2565 et
627 2504 852 2566 immunitates
867 2504 960 2565 vobis

163 2619 183 2663 a
197 2602 370 2663 carissimo
388 2603 422 2662 in
435 2601 565 2663 Christo
587 2601 656 2662 lilio
678 2603 791 2663 nostro
804 2603 961 2678 ottogaro

162 2717 242 2776 rege
266 2699 432 2760 Bolremiae
456 2698 580 2760 illustri
604 2713 790 2772 concessas,
816 2700 903 2761 sicut
925 2701 959 2760 in

163 2801 236 2875 ejus
258 2797 449 2864 authentico
471 2797 600 2874 plenius
623 2798 821 2870 continetur,
839 2812 878 2858 ac
893 2797 959 2858 alia

162 2895 249 2956 bona
259 2897 379 2966 vestra,
394 2895 480 2956 sicut
495 2910 534 2955 ea
547 2895 657 2956 omnia
667 2897 757 2972 J'uste
770 2910 809 2956 ac
822 2895 959 2980 pacifice

162 2992 451 3070 possidetis,vobis
462 2995 560 3069 etper
571 3009 629 3054 uos
638 2992 839 3066 monasterio
848 2995 959 3056 vestro

163 3091 362 3152 auctoritate
376 3089 565 3167 apostolica
580 3091 813 3152 confirmamus
826 3091 859 3153 et
873 3107 961 3167 prae·

162 3187 267 3249 sentis
278 3187 393 3264 scripti
407 3187 590 3264 patrocinio
602 3188 852 3249 communimus.
868 3187 959 3248 Nulli

161 3301 242 3360 ergo
258 3286 427 3347 bominum
442 3284 541 3347 liceat
558 3286 645 3347 banc
659 3287 814 3363 paginam
837 3287 959 3348 nostrae

162 3383 376 3460 protectionis
409 3385 442 3444 et
472 3384 731 3445 confirmationis
761 3383 957 3459 infringere,

162 3481 215 3542 vel
231 3481 262 3542 ei
281 3496 366 3542 ausu
380 3480 558 3543 temerario
572 3481 748 3544 contraire.
765 3481 799 3542 Si
815 3481 889 3558 quis
903 3497 960 3542 au·

161 3581 227 3640 tem
243 3579 307 3640 boc
322 3578 485 3641 attentare
507 3580 775 3656 praesumpserit,
800 3581 959 3656 indigna·

163 3677 287 3738 tionem
310 3677 543 3753 omnipotentis
559 3677 618 3738 Dei
638 3680 670 3738 et
684 3676 855 3739 beatorum
869 3677 959 3739 Petri

76 3807 79 3810 -
163 3775 196 3835 et
211 3773 306 3834 Pauli
322 3774 546 3851 apostolorum
560 3778 632 3852 ejus
645 3791 680 3836 se
698 3776 829 3837 noverit
843 3777 959 3836 incur-

162 3886 288 3931 surum.
321 3872 438 3933 Datum
468 3870 624 3932 Laterani
656 3873 753 3933 nonis
780 3873 957 3946 februarii,

162 3969 374 4045 pontificatus
391 3969 496 4030 nostri
509 3985 597 4031 anno
609 3970 719 4032 tertio.

481 4112 645 4199 CXVIII

161 4237 214 4295 Ad
223 4237 429 4310 episcopum,
441 4239 622 4296 diaconum
636 4237 669 4297 ct
681 4239 961 4300 archidiaconum

465 4335 655 4394 Cabttouen.

462 4444 479 4501 6
495 4443 565 4500 febr.
581 4444 659 4501 lile.

209 4551 330 4614 filogud,
344 4551 388 4600 lib.
403 4551 446 4609 lli,
458 4565 497 4615 ep.
506 4549 562 4600 277.
571 4551 671 4601 bissis
685 4552 802 4601 Portedu
815 4553 908 4618 lircil]

196 4650 231 4706 Ut
245 4647 414 4706 beneficium
432 4647 612 4722 praebendale
627 4647 803 4706 subdiacono
814 4649 920 4708 iaciunt

483 4739 634 4812 assignari

200 4836 375 4907 Honorius,
400 4839 475 4908 eto,
500 4836 684 4898 venerabili
708 4837 841 4899 fratri...
870 4839 961 4916 epis-

159 4951 253 5010 copo,
270 4936 303 4995 et
317 4934 446 4995 dilectis
468 4933 571 4996 iliis...
592 4935 734 5008 decano,
750 4937 783 4997 et
799 4938 830 4997 S.
847 4937 961 4998 archi-

158 5033 299 5094 diacono
313 5032 503 5094 cabilonen.

198 5130 318 5192 Dilecti
342 5129 403 5189 lilii
426 5131 596 5192 lohannes
615 5129 738 5192 bduen
756 5131 789 5192 et
802 5131 960 5208 magister

158 5228 322 5290 Martinus
363 5225 578 5288 silviniacen.
619 5229 849 5290 archidiaconi
889 5230 958 5290 suis

157 5325 254 5387 nobis
267 5325 387 5388 litteris
403 5324 611 5396 intimarunt,
629 5326 714 5402 quod
730 5343 841 5387 cum...
859 5326 959 5390 deca-

156 5440 237 5485 num
253 5425 285 5486 et
295 5423 474 5500 capitulum
484 5421 675 5497 virgiacen.
693 5423 817 5486 liduen.
835 5424 959 5485 dioece-

156 5523 204 5582 sis
220 5520 417 5583 auctoritate
432 5522 546 5582 nostra
564 5521 754 5581 monuerint
768 5521 955 5597 diligenter,

157 5623 193 5681 ut
208 5619 365 5680 dilectum
385 5618 489 5678 tilium
514 5617 749 5679 subdiaconum
762 5621 857 5694 juxta
871 5621 954 5696 quod

1019 1838 1084 1882 non
1099 1822 1227 1894 debeat,
1251 1823 1307 1883 ssd
1324 1823 1423 1899 dirigi
1448 1823 1557 1900 potius
1579 1824 1614 1884 in
1638 1823 1812 1895 directum,

1018 1920 1211 1982 discretioni
1238 1921 1359 1982 vestrae
1388 1936 1447 1997 per
1475 1920 1663 1999 apostolica
1690 1921 1814 1997 scripta

1017 2018 1222 2090 mandamus,
1249 2019 1412 2094 quatenus
1439 2033 1514 2078 cum
1536 2021 1644 2095 major
1666 2034 1754 2095 pars,
1780 2019 1815 2078 ut

1016 2116 1224 2188 dictumest,
1248 2118 1318 2193 jam
1342 2115 1549 2179 consenserit
1576 2117 1611 2177 in
1642 2115 1809 2189 eumdem,

1017 2213 1081 2272 nisi
1103 2212 1211 2274 dictus
1226 2213 1371 2273 decanus
1391 2214 1423 2274 et
1438 2212 1490 2274 sui
1505 2229 1579 2274 cum
1595 2213 1662 2274 sint
1677 2227 1815 2273 numero

1016 2309 1192 2387 pauciores
1222 2310 1313 2371 aliud
1346 2309 1545 2372 rationabile
1575 2310 1759 2387 objecerint
1782 2312 1816 2371 et

1017 2407 1197 2484 probarint,
1210 2410 1345 2484 propter
1358 2408 1444 2485 quod
1459 2407 1532 2468 lieri
1547 2424 1614 2468 non
1629 2407 1748 2468 debeat
1756 2407 1811 2469 vel

1016 2521 1082 2566 non
1106 2506 1227 2583 possit,
1253 2506 1410 2582 praefatus
1435 2505 1677 2576 subdiaconus,
1713 2505 1767 2566 cui
1792 2521 1812 2566 a

1015 2602 1210 2680 quibusdam
1226 2601 1383 2664 iratribus
1399 2603 1520 2663 nostris
1539 2601 1706 2662 laudabile
1718 2603 1815 2664 testi-

1015 2699 1161 2760 monium
1181 2697 1383 2776 perhibetur,
1400 2700 1435 2760 in
1461 2699 1650 2774 virgiacen.
1672 2700 1813 2760 ccclesia

1014 2798 1049 2858 iu
1061 2797 1257 2858 canonicum
1269 2799 1302 2858 et
1312 2798 1447 2859 tratrem
1461 2797 1589 2860 admitti
1602 2797 1635 2858 et
1646 2797 1814 2872 assignari

1016 2894 1079 2956 sibi
1090 2894 1299 2972 praebendale
1313 2894 1509 2955 beneficium
1520 2894 1662 2956 faciatis.
1680 2897 1815 2956 Contra-

1014 2991 1157 3053 dictores
1181 3007 1438 3068 percensuram
1462 2991 1722 3052 ecclesiasticam
1749 3007 1813 3068 ap-

1015 3088 1193 3166 pellatione
1207 3089 1388 3166 postposita
1409 3089 1657 3165 compescendo.
1677 3088 1767 3160 Quod
1784 3088 1813 3148 si

1014 3203 1079 3248 non
1089 3189 1285 3255 omnesetc.
1300 3188 1418 3248 Datum
1427 3186 1581 3249 Laterani
1598 3187 1671 3248 Vlll
1684 3186 1757 3247 idus
1769 3184 1815 3246 se·

1014 3283 1142 3345 bruerii
1158 3299 1245 3345 anno
1263 3283 1372 3346 tertio.

1352 3426 1473 3512 cxlx
1566 3471 1568 3475 v

1014 3552 1810 3626 noncupatuminteramnememcpscopum.

1123 3743 1125 3748 Ι
1299 3665 1332 3723 la
1351 3663 1421 3722 febr.
1443 3665 1521 3722 lili.

1092 3771 1200 3835 [Bullar.
1211 3771 1366 3833 Romanum,
1376 3771 1417 3821 ed.
1429 3773 1504 3822 Teur.
1514 3771 1556 3829 111,
1570 3769 1624 3828 ³I8,
1641 3785 1666 3820 n.
1682 3769 1734 3835 tt]

1015 3872 1048 3928 Ei
1062 3855 1213 3929 confirmat
1224 3871 1436 3938 concessiones,
1452 3867 1588 3939 redditus,
1599 3868 1662 3942 jum
1676 3876 1704 3925 et
1716 3869 1813 3926 omnia

1049 3975 1114 4032 quae
1128 3960 1353 4017 interamnensis
1366 3958 1557 4017 communitas
1575 3958 1751 4030 episcopatui
1765 3973 1812 4014 as-

1050 4049 1176 4120 signavit
1189 4048 1218 4103 in
1232 4048 1338 4105 dotem.

1055 4155 1234 4227 Honorius,
1246 4155 1432 4232 episcopus,
1447 4154 1522 4225 eto,
1539 4169 1613 4214 ven.
1631 4153 1725 4214 tratri
1741 4169 1815 4214 nos·

1014 4255 1065 4314 tro
1084 4252 1252 4328 Raynerio
1266 4252 1509 4312 interamnensi
1532 4251 1699 4327 episcopo,
1720 4250 1815 4312 salu-

1015 4352 1084 4412 tem
1100 4352 1135 4412 et
1146 4349 1361 4426 apostolicam
1377 4347 1651 4410 benedictionem.

1054 4449 1072 4509 J
1075 4447 1157 4507 ustis
1166 4447 1345 4524 petentium
1355 4445 1530 4508 desideriis
1540 4446 1677 4523 dignum
1689 4448 1740 4510 est
1752 4463 1813 4509 uos

1015 4545 1146 4606 facilem
1160 4546 1309 4622 praebere
1324 4559 1533 4617 consensum,
1550 4545 1583 4606 et
1600 4545 1688 4615 vota,
1705 4561 1813 4622 quasa

1015 4643 1156 4704 rationis
1175 4643 1309 4704 tramite
1337 4659 1403 4704 non
1431 4643 1632 4714 discordant,
1660 4643 1813 4704 effectum

1015 4743 1255 4818 consequenter
1269 4741 1445 4817 complere.
1468 4743 1514 4801 Ea
1529 4742 1674 4817 propter,
1690 4756 1764 4801 ven.
1779 4741 1814 4801 in

1015 4840 1145 4900 Christo
1164 4839 1268 4901 irater
1288 4839 1454 4916 episcope,
1473 4838 1539 4899 tuis
1550 4839 1651 4916 justis
1665 4837 1815 4916 postula-

1014 4935 1159 4999 tionibus
1174 4937 1269 5011 grato
1285 4937 1520 4996 concurrentes
1542 4935 1664 4997 affectu
1677 4951 1816 4998 conces-

1014 5033 1137 5106 sienae,
1150 5032 1309 5103 redditus,
1324 5035 1414 5110 iura,
1431 5033 1463 5093 et
1478 5033 1600 5106 omnia,
1618 5050 1690 5111 quae
1706 5035 1816 5096 Inter-

1014 5131 1183 5192 amnensis
1203 5131 1423 5192 communitas
1437 5131 1641 5208 episcopatui
1662 5133 1815 5208 assigna·-

1013 5229 1061 5290 vit
1073 5229 1107 5289 in
1119 5229 1239 5300 dotem,
1251 5228 1384 5290 sicutea
1395 5227 1506 5299 omnis
1512 5230 1605 5305 Juste
1613 5229 1774 5306 possides,
1782 5232 1815 5292 et

1013 5327 1135 5404 quiete,
1149 5329 1182 5388 et
1195 5327 1415 5389 instrumento
1430 5326 1508 5388 inde
1519 5325 1668 5388 consecto
1682 5326 1814 5404 plenius

1013 5423 1213 5496 continetur,
1221 5424 1293 5496 tibi,
1312 5440 1351 5485 ac
1364 5423 1612 5486 successoribus
1625 5425 1692 5484 tuis
1703 5423 1815 5485 aucto·

1012 5523 1111 5585 ritate
1123 5522 1312 5600 apostolica
1330 5523 1577 5607 confirmamus,
1589 5523 1622 5582 et
1637 5520 1813 5597 praesentis

1012 5621 1126 5698 scripti
1142 5619 1328 5697 patrocinio
1341 5619 1582 5682 communimus
1600 5641 1607 5678 :
1629 5617 1669 5679 ad
1684 5617 1733 5680 rei
1746 5636 1811 5681 au-
