4250 6404
291 328 350 386 135
574 368 576 374 ι
903 329 1081 392 hebetur
1104 331 1147 392 ΙΙΙ
1170 331 1317 396 oraha.
1878 337 1941 400 lae

289 487 475 548 cratissima
491 501 629 563 corpore
650 489 683 548 et
706 487 869 562 sanguiue
884 489 944 548 Dei
962 491 995 551 et
1014 491 1084 575 Do<
1138 491 1273 569 injuriis
1310 498 1344 554 et
1379 493 1590 556 contumeliis
1619 495 1777 572 gravibus
1805 495 1940 558 allicere

290 585 371 644 mini
385 584 612 660 Redemptoris
625 585 730 646 nostri
744 587 824 646 lesu
839 585 961 647 Christi
974 573 1084 648 aliena
1139 590 1392 664 praesumebant.
1406 593 1474 653 Nos
1487 592 1635 654 volentes
1649 593 1685 653 in
1696 594 1759 654 hec
1770 610 1844 654 eum
1862 579 1939 655 ma-

291 681 358 753 llat,
387 683 485 758 atque
509 683 544 742 in
568 683 716 744 extremo
743 683 897 743 examine
925 683 1083 746 districtae
1138 687 1274 748 turitate
1305 689 1483 764 procedere
1514 691 1600 751 sieut
1633 691 1787 767 exigebat
1813 691 1941 766 negotii

290 779 460 856 subjaceat
474 779 603 840 ultioni.
618 779 752 840 Cunctis
765 782 875 841 autem
888 781 995 842 eidem
1011 783 1084 843 loeo
1139 785 1347 859 magnitudo,
1381 769 1566 848 venerabili
1599 785 1695 849 hatri
1731 789 1844 850 nostro
1848 831 1939 849 .......

290 894 350 938 sua
361 881 439 954 jnra
453 876 663 938 servantibus
680 877 739 938 liat
751 893 818 954 pax
833 879 964 939 Domini
979 880 1083 941 nostrl
1139 881 1334 943 carnotensi
1347 883 1501 961 episeopo
1516 885 1595 946 tune
1611 885 1860 947 Pontiniaeensi
1874 887 1940 947 ab·

288 979 368 1037 Jesu
383 975 517 1047 Christi,
536 973 699 1051 quatenus
714 977 747 1035 01
762 975 817 1038 hie
831 975 973 1038 fructum
988 977 1083 1039 bonae
1138 976 1206 1040 bati
1233 979 1265 1040 et
1292 979 1415 1050 dilecto
1433 981 1502 1042 illio
1506 1025 1566 1042 .....
1598 982 1703 1058 priori
1720 983 1834 1045 Sancti
1861 985 1943 1044 Vic-

288 1073 431 1134 actionis
447 1072 643 1149 percipiant,
660 1075 693 1134 et
715 1073 801 1148 apud
826 1073 1011 1136 districtum
1027 1078 1085 1152 ju·
1138 1075 1220 1135 toris
1245 1077 1408 1137 Parisien.
1439 1091 1541 1154 super
1563 1078 1627 1140 hoc
1651 1079 1711 1140 sub
1728 1083 1818 1140 certa
1833 1079 1941 1153 1011110

288 1171 394 1232 dicem
424 1170 560 1247 praemla
594 1173 728 1232 aetarnae
770 1172 863 1248 pacis
898 1173 1081 1234 inveniant.
1138 1171 1322 1233 direximus
1355 1174 1478 1250 scripta
1507 1176 1632 1237 nostra.
1657 1175 1719 1248 Qui
1747 1177 1941 1240 mandatum

287 1273 403 1330 Amen.

328 1369 395 1442 Ego
411 1368 477 1427 Leo
487 1365 577 1428 tituli
588 1366 710 1427 sanetae
723 1365 837 1426 Crucis
848 1366 883 1426 in
895 1367 1082 1428 Jerusalem

288 1464 460 1540 presbyter
474 1462 667 1524 cardinalis.

329 1565 396 1637 Ego
418 1561 604 1638 Stephanus
619 1561 771 1622 Basilicas
788 1561 961 1622 duodecim
975 1565 1083 1638 Apes·

237 1733 238 1736 ,
286 1659 429 1721 telorum
443 1659 615 1736 presbyter
629 1659 821 1719 cardinalis.

327 1761 395 1832 Ego
409 1757 589 1832 Gregorius
601 1756 689 1817 tituli
703 1757 888 1817 anastasiae
911 1756 1082 1834 presbyter

286 1854 478 1916 cardinalia.

326 1955 393 2028 Ego
415 1953 557 2013 Thomas
576 1951 665 2013 tituli
681 1953 806 2013 sanetae
831 1949 963 2013 Sabinae
987 1967 1082 2030 pres-

285 2049 380 2128 byter
394 2049 585 2112 cardinalis.

326 2151 393 2224 Ego
419 2147 586 2208 Honorius
612 2145 790 2207 Catholicae
816 2145 972 2208 Ecclesiae
996 2147 1080 2226 epis·

285 2261 399 2322 copus.

325 2345 392 2418 Ego
408 2341 513 2402 Guido
529 2341 754 2402 Praenestinus
766 2341 953 2417 episcopus.

325 2443 391 2517 Ego
407 2439 588 2511 conradus,
607 2439 800 2500 Portuensis
816 2439 848 2499 et
864 2439 994 2500 Sanctae
1009 2440 1081 2500 Ru-

284 2539 359 2600 linae
373 2539 557 2616 episcopus.

324 2639 391 2713 Ego
407 2635 509 2698 irater
523 2635 693 2706 Nicotaus,
708 2633 915 2694 Tusculanus
931 2634 1032 2710 episc.

323 2737 391 2810 ligo
402 2733 518 2804 Gnido,
528 2731 725 2793 S.Nieholai
736 2732 771 2791 in
781 2746 916 2794 earcere
926 2731 1079 2792 'rulliano

282 2833 442 2894 diaconus
455 2829 647 2891 cardinalis.

322 2933 390 3006 Ego
408 2931 476 2990 Oct.
493 2929 689 2988 Sanctorum
713 2925 821 3002 Sergii
836 2927 869 2987 et
883 2925 986 2987 Baebi
1001 2925 1078 2987 dia·

282 3043 386 3089 conus
401 3025 593 3087 cardinalis.

322 3127 390 3200 ago
419 3123 598 3198 Gregorius
623 3121 736 3183 Sancti
763 3120 886 3182 Theod.
920 3120 1079 3181 diaconus

282 3221 474 3283 cardinalis.

321 3323 389 3396 Ego
414 3319 602 3397 Stephanus
624 3317 737 3379 Sancti
761 3315 899 3379 Adriani
921 3315 1079 3378 diaeonus

282 3415 474 3478 cardinalis.

322 3517 406 3576 Data
416 3515 573 3577 Laterani
584 3529 643 3589 per
653 3527 786 3574 manum
798 3511 947 3585 Ranerii,
956 3513 1079 3573 sanetae

283 3616 442 3674 Romanae
478 3610 634 3671 Ecclesiae
664 3609 929 3681 vicecamerarii,
954 3611 985 3669 X
1012 3608 1079 3670 lra-

284 3711 399 3771 lendas
419 3709 542 3780 martii,
566 3707 758 3778 indictione,
772 3709 815 3769 VI
836 3707 1079 3768 incarnationis

283 3807 463 3870 bominieae
478 3821 565 3867 anno
580 3805 753 3876 MCGXIX,
765 3791 980 3880 'pontificatus
1000 3820 1079 3865 vero

283 3906 408 3967 domini
421 3904 561 3966 Honorii
574 3903 662 3965 tertii
678 3919 766 3964 anno
779 3902 888 3965 tertio.

612 4065 747 4152 CXXX

324 4205 373 4274 Ad
408 4206 574 4263 decertum
607 4200 750 4262 electum
788 4201 821 4260 ct
855 4199 1036 4272 officialem

554 4297 799 4359 Biterieccses.

574 4409 609 4468 ²3
628 4409 778 4466 10111119.
1100 4481 1103 4492 Ι

297 4508 475 4576 [1101001111.
493 4507 536 4566 111,
551 4503 694 4570 00101310.
709 4507 766 4555 hias.
784 4506 820 4555 La
833 4505 908 4555 Perta
922 4505 1064 4571 1111111011]

282 4611 323 4668 110
336 4607 489 4664 rebellione
503 4615 707 4664 conversorum
723 4610 820 4659 contra
837 4603 960 4674 priorem
979 4610 1008 4660 et
1024 4602 1079 4660 cle-

317 4698 391 4754 ricos
415 4692 680 4753 Grandlmontensis
704 4691 887 4758 monasterii3
913 4691 1079 4748 eorumdem

317 4786 439 4858 punitlo;
449 4781 578 4855 eiusdem
589 4779 754 4838 monasterii
762 4778 796 4836 ad
808 4777 970 4852 Philippum
980 4793 1079 4852 regem

1138 1271 1287 1334 nostrum
1321 1271 1464 1332 fideliter
1492 1277 1732 1350 exsequentes,
1759 1275 1800 1334 ad
1830 1275 1941 1336 locum

1137 1367 1359 1444 personaliter
1386 1372 1610 1442 accesserunt,
1635 1371 1667 1432 et
1691 1371 1828 1432 invento
1852 1373 1941 1449 quod

1137 1463 1289 1526 conversi
1322 1467 1594 1542 perpetraverant
1617 1481 1675 1540 ea,
1701 1483 1774 1544 quae
1806 1469 1943 1531 luerunt

1137 1561 1233 1622 nobis
1258 1565 1425 1651 suggesta,
1454 1564 1486 1624 01
1510 1564 1577 1624 alla
1598 1565 1771 1639 graviora,
1797 1565 1880 1627 adeo
1904 1568 1942 1629 ut

1136 1659 1236 1720 etiam
1270 1660 1378 1736 ipsum
1406 1661 1551 1738 priorem
1578 1662 1620 1722 de
1642 1661 1729 1724 lacto
1760 1663 1942 1725 destituere

1136 1758 1437 1834 presumpsissent,
1447 1759 1488 1820 de
1496 1759 1692 1835 prudentum
1704 1759 1852 1822 virorum
1865 1777 1942 1822 een·

1136 1853 1212 1914 silio
1251 1855 1470 1918 restituerunt
1506 1856 1677 1928 eumdem,
1715 1859 1748 1919 01
1782 1857 1817 1918 11
1846 1859 1939 1936 ipsos

1135 1965 1324 2040 conversos,
1341 1951 1419 2015 lieet
1430 1957 1504 2031 'jam
1519 1969 1579 2031 per
1591 1955 1701 2031 ipsum
1721 1955 1866 2032 priorem
1879 1971 1943 2016 ex-

1136 2051 1447 2112 communicationis
1460 2051 1624 2114 sententia
1638 2052 1827 2125 innodatos,
1839 2069 1941 2130 prop-

1135 2148 1187 2206 ter
1212 2149 1453 2210 contumaciam
1479 2149 1670 2211 eorumdem
1695 2149 1942 2212 011111011οθ1-

1134 2244 1271 2306 tentiam
1288 2245 1506 2321 protulerunt,
1519 2245 1639 2323 quibus
1652 2261 1691 2308 ea
1707 2249 1894 2325 contempta
1904 2249 1940 2308 in

1135 2357 1194 2403 sua
1215 2343 1339 2404 duritia
1359 2343 1624 2420 persistentibus,
1642 2345 1675 2406 et
1691 2344 1941 2407 1010110101-

1134 2439 1314 2502 dimonten.
1331 2439 1553 2502 detinentibus
1573 2441 1777 2519 occupatam,
1795 2444 1888 2521 prior
1906 2445 1941 2506 01

1134 2537 1247 2598 0101101
1262 2537 1304 2598 ab
1319 2539 1445 2610 eadem,
1467 2553 1702 2600 conversorum
1718 2538 1938 2603 formidantes

1134 2635 1307 2705 saevitiam,
1325 2636 1499 2712 exierunt;
1516 2635 1616 2698 iidem
1630 2652 1710 2698 vero
1732 2639 1886 2698 conversi
1906 2641 1940 2700 et

1134 2731 1267 2809 quidam
1289 2733 1403 2794 cleriei
1428 2750 1501 2794 eum
1526 2733 1587 2806 010,
1609 2734 1813 2811 Stephanum
1828 2735 1939 2812 ipsius

1133 2829 1198 2890 1001
1214 2829 1371 2891 clericum
1384 2831 1419 2892 in
1439 2830 1547 2892 locum
1562 2831 1684 2907 prioris
1702 2831 1888 2902 intrudere,
1905 2834 1939 2896 et

1134 2927 1164 2986 ei
1180 2928 1301 3003 prioris
1316 2943 1436 2989 nomen
1452 2929 1624 3005 imponere
1640 2931 1936 3006 presumpserunt.

1134 3025 1938 3100 Quibusdamigiturclericisetconversisordinis

1133 3125 1269 3199 propter
1284 3123 1394 3184 hocin
1410 3124 1523 3185 nestra
1534 3125 1712 3199 praesentia
1733 3125 1936 3197 constitutis,

1135 3220 1937 3300 nosdeelarandoquaedamcapitularegulaequae

1135 3317 1506 3395 praecipuevldebantur
1514 3318 1602 3380 inter
1611 3335 1668 3380 ees
1680 3320 1855 3381 materiam
1871 3337 1937 3396 pa-

1134 3431 1209 3476 rere
1227 3416 1427 3492 jurgiorum,
1444 3431 1483 3477 ac
1502 3416 1635 3494 quidam
1651 3416 1938 3493 praedeeessorum

1134 3513 1938 3586 nostroruminnovandostatuta,einostraetiam

1134 3610 1322 3686 adiiciendo
1337 3612 1377 3672 de
1390 3627 1475 3673 novo
1489 3611 1666 3688 pacilieare
1677 3613 1797 3674 cuncta
1812 3613 1940 3688 sategi·

1134 3725 1219 3781 mus,
1231 3723 1290 3787 per
1303 3725 1375 3787 quae
1385 3709 1672 3787 tranquillitatem,
1682 3711 1940 3786 etpacemejns-

1134 3807 1208 3868 dem
1219 3807 1347 3868 ordinis
1360 3807 1620 3869 conservandam
1629 3805 1793 3867 eredimus
1805 3807 1839 3866 in
1849 3806 1938 3868 lutu-

1133 3922 1218 3966 rum.
1232 3905 1316 3978 Quia
1328 3921 1408 3966 vero
1419 3905 1609 3965 eorumdem
1624 3919 1860 3965 conversorum
1881 3919 1938 3965 ex-

1135 4019 1247 4065 cessus
1261 4003 1335 4080 plus
1358 4002 1494 4080 possent
1514 4001 1665 4078 exemplo
1684 4016 1815 4074 nocere,
1833 4017 1934 4079 quam

1135 4099 1937 4176 laetosicostransirecontingeretimpunitos,de

1136 4199 1275 4260 consilio
1302 4199 1442 4261 fratrum
1458 4199 1646 4259 nostrorum
1660 4195 1878 4268 decrevimus,
1899 4198 1938 4258 111

1136 4297 1290 4375 priorem,
1308 4311 1405 4374 quem
1420 4296 1460 4356 de
1479 4297 1557 4373 jure
1577 4295 1794 4355 restituerunt
1804 4294 1937 4372 judices

1135 4395 1342 4466 contradicti,
1364 4394 1406 4456 de
1432 4393 1519 4454 10010
1542 4393 1641 4454 etlam
1657 4392 1807 4470 plenarie
1830 4391 1936 4453 resti-

1134 4492 1216 4564 tute,
1234 4490 1410 4552 elreducto
1426 4505 1500 4551 cum
1514 4487 1647 4550 clericis
1661 4489 1838 4559 universis
1855 4483 1937 4550 dicti

1135 4589 1287 4650 conversi
1312 4588 1475 4649 restitutis
1502 4585 1665 4656 omnibus,
1689 4601 1762 4662 quaa
1794 4584 1836 4646 ab
1864 4585 1937 4662 ipsa

1134 4686 1242 4757 dome,
1259 4689 1291 4747 et
1299 4685 1456 4745 membris
1467 4687 1538 4762 ejus
1547 4685 1672 4745 temere
1687 4681 1934 4760 adspertarnnt,

1134 4783 1351 4845 absolutionis
1371 4781 1567 4843 beneficium
1583 4779 1754 4840 humiliter
1775 4780 1888 4857 petant
1903 4782 1939 4843 01

316 4884 458 4932 limitti-
1134 4877 1936 4958 devoterecipiantabeodem,iidemquesingulis

321 4981 500 5051 Honorius,
534 4980 609 5046 ete..
636 4977 765 5040 dilectis
789 4977 905 5040 liliis..'.
935 4976 1076 5039 electo...
1133 4978 1248 5040 diebus
1271 4978 1445 5040 dominicis
1461 4993 1565 5053 usque
1589 4975 1629 5036 ad
1651 4991 1774 5036 annum
1789 4975 1824 5034 11
1837 4976 1933 5051 capi-

281 5079 407 5140 decano
422 5081 490 5140 et...
507 5076 642 5139 officiali
657 5077 838 5137 Biturieen.
1132 5077 1202 5138 tulo
1214 5075 1444 5146 verberentur,
1458 5076 1491 5136 et
1506 5073 1597 5134 omni
1612 5073 1706 5133 sexta
1721 5071 1805 5133 laria
1820 5071 1936 5133 vivant

321 5179 402 5239 Cum
428 5175 507 5236 elim
527 5175 641 5250 gravis
655 5175 775 5235 luisset
798 5171 839 5234 ad
866 5189 927 5235 nos
951 5173 1077 5250 perlata
1132 5175 1166 5234 in
1182 5174 1421 5250 paccataque,
1439 5172 1505 5232 nisi
1521 5171 1613 5248 prior
1627 5169 1822 5230 clementius
1837 5183 1936 5244 agen-

280 5274 427 5354 querela,
455 5272 540 5350 quod
576 5272 729 5333 conversi
763 5271 1077 5333 Grandimontenses
1132 5271 1209 5333 dum
1235 5271 1368 5332 duxerit
1402 5285 1477 5330 curn
1505 5267 1640 5329 eisdem.
1671 5270 1699 5327 A
1723 5266 1934 5348 perceptione

280 5374 402 5452 prioris
427 5371 478 5432 sui
501 5383 665 5432 cameram
686 5371 719 5430 et
732 5369 839 5445 ipsam
852 5369 1076 5430 Grandimon-
1130 5383 1262 5446 quoqne
1275 5367 1438 5428 Dominicl
1463 5365 1612 5443 corporis
1634 5366 1666 5425 et
1683 5363 1859 5439 sanguinis
1875 5379 1935 5439 per

279 5475 405 5532 tensam
421 5468 596 5531 ecelesiam
623 5482 706 5527 ausu
725 5467 896 5542 ¹sacrilego
923 5466 1075 5527 cenlrln-
1131 5481 1254 5527 annum
1275 5464 1473 5537 abstineant,
1493 5463 1557 5524 nisi
1579 5462 1691 5522 lorsan
1712 5461 1827 5522 mortis
1840 5461 1936 5522 vide-

279 5573 404 5642 pentes,
431 5567 581 5630 eumdem
611 5561 754 5641 priorem
775 5565 808 5626 et
827 5564 911 5625 alios
928 5563 1076 5641 ejusdem
1130 5565 1223 5625 retur
1241 5563 1401 5624 articulus
1419 5561 1604 5622 imminere.
1631 5561 1796 5620 Praeterea
1818 5573 1933 5619 omnes

278 5668 342 5728 leel
370 5667 508 5726 elericos
536 5661 725 5726 detinebant
752 5661 907 5734 inclusos,
940 5664 971 5726 et
991 5661 1074 5724 aiios
1130 5657 1609 5743 111101111001111101110100100
1629 5657 1730 5717 tantae
1745 5656 1932 5732 iniquitatis
