4300 6392
287 277 357 383 lsr'
906 323 1082 384 nononu
1105 323 1150 383 111
1173 325 1321 386 ornes.
1875 325 1938 386 sss

287 481 450 544 brandum
479 496 539 559 pro
559 481 735 544 monastici
763 481 891 543 ordinis
914 480 1081 543 reforma·
1136 481 1232 543 vobis
1257 483 1312 560 pia
1341 481 1541 544 liberalitate
1565 481 1714 552 donavit,
1753 481 1840 544 sicut
1875 499 1935 544 eas

286 579 378 641 tione
390 579 572 657 capitulum
581 580 678 656 Juxta
691 579 860 655 generalis
871 580 992 640 statuta
1002 581 1083 640 con·
1133 581 1224 656 juste
1247 583 1280 642 et
1301 580 1439 656 paciilce
1463 579 1653 656 possidetis,
1675 580 1709 641 et
1726 579 1760 639 in
1783 579 1934 656 ejusdem

287 677 357 738 cilii
386 677 612 748 convenerint,
643 675 745 738 abbas
772 677 886 738 Sancti
925 675 1081 737 Eucherii
1137 678 1227 752 regis
1253 677 1374 740 litteris
1398 677 1597 748 continetur,
1622 677 1821 738 auctoritate
1839 677 1935 738 vobis

213 820 222 835 ,
288 791 363 835 cum
379 775 495 852 paucis
510 773 587 834 aliis
602 773 782 850 provinciae
798 773 965 850 praedictae
980 771 1084 833 abba·
1137 775 1326 850 Apostolica
1338 774 1583 844 confirmamus,
1593 773 1626 834 et
1636 773 1933 850 prasentisscripti

288 870 389 942 tibus,
404 871 475 948 ipso
497 871 530 931 et
553 885 619 930 uno
644 868 684 930 de
708 869 936 931 visitatoribus
956 885 1084 946 praece-
1137 872 1324 948 patrocinio
1338 871 1591 934 communimus.
1602 871 1693 932 Nulli
1707 886 1787 946 ergo
1797 871 1934 932 omnino

290 967 398 1029 dentis
412 965 561 1037 triennii,
579 982 618 1027 ac
633 966 803 1027 nonnullis
817 966 893 1028 aliis
909 965 1082 1027 abbatibus
1137 968 1310 1030 bominum
1321 969 1422 1030 liceat
1440 968 1527 1030 lianc
1545 969 1700 1046 paginam
1714 971 1836 1029 nostrae
1851 984 1936 1029 con·

288 1065 478 1126 nullatsnus
492 1062 686 1139 expectatis,
698 1063 907 1125 etcelebrato
919 1062 1084 1123 infreme
1137 1066 1335 1144 firmationis
1349 1066 1543 1142 infringere,
1555 1066 1609 1126 vel
1619 1065 1650 1127 ei
1661 1081 1745 1126 ausu
1758 1066 1935 1126 temerario

289 1161 406 1223 ridiem
441 1161 620 1236 assignatae
648 1159 715 1222 diei
742 1161 899 1237 capitulo,
915 1175 955 1221 ac
981 1159 1016 1221 iu
1042 1174 1083 1220 eo
1137 1163 1314 1225 contraire.
1332 1164 1367 1224 Si
1383 1165 1457 1240 quis
1472 1165 1583 1225 antem
1598 1163 1661 1224 boc
1674 1163 1838 1224 attentare
1851 1177 1934 1238 prae·

288 1258 416 1321 cunctis
431 1273 504 1337 quae
518 1258 637 1320 debent
652 1257 685 1319 in
698 1258 843 1336 capitulo
858 1258 932 1319 lieri
944 1257 1084 1335 praeter-
1138 1261 1597 1337 sumpseritindignationem
1611 1259 1847 1336 omnipotentis
1858 1259 1932 1330 Dei,

287 1356 400 1418 missis
430 1355 510 1432 eligi
545 1371 581 1416 se
608 1355 643 1416 in
670 1355 880 1417 visitatorem
912 1353 1083 1431 sequentis
1137 1359 1170 1420 et
1179 1358 1351 1420 beatorum
1362 1359 1451 1419 Petri
1462 1359 1496 1419 et
1505 1357 1599 1418 Pauli
1610 1357 1933 1434 apostolorumejus‚

289 1452 427 1514 triennii
443 1451 645 1529 procuravit,
657 1451 714 1528 qui
724 1451 859 1542 ‘dixisse
874 1449 1081 1528 proponitur,
1138 1471 1173 1516 se
1188 1457 1319 1517 noverit
1331 1457 1555 1516 incursurum.
1571 1455 1690 1516 Datum
1705 1453 1792 1531 apud
1809 1452 1931 1515 Urbem

288 1549 375 1628 quod
390 1549 505 1611 eodem
521 1549 671 1610 Gorzieu.
694 1535 727 1610 et
741 1548 818 1610 aliis
838 1546 1013 1610 abbatibus
1026 1562 1085 1606 sn·
1137 1553 1302 1624 Veterem,
1326 1555 1355 1613 V
1369 1552 1530 1614 kalendas
1557 1552 1700 1628 augusti,
1722 1550 1936 1628 pontificatus

288 1647 447 1724 predictis
462 1645 577 1708 invitis
600 1661 716 1707 eorum
737 1645 897 1707 existeret
917 1644 1081 1705 visitator.
1138 1651 1244 1712 nostri
1257 1665 1347 1712 anno
1360 1651 1486 1728 quinto.

290 1746 383 1807 Unde
395 1743 562 1808 cumsicnt
574 1743 661 1805 idem
672 1743 824 1805 Gorzien.
836 1742 938 1804 abbas
949 1729 1095 1814 asserit,
1510 1783 1568 1870 IV

286 1841 445 1920 praelatus
463 1840 575 1902 Sancti
591 1839 749 1902 Eucherii
769 1839 871 1902 abbas
892 1839 1008 1901 contra
1030 1838 1084 1915 ip-

287 1939 413 2000 sumet
437 1939 510 2016 eius
534 1938 711 2000 ecclesiam
735 1953 870 1999 causam
895 1933 1029 2004 habeat,
1052 1936 1086 1997 et
1278 1919 1331 2008 »td
1356 1918 1543 1990 capitulum
1575 1920 1789 1980 Parmense.

287 2034 395 2096 modis
409 2033 574 2106 omnibus,
590 2034 708 2111 quihus
723 2035 841 2110 potest,
858 2049 933 2095 eum
948 2034 981 2095 et
993 2047 1084 2110 prae·
1437 2028 1636 2101 ttjulillm

288 2133 409 2193 dictam
436 2131 611 2192 ecclesiam
638 2130 865 2208 persequatur,
903 2145 942 2192 ac
975 2143 1020 2191 ex
1045 2143 1085 2190 eo
1142 2123 1934 2200 tenente,curt.delegisseseire-namederaris,ll,³vs.]

290 2227 436 2290 m⁸¹iffl⁰
458 2244 494 2288 ὅθ
518 2227 553 2288 in
576 2227 782 2290 Vissitfltorssm
805 2225 883 2303 eligi
908 2225 1034 2297 fecerit,
1050 2226 1086 2286 Ut
1141 2241 1421 2299 LaudatParisicnse
1435 2241 1602 2314 capitulum,
1615 2241 1692 2315 quod
1705 2241 1859 2299 liberaliter
1874 2239 1934 2300 ira·

289 2326 395 2404 possit
406 2325 449 2397 ei,
466 2325 499 2387 et
516 2323 823 2402 ecclcsiaepraet'atae
840 2339 971 2396 nocere,
989 2322 1085 2384 nobis
1175 2331 1265 2388 tribus
1276 2329 1386 2388 ordinis
1396 2329 1616 2388 Predicatorum
1629 2329 1790 2403 permiserit
1799 2338 1830 2387 ut
1841 2331 1871 2387 ln
1883 2345 1932 2387 ca·

290 2421 460 2486 humiliter
483 2421 694 2501 supplicavit,
721 2423 758 2483 ut
782 2421 886 2484 donec
911 2437 970 2498 per
994 2436 1087 2482 com·
1176 2418 1249 2492 pella
1266 2420 1294 2477 S.
1303 2418 1401 2476 lucebi
1419 2419 1516 2476 divina
1535 2417 1680 2476 celebrent
1698 2426 1726 2475 et
1739 2419 1935 2476 eoemeterium

289 2535 389 2582 mune
419 2519 600 2597 capitulum
626 2520 667 2581 de
694 2519 770 2580 aliis
791 2519 1006 2597 provideatur
1027 2518 1106 2579 vi-·
1175 2507 1311 2566 habelini-

289 2617 495 2689 sitatoribus,
517 2615 788 2679 reformationem
810 2617 917 2693 ipsius
934 2615 1085 2678 ecclesiae
1181 2615 1348 2677 Honorius
1356 2615 1542 2693 episcopus,
1551 2631 1667 2676 servus
1679 2631 1850 2677 servorum
1862 2615 1933 2686 Dei,

291 2715 498 2778 committere
510 2714 587 2776 aliis
603 2713 829 2790 dignaremur.
846 2715 1008 2775 Nolentes
1021 2712 1087 2788 igi-
1140 2713 1269 2776 dilectis
1281 2713 1370 2784 tiliis,
1380 2713 1525 2791 capitulo
1537 2713 1735 2784 Parisiensi,
1748 2713 1889 2774 salutem
1902 2714 1936 2775 et

290 2815 345 2875 tur
373 2813 410 2874 ut
430 2811 632 2874 memoratus
654 2811 756 2872 abbas
785 2811 897 2874 Sancti
927 2810 1084 2871 Eucherii
1140 2810 1358 2888 apostolicam
1371 2810 1646 2872 benedictionem.

293 2909 498 2987 malignandi
519 2909 693 2971 materiam
708 2909 868 2970 adversus
890 2907 1084 2986 praedictum
1181 2908 1369 2969 Gaudemus
1377 2907 1559 2968 innomine
1567 2907 1771 2970 etinvestris
1779 2907 1935 2969 laudibus

293 3005 618 3077 Gorzienmbbatem,
631 3007 663 3066 et
674 3009 747 3082 ejus
762 3005 937 3067 ecclesiam
951 3020 1010 3081 per
1021 3005 1086 3065 bu·
1140 3005 1334 3081 gloriamur,
1343 3004 1430 3081 quod
1441 3018 1500 3065 vos
1509 3005 1541 3065 et
1552 3003 1593 3064 ad
1604 3003 1932 3075 obedientiaebonum

287 3103 433 3184 jusmodi
468 3105 688 3165 commentum
712 3104 871 3174 assumat,
893 3102 1085 3164 discretioni
1140 3102 1275 3178 propter
1296 3116 1356 3162 nos
1380 3103 1413 3162 et
1438 3101 1479 3162 ad
1506 3100 1639 3177 pietatis
1666 3101 1775 3163 studia
1797 3117 1935 3178 promp-

288 3203 408 3263 vesirae
436 3216 497 3278 per
516 3199 705 3278 Apostolica
730 3199 852 3276 scripta
876 3199 1083 3271 mandamus,
1139 3200 1202 3268 tos,
1225 3199 1312 3260 sicut
1334 3197 1439 3270 decet,
1462 3197 1597 3260 devotos
1619 3197 1707 3258 illios
1730 3197 1933 3269 invenimus

290 3300 464 3378 quatenus,
481 3297 511 3359 si
526 3298 577 3359 est
587 3298 646 3370 ita,
668 3313 727 3359 vos
743 3297 850 3358 eidem
865 3296 1016 3358 ecclesiae
1028 3296 1084 3357 vi·
1140 3310 1200 3373 per
1211 3295 1297 3373 quod
1310 3297 1377 3357 Deo
1392 3295 1517 3371 gratos,
1533 3295 1628 3355 nobis
1643 3297 1807 3372 acceptos,
1823 3296 1856 3356 et
1870 3294 1935 3355 ho-

291 3396 458 3459 sitationis
475 3395 508 3456 et
523 3392 740 3456 correctionis
752 3393 894 3455 officium
912 3393 1086 3471 impenda-
1140 3393 1283 3455 minibus
1294 3409 1352 3454 vos
1363 3392 1501 3453 redditis
1511 3393 1629 3453 merito
1642 3390 1933 3453 commendandos.

289 3493 458 3566 trecense
468 3508 488 3553 a
498 3491 664 3553 communi
678 3490 823 3568 capitulo
837 3490 1003 3568 praedictae
1014 3505 1087 3568 pro·
1140 3491 1220 3552 Cum
1242 3490 1331 3551 euim
1352 3489 1445 3552 vobis
1460 3504 1567 3565 nuper
1578 3504 1693 3565 preces
1709 3488 1933 3550 direxerimus

290 3590 410 3652 vinciae
426 3589 467 3650 de
486 3587 562 3649 aliis
585 3587 814 3650 visitatoribus
838 3588 881 3650 sit
902 3587 1084 3664 provisum.
1140 3587 1173 3649 et
1187 3587 1352 3659 mandata,
1367 3589 1400 3648 et
1412 3585 1608 3666 quibusdam
1623 3588 1782 3658 vestrum,
1798 3585 1833 3645 in
1846 3599 1931 3646 nos-

291 3687 410 3749 natum
425 3685 511 3763 apud
533 3683 654 3747 Urbem
675 3686 840 3756 Veterem,
857 3701 945 3746 nono
961 3683 1084 3745 kalen·
1139 3685 1192 3746 tra
1226 3685 1404 3761 praesentia
1442 3683 1648 3754 constitutis,
1687 3682 1935 3760 injunxerimus

292 3783 352 3845 das
362 3782 506 3861 augusti,
516 3781 727 3862 pontificatus
737 3781 842 3843 nostri
856 3796 943 3843 anno
959 3781 1085 3858 quinto.
1141 3781 1217 3843 viva
1232 3795 1325 3853 voce,
1341 3781 1388 3850 ut,
1404 3780 1542 3842 dilectos
1566 3781 1653 3842 illios
1673 3779 1794 3841 fratres
1808 3779 1936 3841 ordinis

1142 3877 1401 3940 praedicatorum
1421 3876 1582 3939 babentes
1597 3877 1632 3938 in
1647 3876 1831 3938 visceribus
1846 3876 1936 3938 cari-

660 3968 723 4057 ΙΙΙ
1141 3975 1231 4046 tatis,
1249 3975 1298 4036 eis
1313 3975 1349 4036 in
1361 3974 1489 4051 capella
1504 3973 1610 4036 sancti
1622 3973 1748 4046 iacobi,
1761 3989 1860 4050 quam
1873 3973 1934 4035 ha-

1140 4074 1219 4135 bent
1238 4073 1399 4144 Parisius,
1416 4071 1586 4134 celebrare
1608 4071 1722 4134 divine
1735 4073 1768 4133 et
1781 4073 1937 4133 coemete-

446 4116 498 4175 Ad
511 4115 693 4174 corzontcos
706 4112 935 4188 Spalcteuses.
1162 4171 1168 4184 ,
1353 4170 1359 4182 ,
1467 4169 1473 4182 ,
1801 4169 1808 4181 ,

1141 4187 1228 4233 rrum
1257 4169 1494 4249 permitteretis
1521 4167 1659 4241 babere,
1685 4184 1755 4241 vos,
1782 4170 1868 4230 sicut
1894 4183 1937 4230 ex

580 4235 616 4292 se
632 4234 695 4308 jun
715 4233 793 4290 isso.

424 4349 514 4412 [rem
527 4348 675 4412 corum.
689 4347 781 4411 nunt..
795 4346 839 4406 ¹¹¹»
852 4361 870 4396 ¹·
886 4345 953 4410 Μ]
1141 4363 1608 4427 trumeeorumnesiuenum
1630 4361 1793 4439 implestis
1812 4362 1938 4424 linera-

292 4455 436 4514 }ionorius
449 4454 634 4512 donationem
654 4453 691 4510 eb
714 4452 828 4510 Andron
848 4467 918 4524 rege
936 4452 1085 4525 spalaten·
1142 4463 1220 4523 pter
1244 4463 1276 4523 ep
1297 4460 1455 4536 libentem
1479 4461 1525 4522 ita
1548 4459 1634 4536 quod
1659 4459 1795 4536 011930
1815 4459 1937 4521 affectu

409 4542 489 4600 sinus
509 4541 658 4599 ⁰³⁰⁰¹¹t⁰¹⁸
673 4539 776 4596 lacum
790 4539 950 4597 fflssflffflit·
1141 4557 1301 4619 videmini
1322 4557 1459 4618 multum
1482 4555 1614 4618 effectui
1629 4557 1747 4632 gratiae
1761 4555 1935 4632 adjecisse.

333 4658 501 4722 Honorius
541 4657 737 4734 episcopus,
773 4671 889 4717 servus
916 4670 1088 4717 servorum
1144 4657 1251 4732 Super
1273 4669 1338 4732 quo
1362 4653 1571 4715 devotionem
1592 4655 1737 4714 vestram
1765 4652 1874 4728 dignis
1900 4651 1936 4713 in

294 4758 365 4826 Dei,
382 4756 512 4818 dilectis
533 4754 611 4815 tiliis
637 4753 808 4815 canonicis
825 4752 1086 4830 Spalatensibus,
1144 4751 1282 4814 Domino
1295 4749 1449 4811 laudibus
1464 4750 1745 4822 commendantes,
1764 4749 1936 4811 universi-

293 4853 477 4916 salutemet
491 4851 710 4929 apostolicam
724 4849 1002 4912 benedictionem.
1143 4850 1245 4914 tatem
1256 4849 1402 4910 vestram
1412 4863 1580 4924 rogamus,
1589 4863 1760 4909 monemus
1774 4847 1807 4907 et
1821 4845 1939 4908 borta-

332 4950 436 5014 Justis
467 4949 649 5028 petentium
675 4947 851 5010 desideriis
881 4947 1017 5024 dignum
1040 4947 1090 5009 est
1142 4945 1253 5008 tamur
1286 4945 1428 5016 attente,
1466 4961 1506 5006 ac
1532 4960 1592 5021 per
1616 4943 1808 5020 Apostolica
1842 4942 1937 5005 vobis

292 5049 425 5111 facilem
435 5062 496 5109 uos
507 5046 655 5124 praebere
668 5061 853 5116 assensum,
866 5047 898 5106 et
911 5045 998 5115 vota,
1016 5061 1089 5121 quae
1144 5043 1267 5120 scripta
1287 5041 1493 5114 mandamns,
1514 5041 1687 5119 quatenus,
1705 5041 1937 5104 continuantes

293 5145 478 5209 arationis
500 5144 631 5206 tramite
655 5159 721 5205 non
745 5143 946 5212 discordant,
970 5141 1089 5202 effectu
1143 5140 1287 5202 vestram
1298 5139 1440 5214 gratiam
1450 5154 1530 5214 erga
1539 5139 1702 5215 eos,ipsos
1711 5136 1939 5198 favorabiliter

292 5242 511 5324 prosequente
527 5241 703 5318 complere.
719 5242 912 5319 Eapropter,
931 5237 1042 5298 dilecti
1053 5238 1088 5299 in
1143 5236 1296 5308 foveatis,
1313 5235 1404 5298 abeo
1418 5235 1528 5311 dignae
1543 5235 1785 5298 vicissitudinis
1801 5235 1937 5311 praemia

293 5343 432 5406 Domino
457 5339 528 5412 lilii,
555 5337 677 5402 vestris
693 5337 794 5414 justis
810 5334 1089 5414 postulationibus
1143 5333 1407 5412 receptorium,
1428 5348 1486 5394 eos
1510 5332 1551 5394 ad
1573 5332 1755 5409 proiectum
1780 5331 1938 5393 Ecclesiae

292 5441 387 5518 grato
398 5437 637 5500 concurrentes
650 5449 802 5506 assensu,
812 5436 1021 5511 terras,quas
1032 5447 1090 5494 ca·
1110 5475 1111 5480 η
1143 5431 1310 5508 generalis
1332 5430 1367 5491 in
1392 5430 1614 5491 ministerium
1637 5429 1803 5505 evangelii
1819 5443 1937 5504 segre-

291 5537 445 5600 rissimus
459 5535 495 5596 in
507 5532 639 5595 Christo
655 5531 745 5592 illius
760 5533 884 5602 noster,
907 5530 1089 5604 Hungaiiae
1143 5543 1235 5606 gans,
1254 5529 1341 5606 quod
1354 5528 1412 5589 uni
1426 5543 1466 5589 ex
1485 5527 1566 5605 ipsis
1580 5527 1625 5599 nt,
1643 5525 1706 5588 sibi
1719 5527 1851 5603 reputat
1865 5541 1939 5587 esse

294 5650 354 5698 rex
372 5631 524 5704 illustris,
538 5629 627 5692 inira
649 5642 762 5690 muros
784 5627 930 5690 civitatis
955 5625 1088 5688 Salonae
1143 5626 1277 5696 iactum,
1300 5641 1338 5685 ao
1360 5641 1431 5696 nos,
1454 5625 1509 5702 qui
1532 5623 1663 5685 eosdem
1687 5624 1818 5684 sincera
1842 5637 1938 5683 com-

1142 4267 1218 4329 laeta
1240 4267 1404 4328 relatione
1428 4265 1615 4334 didicimus,
1637 4264 1831 4327 mandatnm
1853 4281 1935 4327 nos·
1975 4285 1991 4302 -
2053 4295 2068 4322 .·
