4300 6392
296 267 361 326 :isli
867 359 875 372 ἱ
910 269 1086 336 HONORil
1109 273 1153 334 111
1174 277 1323 339 OPERA.
1882 287 1943 348 360

297 426 456 490 lectorum
495 428 639 492 filiorum
676 431 843 504 anselmi,
894 430 1013 506 lilricl,
1058 435 1091 498 et
1123 429 1342 508 camerario,
1362 439 1494 500 centum
1509 453 1650 511 marcas,
1669 441 1703 504 et
1717 439 1814 518 longe
1830 448 1941 522 majo·

280 525 452 602 'oprandi
471 528 706 590 canonicorum
729 530 833 606 ipsius
854 530 1014 603 ecclesie,
1032 531 1089 610 qui
1145 549 1214 596 rem
1226 549 1388 596 summam
1407 537 1536 612 reginae
1554 539 1716 614 promisit,
1729 543 1940 617 utprocura-

294 623 380 685 sicut
394 624 458 684 viri
474 625 603 700 providi
619 627 652 686 et
667 625 790 698 fideles,
809 641 869 702 pro
890 643 929 688 ea
947 629 1090 692 sollicite
1145 632 1230 704 rent,
1254 632 1340 720 quod
1362 647 1425 695 rex
1451 633 1676 712 episcopatum
1702 639 1943 715 alasguonsem

294 735 334 781 ac
346 720 488 782 fideliter
501 720 704 792 laborarunt,
721 723 815 784 illum
830 724 927 786 nobis
939 736 997 802 pro
1011 741 1091 787 res-
1144 731 1239 791 daret
1266 731 1385 802 eidem,
1402 731 1517 809 sicque
1547 733 1668 794 iactum
1695 732 1756 808 est,
1775 737 1821 808 ut,
1847 738 1940 802 nulla

294 821 357 888 tra,
380 818 415 879 et
434 817 584 882 ecclesiae
610 820 729 880 vestrae
750 821 893 884 utilitate
917 822 1089 884 subtraxi·
1144 826 1742 904 electioneintervenientccanonica,
1755 833 1789 893 in
1805 835 1942 911 episco-

212 973 219 982 ,
293 930 376 984 mus,
401 930 460 991 per
480 918 576 991 cujus
599 915 798 978 industriam
826 918 957 981 labores
981 921 1088 982 nostri
1143 941 1221 1000 pum
1249 926 1299 987 est
1327 927 1507 1002 promotus.
1537 929 1705 990 Praeterea
1735 930 1815 991 olim
1851 933 1940 1009 apud

206 1054 210 1062 .
291 1011 525 1073 relevabantur
539 1014 716 1090 praecipue,
732 1015 816 1077 etde
831 1017 1086 1092 cujuspruden-
1123 1022 1261 1083 ¹Sedem
1293 1023 1521 1098 apostolicam
1553 1025 1752 1088 constitutus
1793 1031 1944 1105 tempore

289 1109 338 1171 tia
359 1109 515 1172 solatium
536 1111 743 1188 potissimum
764 1112 977 1187 habebamus,
994 1115 1089 1176 ride-
1122 1141 1125 1178 ι
1143 1119 1282 1180 concilii
1297 1120 1464 1196 generalis
1484 1119 1574 1182 dedit
1601 1122 1823 1200 quadraginta
1843 1141 1940 1188 mar-

290 1205 369 1268 licet
379 1206 589 1268 carissimum
602 1207 698 1270 nobis
714 1211 780 1271 lt...
794 1211 918 1274 sanctae
928 1214 1089 1275 Romane
1121 1190 1124 1265 1
1143 1230 1199 1276 cas
1209 1217 1368 1292 magistro
1381 1216 1557 1294 Radulpho
1567 1219 1768 1283 Maloricino
1776 1223 1943 1286 canonico

272 1361 273 1366 ,
289 1303 446 1366 Ecclesiae
463 1304 787 1380 vicecancellarium
808 1308 918 1368 virum
933 1309 1085 1383 scientia,
1121 1296 1124 1361 ἕ
1142 1313 1353 1389 (tlasguensi,
1366 1317 1402 1376 ut
1417 1315 1628 1391 praebendam
1639 1333 1734 1378 suam
1750 1319 1941 1395 resignarat

215 1388 220 1401 “
288 1401 368 1473 vita,
387 1401 421 1463 et
440 1399 528 1463 tama
547 1402 755 1479 praeclarum,
772 1405 805 1465 et
824 1405 991 1481 elegantia
1011 1422 1088 1467 mo·
1121 1410 1260 1484 :eidem
1284 1427 1383 1489 quam
1406 1427 1468 1473 suo
1490 1413 1665 1476 conterens
1685 1415 1871 1492 capellano,
1897 1417 1941 1478 ab

287 1509 362 1558 rum
390 1513 430 1560 ac
457 1499 721 1561 conversationis
752 1500 926 1563 dulcedine
959 1503 1087 1578 gratio·
1120 1512 1180 1570 ¹eo
1195 1508 1305 1570 statim
1321 1510 1395 1586 post
1414 1509 1656 1572 institutionem
1669 1511 1786 1574 decem
1806 1527 1942 1576 marcas

288 1609 382 1666 sum,
399 1593 572 1673 ipsumque
594 1597 714 1659 restrae
739 1597 958 1674 praeficientes
979 1599 1087 1661 ecole-
1120 1588 1290 1668 'extorsit
1312 1605 1361 1668 Ad
1389 1605 1460 1668 haec
1487 1607 1653 1669 visitando
1670 1607 1854 1682 dioecesim,
1869 1611 1937 1685 his,

288 1692 359 1764 siae,
385 1707 425 1753 ac
450 1692 486 1754 in
512 1692 737 1770 patriarcham
761 1695 906 1772 propriis
931 1697 1088 1758 manibus
1120 1702 1215 1776 'quae
1229 1699 1270 1761 ad
1300 1701 1487 1778 episcopale
1510 1701 1655 1764 cilicium
1670 1703 1848 1780 pertinent,
1865 1704 1941 1768 sere

288 1791 531 1861 consecrantes,
549 1790 686 1866 pallium
707 1789 771 1852 sibi
786 1792 997 1866 tradidimus,
1012 1794 1086 1871 ple·
1141 1797 1275 1858 omnino
1290 1797 1460 1874 neglectis,
1477 1800 1729 1875 procurationes
1750 1802 1937 1878 superfiuas

288 1883 449 1946 nitudinis
472 1885 628 1947 videlicet
648 1885 751 1947 oflicii
775 1888 976 1964 pontificalis
999 1889 1086 1950 insi·
1141 1894 1173 1954 et
1185 1893 1350 1956 indebitas
1364 1895 1468 1972 exigit
1478 1895 1513 1957 et*
1524 1897 1710 1973 extorquet,
1727 1899 1856 1960 etalias
1870 1900 1938 1961 tor·

288 1997 363 2056 gne,
378 1983 414 2042 ut
426 1981 468 2042 ab
478 1982 667 2058 apostolica
679 1983 762 2045 Sede
775 1985 933 2062 tanquam
944 1999 1085 2062 sponsus
1120 1992 1123 2075 j
1140 1991 1217 2068 quet
1232 1991 1380 2054 subditos
1395 1993 1625 2054 exactionibus
1638 1994 1788 2056 insuetis.
1801 1997 1849 2058 De
1863 1995 1940 2057 sin-

289 2079 330 2139 de
348 2078 495 2140 thalamo
510 2094 575 2139 sno
595 2079 635 2140 ed
663 2079 776 2159 tostin
799 2084 919 2142 ornatu
941 2083 1086 2157 patriar·
1140 2087 1227 2162 gulis
1245 2089 1356 2150 autem
1381 2089 1532 2150 ecclesiis
1553 2091 1687 2152 nomine
1708 2093 1934 2169 synodalium,

288 2174 1084 2254 chaliprocedat„etc.»Praecipitutpatriarcham
1139 2185 1283 2263 quatuor
1292 2183 1415 2248 solidos
1425 2187 1551 2264 recepit
1560 2189 1676 2250 contra
1685 2191 1848 2251 canonica
1858 2191 1937 2252 ins-

152 2311 158 2322 ·
287 2271 399 2334 debito
417 2271 542 2334 honoro
562 2275 807 2352 prosequantur
826 2274 984 2352 illiusque
1008 2291 1084 2337 mo·
1120 2282 1249 2354 tituta,
1279 2282 1312 2344 et
1330 2282 1473 2344 clericos
1500 2285 1534 2344 et
1556 2285 1663 2346 laicos
1690 2285 1933 2364 delinquentes,

289 2369 368 2430 nilis
387 2369 627 2446 obtemperent.
647 2369 766 2441 Datum
781 2371 922 2434 viterbii
937 2373 995 2434 Vll
1009 2372 1084 2434 idus
1140 2391 1206 2439 non
1221 2381 1257 2440 nt
1275 2379 1386 2441 errata
1408 2381 1565 2456 corrigat,
1589 2382 1653 2442 sed·
1666 2381 1702 2443 nt
1717 2397 1787 2444 suae
1801 2384 1938 2446 satista-

289 2465 471 2528 decerubris
484 2467 695 2544 pontificatus
710 2469 815 2534 nostri
831 2484 920 2532 anno
933 2472 1062 2547 quarto.
1118 2503 1122 2615 ι
1140 2473 1206 2537 ciat
1219 2476 1380 2548 avaritiae,
1397 2478 1591 2554 pecuniaria
1606 2491 1704 2555 poena
1719 2479 1866 2553 mulctat,
1881 2497 1937 2559 ap·

1119 2626 1122 2690 Ι
1140 2570 1373 2648 pellationibus
1397 2573 1437 2634 sd
1454 2572 1571 2634 sedem
1585 2576 1808 2651 apostolicam
1827 2579 1936 2640 inter-

642 2654 729 2742 LXI
1119 2669 1255 2745 ¹positis
1286 2685 1353 2732 non
1386 2670 1492 2736 solum
1530 2671 1661 2734 deterre
1696 2673 1933 2746 contemnens,

290 2797 343 2858 dd
362 2797 618 2870 Pausistratum,
645 2797 906 2859 norwtccmom
927 2799 1081 2861 electum.
1118 2752 1937 2945 ;&350⁰thalffielgesseggggffifflssffi:

482 3029 488 3041 .
548 2915 715 3042 '‘¹⁰⁰⁶me
742 2917 820 3042 ΙΨ·
1118 2934 1310 3044 {canonicis
1338 2961 1372 3020 in
1399 2959 1543 3022 ecclesia
1569 2961 1770 3035 cathedrali,
1798 2967 1936 3041 nepotes

415 3031 669 3096 [Th⁰¹¹¹⁹‘⁹⁸¹⁰¹¹¹¹ffl·
681 3031 817 3092 ‘mm’
832 3027 906 3091 ¹³¹⁰·
917 3033 968 3095 ²⁹4
1140 3058 1172 3118 et
1197 3059 1461 3132 consanguineos
1487 3073 1565 3118 suos
1585 3058 1763 3121 illiteratos
1778 3061 1811 3122 et
1825 3060 1938 3122 minus

290 3141 327 3200 tit
336 3154 386 3212 1³0?
405 3138 619 3198 ⁰⁰¹¹¹ffli⁸⁸ffl⁰⁸
633 3137 733 3198 500108
748 3138 843 3212 *Uilli
859 3140 989 3214 <itti-“³⁰⁰l)i
1007 3141 1085 3198 ⁶¹⁰⁸*
1118 3217 1120 3222 ,
1140 3154 1278 3216 idoneos
1301 3154 1469 3217 substituit
1492 3155 1607 3216 contra
1627 3157 1807 3217 canonicas
1835 3173 1940 3220 sanc·

309 3227 429 3302 guensis
445 3234 508 3286 acta
522 3226 681 3286 examinari
696 3225 792 3299 iaciat,
809 3226 883 3286 etde
899 3227 1064 3287 hisreierat.
1138 3251 1256 3314 tiones·
1272 3251 1362 3312 Alios
1377 3253 1487 3312 autem
1502 3251 1646 3328 pupillos
1672 3253 1705 3314 et
1730 3253 1878 3315 minores
1900 3255 1937 3315 in

330 3354 499 3418 Honorius
525 3354 721 3430 opiscopus,
754 3353 875 3416 dilecto
902 3353 971 3416 lilio
996 3356 1085 3416 Pan·
1140 3348 1384 3426 parochialibus
1407 3347 1561 3409 ecclesiis
1581 3347 1761 3410 instituere
1784 3364 1851 3411 non
1871 3365 1936 3412 ve-

290 3451 381 3520 dulio
396 3451 604 3512 Norwioensi
623 3451 739 3524 electo,
755 3451 941 3514 camerario
957 3451 1082 3523 nostro,
1140 3447 1241 3508 retur.
1258 3445 1422 3518 Quosdam
1432 3459 1513 3506 vero
1522 3444 1706 3507 familiares
1721 3461 1800 3508 suos
1814 3462 1938 3509 uxores

291 3539 489 3626 apostolice
504 3547 600 3613 Sedis
612 3547 733 3623 legato,
750 3548 903 3612 salutern.
1139 3543 1280 3605 aliorum
1296 3542 1427 3620 publice
1439 3541 1588 3604 detinere
1607 3557 1674 3604 non
1689 3543 1762 3604 sine
1776 3543 1936 3605 scandalo

288 3633 293 3640 ’
331 3645 412 3706 Cum
426 3643 474 3716 hi,
489 3639 703 3721 qrriiuinistri
718 3644 840 3706 Christi
854 3645 887 3706 et
910 3643 1086 3720 dispensa·
1140 3640 1291 3712 sustinet,
1308 3640 1352 3712 et,
1368 3653 1443 3700 cum
1467 3639 1581 3716 possit,
1599 3639 1739 3716 negligit
1758 3640 1935 3716 castigare.

290 3742 381 3804 tores
401 3739 636 3818 mysteriorum
658 3740 728 3812 liei,
754 3739 1029 3818 quemadmodum
1052 3741 1088 3807 et
1138 3737 1230 3798 Alias
1245 3736 1346 3798 etiam
1360 3736 1450 3798 circa
1470 3751 1584 3797 curam
1599 3736 1777 3812 pastoralis
1792 3737 1934 3814 regimi-

292 3837 450 3902 deberent
462 3852 547 3910 esse,
558 3837 748 3908 creduntur,
757 3853 853 3900 suurn
864 3837 1084 3914 ministerium
1140 3833 1191 3896 nis
1206 3849 1251 3896 se¹
1269 3833 1356 3910 gerit
1380 3847 1486 3912 usque
1513 3832 1596 3896 adeo
1610 3831 1832 3909 negligenter,
1849 3833 1936 3912 quod

291 3934 504 4006 inhonorant,
513 3933 596 4004 illud
602 3935 715 4011 pravis
723 3933 1082 4005 actibusdeiormando,
1140 3929 1357 4006 olosgosnsis
1384 3928 1538 4000 ecclesia,
1562 3944 1636 4007 qum
1663 3929 1743 3992 olim
1764 3930 1932 4006 gaudebat

291 4031 407 4094 dolore
420 4031 455 4094 iu
470 4029 598 4093 occulto
614 4030 821 4100 confodimur
830 4032 863 4094 ot
874 4030 995 4092 rubore
1010 4045 1086 4092 con·
1140 4027 1235 4104 copia
1263 4026 1455 4104 peritorum,
1476 4027 1513 4088 et
1534 4025 1800 4103 possessionibus
1810 4028 1844 4088 et
1856 4026 1936 4090 red-

292 4127 462 4190 tundimur
472 4127 507 4192 in
517 4129 643 4204 aperto,
656 4127 733 4204 quia
745 4130 778 4190 et
786 4127 977 4204 delinquere
985 4125 1083 4198 alios,
1139 4123 1263 4186 ditibus
1274 4122 1473 4195 abundabat,
1488 4137 1577 4184 nunc
1605 4123 1746 4184 oonsilio
1760 4123 1794 4185 et
1807 4121 1937 4186 viribus

290 4213 326 4288 et
340 4239 459 4286 nomen
473 4239 569 4284 snum
584 4222 712 4287 iaciunt
725 4224 761 4286 in
777 4224 907 4302 populis
929 4223 1086 4299 blasphe·
1139 4221 1307 4292 mentua,
1325 4219 1509 4282 succumbit
1535 4219 1785 4296 insurgentibus
1805 4235 1850 4284 ex
1870 4220 1936 4282 ad·

293 4321 402 4383 mari:
420 4319 507 4381 unde
529 4334 602 4390 nos,
630 4319 687 4396 qui
710 4321 863 4381 tenemur
885 4317 1085 4381 universalis
1117 4357 1118 4360 =
1140 4335 1248 4391 verso,
1264 4319 1335 4395 ipso
1359 4317 1496 4379 minime
1522 4317 1710 4388 resistente,
1734 4317 1794 4394 qui
1810 4317 1937 4380 divitiis

292 4415 449 4479 Ecclesiae
464 4430 577 4477 curam
593 4429 711 4490 gerere
723 4415 923 4490 generalem,
944 4415 1087 4477 libenter
1140 4415 1357 4478 affluentibus
1370 4429 1429 4477 cor
1453 4429 1638 4492 opponens,
1661 4413 1802 4490 negligit
1815 4414 1938 4479 tamam

293 4513 347 4575 bis
359 4511 552 4583 remedium,
568 4509 654 4588 quod
676 4525 860 4587 possumus,
878 4511 1083 4583 adhibemus,
1141 4529 1246 4585 suam,
1263 4513 1397 4589 propter
1416 4511 1502 4590 quod
1518 4511 1555 4573 nt
1574 4510 1695 4588 populo
1718 4511 1755 4572 in
1775 4511 1935 4585 derisum,

293 4605 603 4686 veloorrigibilesin
613 4607 866 4676 mansuetudine
878 4606 1084 4682 corrigendo,
1141 4625 1208 4671 non
1222 4609 1294 4670 sine
1309 4609 1404 4685 gravi
1430 4607 1648 4683 tilssguensis
1665 4607 1816 4670 ecclesias
1828 4609 1936 4672 detri-

293 4705 347 4776 rel
383 4705 574 4785 castigando
608 4718 707 4782 poena
748 4702 858 4765 debita
887 4702 1084 4788 pertinaces.
1141 4707 1263 4768 mento.
1279 4709 1360 4769 Cum
1375 4705 1478 4780 igitur
1497 4705 1568 4766 haeo
1583 4719 1644 4766 nos
1657 4721 1725 4766 ron
1742 4705 1859 4768 deceat
1878 4721 1937 4768 re-

295 4807 382 4867 Sane
396 4801 537 4863 dilectus
551 4801 641 4862 lilius
661 4801 819 4877 magister
833 4799 1024 4862 willelmus
1046 4800 1087 4864 de
1141 4803 1293 4879 linquere
1319 4800 1516 4872 indiscussa,
1546 4801 1740 4863 discretioni
1769 4802 1837 4865 tuae
1878 4817 1939 4878 per

294 4897 421 4977 gremio
442 4897 658 4975 elasguonsis
688 4899 839 4961 ecclesiae
865 4897 1005 4960 clericus
1026 4913 1086 4959 sua
1140 4897 1939 4976 apostolieasomptomanuomus,quatonmmu.·

294 4995 389 5060 nobis
409 4995 632 5059 insinuatione
649 4995 855 5069 monstravit,
879 4995 965 5074 quod
985 5009 1087 5057 vene·
1141 5011 1212 5058 sam
1226 4995 1439 5074 ipsamjmu
1454 4995 1682 5072 prescriptam
1706 4993 1849 5056 termam
1868 4995 1936 5057 ali-

294 5091 410 5158 rabilis
425 5092 528 5154 irater
551 5095 663 5155 noster
686 5092 1087 5170 tilasguensisopiscopus
1142 5094 1260 5173 quibus
1286 5093 1369 5157 viris
1397 5091 1597 5158 discretisin
1613 5092 1736 5165 scotia,
1759 5092 1838 5170 quia
1858 5107 1938 5168 pno-

295 5203 363 5254 non
382 5189 566 5262 abandons,
583 5189 680 5268 quod,
693 5191 872 5252 secundum
880 5191 1085 5268 Apostolum,
1141 5191 1275 5253 dentum
1296 5191 1448 5252 virorum
1466 5188 1558 5252 illius
1583 5189 1767 5266 provincis
1785 5188 1938 5252 notitiam

287 5303 394 5352 ¹nertio
417 5287 485 5348 sibi
507 5285 605 5349 debet
627 5286 787 5348 bonorem
811 5301 991 5359 assumere,
1021 5287 1088 5348 nisi
1142 5303 1209 5351 non
1233 5287 1406 5360 habemus,
1431 5303 1494 5353 nec
1522 5285 1751 5363 indulgentie,
1771 5301 1870 5364 quam
1886 5301 1939 5348 oa·

294 5387 432 5450 vocatus
455 5399 478 5446 a·
503 5383 642 5446 Domino
667 5386 825 5460 tanquam
858 5388 982 5456 Aaron,
1013 5397 1087 5446 oum
1142 5385 1294 5449 sissimus
1308 5384 1489 5448 inchristo
1500 5384 1589 5454 illius
1602 5385 1726 5456 noster,
1740 5397 1803 5446 rex
1817 5383 1938 5445 scotis

296 5485 383 5545 osset
395 5480 681 5544 clarasmemoriee
699 5477 789 5556 regis
805 5479 1086 5557 soohetmpolla-
1142 5483 1293 5555 ilbsstris,
1317 5483 1441 5545 babere
1459 5479 1680 5558 dignoscitur,
1697 5478 1828 5556 nequis
1842 5479 1938 5541 extra

275 5567 369 5652 nus,
386 5579 475 5641 dedi-t
497 5575 650 5656 Philippo
671 5576 711 5638 de
731 5577 867 5650 Valone,
893 5577 972 5640 dicti
1000 5579 1088 5654 regis
1143 5593 1281 5655 regnum
1298 5574 1938 5646 scotiaerocettminoausam,volumus
