4250 6404
291 301 328 358 71
788 272 790 282 ’
907 313 1083 374 nosonn
1104 316 1149 374 ur
1172 319 1320 378 crena.
1510 324 1516 338 ‘
1896 332 1936 390 aa

291 459 499 534 mandamus,
516 465 676 540 quatenus
689 466 724 527 in
737 466 970 544 appellationis
985 481 1098 532 causa‘
1141 476 1262 552 scripta
1278 477 1483 552 mandamus,
1504 483 1665 557 quatenus
1684 485 1816 562 judices
1832 489 1934 566 ipsos,

289 553 438 632 legitime
453 561 677 636 procedentes,
705 578 744 624 ac
764 565 1008 640 confirmantes,
1032 569 1085 630 vel
1141 576 1176 633 ut
1199 572 1240 633 ab
1262 573 1451 651 hujusmodi
1483 583 1741 658 praesumptione
1761 584 1935 658 desistant,

289 653 496 716 infirmantes
517 658 667 719 eamdem
700 661 908 734 sententiam,
938 665 1024 726 sicut
1045 665 1084 724 de
1139 671 1321 732 monitione
1349 674 1521 750 praemissa
1547 692 1606 752 per
1632 695 1806 742 censuram
1827 684 1937 744 eccle-

286 753 363 830 jure
377 752 476 815 fuerit
490 751 689 828 faciendum,
706 773 808 833 super
826 759 903 818 aliis
919 761 1004 836 quod
1012 765 1085 838 jus·
1140 766 1319 840 siasticam,
1340 771 1561 846 appellatione
1582 777 1720 848 remota,
1741 781 1932 856 compellas.

288 849 474 920 tumfuerlt‚
485 851 705 926 appellatione
714 855 906 930 postposita,
917 858 1083 928 statuatis,
1139 867 1257 925 Datum
1273 866 1428 927 Laterani
1444 869 1557 945 quinto
1572 871 1647 932 idus
1659 873 1843 936 decembris
1856 893 1936 954 pon·

288 943 448 1007 facientes
458 947 542 1023 quod
552 946 776 1022 decreveritis,
790 953 851 1012 eto.
867 953 957 1024 Quod
975 955 1004 1015 si
1019 971 1084 1016 non
1138 961 1285 1024 tilicatus
1298 964 1403 1027 nostri
1419 981 1506 1026 anno
1522 968 1631 1030 tertio.

288 1057 414 1114 omnes,
440 1044 500 1105 etc.
532 1045 649 1106 Datum
677 1046 832 1108 Laterani
858 1051 1084 1127 septimoidus

287 1138 470 1201 decembris
485 1141 695 1218 pontificatus
713 1145 816 1206 nostri
830 1161 918 1208 anno
932 1147 1040 1209 tertia.

615 1309 758 1400 LXVII

306 1444 358 1501 Ad
375 1443 552 1512 decertum,
576 1447 805 1506 stoddecuuum
828 1448 861 1508 et
883 1450 1063 1510 curatorem
1123 1440 1126 1445 ’

543 1543 820 1604 Aurelianenscs.

552 1653 569 1709 9
583 1651 712 1710 decemb.
729 1655 809 1712 lala.

309 1755 429 1820 [liegest.,
443 1755 488 1807 lib.
502 1757 545 1814 IIl,
558 1757 631 1821 epist.
645 1759 698 1808 los.
711 1761 767 1810 liss.
784 1761 819 1810 La
829 1761 905 1812 Porta
918 1762 952 1812 du
968 1763 1061 1828 Thell]

286 1835 451 1918 lfandatul
477 1871 583 1934 cogant
597 1871 723 1920 rectores
737 1874 766 1922 et
788 1873 923 1938 patronos
948 1868 1082 1926 dioecesis

301 1951 527 2007 Cenomanensis
538 1951 574 2008 ad
584 1951 1061 2027 obedientiamdebitemepiscopo.

325 2067 503 2137 Honorius,
520 2067 595 2138 etc,
613 2067 743 2129 dilectis
766 2069 880 2129 filiis...
916 2071 1078 2133 decano...

285 2163 484 2235 subdecano,
502 2165 570 2224 et...
589 2165 716 2224 cantori
736 2165 961 2240 Aurelianen,
984 2170 1079 2230 salu·

285 2265 362 2331 tem,
380 2261 442 2322 etc.

323 2357 514 2420 Venerabili
543 2358 645 2420 fratre
674 2363 826 2422 nostro...
856 2363 1077 2424 cenomanen.

285 2455 439 2533 episcopo
465 2458 653 2534 accepimus
681 2456 857 2530 referente,
885 2459 971 2536 quod
1000 2460 1078 2538 qui-

284 2551 359 2612 dam
382 2553 598 2614 ecclesiarum
620 2555 767 2615 rectores
794 2558 826 2616 et
854 2557 986 2632 patroni
1009 2573 1078 2618 suae

284 2649 437 2712 dioecesis
451 2651 558 2726 ipsum
573 2651 607 2710 in
627 2653 751 2712 eisdam
767 2653 918 2714 ecclesiis
936 2655 1079 2730 pastoris

285 2747 431 2809 officium
458 2747 591 2825 dejure
608 2751 776 2809 communi
800 2749 862 2810 sibi
889 2752 1077 2828 competens

284 2846 420 2921 exsequi
447 2861 513 2906 non
537 2847 742 2921 permittunt.
767 2847 928 2919 Quocirca
946 2848 1076 2910 discre-

283 2943 367 3004 tioni
382 2944 501 3004 vestrae
515 2957 574 3018 per
590 2943 780 3019 apostolica
800 2945 923 3020 scripta
939 2945 1079 3006 manda-

283 3055 369 3110 mus,
383 3041 556 3116 quatenus,
571 3041 636 3100 nisi
647 3041 725 3101 dicti
739 3040 885 3101 rectores
899 3045 931 3103 et
946 3043 1077 3117 patroni

283 3137 507 3214 privilegium,
534 3136 587 3197 vel
615 3137 740 3214 aliquid
762 3137 962 3200 rationabile
984 3142 1079 3217 pote·

283 3235 362 3294 runt
374 3233 531 3294 exhihere
544 3249 604 3310 per
615 3234 700 3311 quod
717 3233 757 3293 ab
772 3235 954 3311 episcopali
967 3251 1003 3297 se
1020 3239 1078 3314 ju-

282 3323 476 3392 risdictione
485 3331 660 3392 ostendant
671 3333 853 3408 exemptos,
870 3347 926 3393 eos
942 3334 978 3394 ut
991 3349 1079 3410 prae-

281 3427 350 3488 fato
376 3429 530 3504 episcopo
559 3428 645 3488 siout
677 3429 802 3502 pastori
838 3429 1007 3500 obediant,
1045 3433 1079 3492 et

282 3524 465 3593 intendant,
482 3523 663 3584 monitione
685 3524 869 3599 praemissa,
887 3541 946 3600 per
963 3540 1078 3587 censu·

281 3637 353 3682 ram
367 3619 626 3681 ecelesiasticam
638 3619 860 3696 appellatione
875 3623 1001 3684 remota
1014 3639 1076 3683 oo-

281 3717 379 3794 gatis.
397 3718 487 3788 Quod
506 3718 614 3778 sinon
628 3733 753 3787 omnes,
771 3719 833 3778 etc.
848 3721 966 3779 Datum
984 3720 1078 3781 Late-

255 3838 257 3846 *
281 3817 357 3878 rani
368 3816 482 3892 quinto
495 3815 569 3876 idus
584 3813 769 3876 decembris
783 3830 871 3876 anno
883 3817 994 3877 tertio.

597 3983 762 4068 LXVIII

391 4121 443 4180 Ac
457 4119 653 4192 episcopum
666 4119 967 4178 carcabianensem.

548 4231 565 4287 9
579 4229 708 4287 decemb.
718 4231 796 4288 atla.

307 4337 427 4402 [llegcst.,
437 4335 482 4386 lib.
492 4336 534 4390 lll.
548 4335 622 4399 epist.
636 4337 691 4384 loa.
706 4337 763 4386 lisa.
777 4336 813 4385 La
825 4337 900 4386 Poris
911 4336 945 4386 du
958 4337 1052 4402 Tbeil]

282 4441 630 4516 NeJudicessaeoularesin
638 4455 737 4496 eorum
748 4443 1078 4515 proseutlaoompellant

398 4529 525 4596 abbates,
542 4527 659 4600 priores,
677 4528 722 4584 vel
738 4528 809 4584 alios
828 4529 957 4585 clericos.

323 4637 506 4708 Honorius
534 4637 609 4706 etc,
638 4635 820 4696 venerabili
847 4635 942 4697 fratri
971 4641 1077 4700 Ceno-

283 4752 414 4798 manen.
429 4735 596 4811 episcope.

323 4834 372 4896 Ad
406 4847 505 4893 aures
537 4833 669 4890 nostras
699 4830 831 4892 noveris
863 4835 1073 4909 pervenisse,

284 4930 369 5009 quod
377 4929 507 5008 jndices
523 4927 701 4989 saeculares
725 4929 790 4988 tuae
808 4929 962 4990 dioecesis
974 4931 1078 4993 abba-

284 5031 344 5096 tes,
359 5027 487 5104 priores
508 5029 541 5086 el
555 5023 639 5085 alios
661 5025 717 5102 qui
739 5025 772 5084 iu
788 5029 909 5088 sortem
927 5027 1075 5090 haeredi-

283 5126 363 5187 tatis
378 5122 558 5186 Dominicae
577 5125 655 5182 sunt
669 5124 841 5200 assumpti,
863 5127 997 5202 propria
1021 5129 1074 5188 te-

284 5220 436 5286 meritate
449 5218 649 5296 compellunt
665 5217 700 5279 ln
720 5233 833 5280 eorum
845 5222 1024 5298 praesentia
1037 5223 1077 5284 de

285 5335 321 5383 se
352 5315 629 5396 conquerentibus
657 5317 876 5392 respondere,
900 5320 1076 5395 quamdam

283 5419 319 5479 in
334 5413 583 5480 excusationem
597 5413 793 5476 temeritatis
809 5430 877 5476 suae
893 5417 1031 5476 consuet
1056 5449 1075 5461 -

176 5559 178 5566 .
284 5515 395 5580 dinem
405 5511 597 5586 allegantes.
613 5525 685 5584 quas
693 5511 761 5584 juri
770 5511 918 5574 noscitur
928 5512 1074 5573 obviare.

286 5611 447 5682 Quocirca
477 5606 668 5670 discretioni
698 5608 762 5666 tuae
797 5625 854 5686 per
887 5609 1076 5689 apostolica

1474 1133 1596 1227 LXIX

1138 1263 1189 1321 Ad
1210 1262 1380 1322 rectorem
1396 1269 1429 1322 et
1447 1267 1579 1337 buires
1605 1272 1781 1344 hospitalis
1806 1274 1936 1334 Novio-

1463 1369 1603 1426 eneruis

1398 1479 1432 1534 lo
1446 1475 1575 1534 decemb.
1594 1479 1673 1536 ltld.

1242 1577 1347 1640 [bullar.
1361 1582 1479 1638 Roman„
1490 1580 1549 1630 edit.
1560 1581 1591 1630 de
1603 1583 1691 1640 Tutin,
1707 1583 1748 1642 llI,
1757 1583 1825 1648 dib]

1136 1681 1319 1741 Confirmatio
1327 1685 1445 1743 instituti
1457 1702 1491 1744 ac
1501 1689 1665 1759 regularum
1675 1687 1823 1760 hospitalis
1831 1693 1934 1748 Novio·

1172 1773 1279 1828 mensis
1305 1774 1484 1847 estephano
1506 1777 1643 1848 episcopo
1668 1776 1788 1850 hujusce
1809 1781 1934 1838 civitatis

1172 1874 1263 1932 nuper
1276 1864 1372 1919 erecti.

1176 1971 1353 2041 Honorius,
1382 1973 1456 2044 etc„
1483 1971 1613 2034 dilectis
1638 1973 1717 2034 illlis
1747 1976 1868 2037 rectori
1898 1979 1932 2037 et

1136 2063 1291 2125 iratribus
1318 2067 1492 2144 hospitalis
1511 2070 1762 2143 Noviomeusis,
1791 2073 1931 2134 salutem

1136 2163 1168 2221 et
1182 2163 1396 2238 apostolicam
1410 2164 1684 2228 benedictionem.

1174 2259 1278 2320 Justis
1302 2263 1483 2338 petentium
1510 2263 1686 2324 desideriis
1715 2265 1851 2341 dignum
1880 2267 1932 2328 est

1135 2371 1195 2415 nos
1217 2355 1348 2418 facilem
1371 2359 1519 2434 praebere
1546 2374 1760 2432 consensum,
1785 2363 1818 2424 et
1840 2364 1927 2434 vota,

1134 2469 1207 2528 quae
1236 2471 1256 2514 a
1290 2455 1431 2515 rationis
1466 2456 1599 2518 tramite
1632 2473 1698 2518 non
1727 2459 1928 2528 discordant,

1134 2547 1254 2610 effectu
1269 2553 1487 2628 prosequente
1511 2553 1688 2629 complere.
1705 2555 1790 2614 Sane
1805 2555 1927 2627 autem,
2008 2569 2012 2576 ’

1134 2660 1207 2705 cum
1222 2647 1442 2709 referentibus
1453 2648 1547 2710 vobis
1564 2649 1777 2710 didicimus...
1789 2667 1932 2712 venera-

1134 2741 1211 2803 bilis
1230 2743 1335 2806 frater
1356 2747 1469 2806 noster
1494 2746 1681 2822 Stephanus
1695 2748 1930 2810 Novtomensis

1133 2841 1320 2917 episcopus,
1344 2841 1430 2903 datis
1449 2829 1483 2903 in
1499 2843 1656 2920 hospitali
1670 2847 1781 2906 vestro
1801 2834 1842 2906 de
1864 2861 1927 2923 ap-

1134 2936 1930 3019 probatisreligi0nihus,ordine,acregulasuper

1133 3049 1270 3097 numero
1296 3035 1433 3098 fratrum
1459 3037 1633 3114 hospitalis
1655 3031 1761 3115 ipSIus
1781 3040 1813 3101 et
1832 3041 1929 3101 modo

1133 3133 1314 3208 recipiendi
1340 3149 1407 3204 eos,
1431 3131 1463 3212 [a
1483 3131 1527 3213 c],
1554 3137 1587 3196 et
1617 3135 1703 3209 aliis,
1728 3153 1801 3214 quae
1829 3152 1930 3213 regu-

1133 3228 1235 3289 larem
1250 3230 1609 3306 sapiunthonestatem‚
1624 3234 1725 3304 certa,
1736 3235 1769 3295 et
1781 3233 1928 3296 salubria

1132 3324 1253 3387 ibidem
1269 3327 1409 3389 ediderit
1419 3329 1661 3391 instituta.Nos
1671 3332 1794 3402 autem,
1807 3331 1928 3392 vestris

1134 3423 1228 3496 justis
1257 3425 1536 3500 postulationibus
1566 3427 1661 3502 grato
1693 3431 1928 3490 concurrentes

1132 3535 1282 3592 assensu,
1299 3523 1423 3583 statuta
1444 3523 1634 3600 hujusmodi
1650 3524 1735 3586 sicut
1752 3524 1793 3585 ab
1812 3526 1928 3586 eodem

1132 3618 1286 3694 episcopo
1303 3619 1438 3695 provide
1455 3622 1488 3682 et
1502 3620 1679 3682 salubriter
1699 3622 1877 3684 factasunt
1896 3625 1929 3684 et

1131 3715 1237 3792 ipsius
1260 3715 1379 3777 litteris
1402 3718 1523 3779 dicitur
1537 3719 1711 3791 contineri,
1730 3720 1928 3782 auctoritate

1130 3813 1318 3888 Apostolioa
1328 3815 1573 3888 confirmamus,
1584 3815 1616 3876 et
1629 3818 1801 3892 praesentis
1812 3818 1928 3895 scripti

1132 3909 1316 3984 patrocinio
1329 3912 1582 3973 communimus.

1171 4006 1262 4067 Nulli
1279 4023 1358 4083 ergo
1380 4010 1516 4070 omnino
1534 4008 1703 4071 hominum
1723 4010 1822 4073 liceat
1841 4012 1927 4073 hanc

1132 4104 1287 4178 paginam
1303 4107 1425 4166 nostrae
1448 4107 1710 4168 confirmationis
1730 4107 1924 4184 infringere,

1132 4201 1184 4261 vel
1210 4202 1242 4261 ei
1270 4217 1354 4262 ausu
1382 4204 1560 4264 temerario
1584 4204 1761 4266 contraire.
1793 4207 1826 4266 Si
1853 4207 1927 4282 quis

1132 4299 1242 4359 autem
1252 4298 1316 4360 hoc
1328 4299 1490 4362 attentare
1504 4303 1761 4378 praesumpserit,
1777 4301 1928 4378 indigna·

1131 4396 1254 4456 tionem
1270 4397 1504 4473 omnipotentiS
1520 4398 1579 4459 Dei
1603 4401 1637 4462 et
1650 4399 1821 4459 beatorum
1837 4399 1927 4460 Petri

1132 4494 1164 4553 et
1180 4493 1275 4554 Pauli
1287 4495 1513 4570 apostolorum
1528 4499 1602 4572 ejus
1619 4511 1654 4556 se
1670 4495 1800 4556 novarit
1813 4496 1929 4558 incur-

1133 4605 1256 4649 surum.
1271 4593 1389 4650 Datum
1399 4593 1567 4664 Laterani,
1583 4592 1783 4668 quartoidus
1799 4593 1925 4654 decern·

1131 4685 1211 4758 bris,
1226 4687 1437 4762 pontificatus
1452 4689 1557 4751 nostri
1573 4704 1659 4750 auno
1678 4690 1786 4751 tertio.

1480 4857 1583 4942 LXX

1270 4992 1323 5048 Ad
1346 4992 1543 5063 episcopum
1560 4993 1596 5052 S.
1617 4994 1776 5052 Andreae.
1840 4997 1849 5008 “

1425 5101 1459 5158 aa
1472 5101 1534 5159 dec.
1552 5103 1632 5160 ltlfl.

1255 5205 1385 5269 [Thamar.
1396 5209 1509 5257 lienum.
1521 5207 1658 5270 Hibernis,
1670 5209 1694 5266 8,
1712 5223 1739 5260 n.
1751 5211 1802 5272 la]

1167 5313 1309 5384 Episcopo
1324 5313 1352 5369 S.
1369 5312 1500 5383 dodras,
1511 5323 1542 5372 ut
1555 5315 1678 5374 electum
1689 5315 1724 5373 ad
1739 5317 1892 5374 ecclesiam

1272 5399 1494 5459 brechinensem
1504 5405 1674 5461 confirmare
1684 5406 1783 5476 possit.

1172 5517 1338 5578 Honorius
1349 5519 1533 5596 episcopus,
1542 5519 1723 5582 venerabili
1736 5519 1831 5582 fratri
1843 5521 1927 5596 epis-

1132 5627 1212 5689 copo
1230 5615 1261 5672 S.
1280 5614 1429 5700 Andreae,
1448 5616 1597 5676 salutem.
