4230 6388
159 318 219 382 sss
785 311 1013 374 srrsronn.
1036 311 1114 373 nus.
1138 292 1175 374 νζ
1739 287 1799 381 ‘3'243

157 479 269 540 nicum
295 473 411 538 contra
437 489 496 535 eas
523 472 723 552 objecerint,¹
744 474 777 535 et
801 461 951 548 legitime
1004 473 1124 550 majori
1144 471 1353 535 Rodensleue
1370 471 1621 552 quatuordecim
1642 477 1677 538 et
1695 475 1798 538 dimi-

157 575 310 654 re'quisiti
325 573 548 651 probaverint,
560 572 660 633 liceat
673 571 744 642 tibi,
762 571 951 633 contradic·
1005 567 1106 639 dium,
1123 568 1158 628 in
1173 567 1402 650 Drakenstede
1415 569 1542 640 decem,
1560 570 1797 648 incruentas-

157 673 249 734 tiene
262 685 322 732 sen
336 670 558 748 appellatione
581 671 727 746 ipsorum
742 668 949 746 nequaquam
1004 664 1128 741 berghe
1143 666 1211 727 tres
1230 667 1263 727 et
1277 667 1461 739 dimidium,
1477 669 1513 728 in
1528 668 1649 733 minori
1663 670 1797 734 Druen-

159 769 325 841 obstante,
355 768 552 830 auctoritate
580 767 769 843 Apostolica
797 765 950 842 personis
1004 761 1138 838 tesberg
1159 763 1332 832 dimidium
1358 781 1519 836 mansum,
1546 766 1582 825 in
1603 766 1798 843 Dodendorp

158 857 287 927 idoneis
306 867 412 942 ipsius
435 867 585 926 eoelesiae
604 864 782 938 dignitates
798 861 950 923 conterre
1006 875 1118 931 untrm,
1132 860 1167 920 in
1183 861 1395 938 Gropendorp
1407 861 1485 948 tres,
1503 863 1537 922 in
1553 863 1707 924 Emmede
1720 863 1798 924 duo-

157 963 346 1041 pracdictas,
357 963 445 1023 intra
458 963 585 1038 tempus
597 961 630 1020 in
644 959 860 1021 Lateranensi
871 961 952 1020 Gon·

159 1061 238 1121 cilio
253 1049 478 1121 constitutum.
495 1057 587 1119 Nulli
597 1073 677 1133 ergo
693 1058 827 1118 omnino
843 1055 952 1116 homi-

158 1171 238 1218 num
261 1157 359 1218 liceat
381 1157 466 1216 hanc
487 1155 641 1232 paginam
661 1156 795 1226 nostrae,
812 1169 951 1214 conces-

158 1255 263 1315 sionis
290 1253 486 1328 intringere,
514 1251 567 1312 rel
595 1252 627 1311 ei
656 1265 740 1311 ausu
772 1249 951 1328 temerarie

156 1350 335 1412 contraire.
350 1350 384 1410 Si
399 1351 471 1426 quis
487 1351 597 1409 antem
610 1349 673 1409 hoc
689 1347 852 1408 attentare
865 1362 952 1423 prae-

152 1445 347 1523 sumpserit,
362 1446 625 1520 indignationem
641 1443 875 1528 omnipotentis
890 1443 951 1504 Dei

152 1545 191 1605 et
202 1543 373 1604 beatorum
385 1542 476 1603 Petri
485 1545 517 1603 et
528 1541 623 1601 Pauli
637 1541 862 1617 apostolorum
879 1543 950 1616 ejus

155 1655 194 1700 se
220 1639 351 1701 noverit
376 1640 599 1700 incursurum.
631 1637 750 1699 Datum
776 1635 949 1708 Laterani,

157 1739 202 1797 IV
216 1737 376 1798 kalendas
388 1737 487 1814 junii,
502 1735 713 1812 pontificatus
732 1734 841 1796 nostri
862 1749 950 1796 anno

153 1833 284 1909 qnint0.

466 2009 646 2096 dccclv

220 2157 223 2164 “
251 2131 308 2222 ..ld
321 2159 573 2222 nrorcastertrou
586 2161 623 2220 H
624 2161 854 2220 ildesleuease.

318 2351 319 2354 Ἴ
445 2281 480 2338 29
495 2280 562 2336 maii
579 2280 657 2336 liii.

280 2393 387 2458 [iliodcl
400 2393 597 2458 Diplomatiscba
608 2392 732 2456 Baitritgc,
743 2392 764 2450 l,
774 2390 826 2455 bb]
879 2411 882 2420 ·

155 2515 301 2569 Personas
320 2523 354 2567 ac
373 2509 448 2565 bone
468 2509 633 2566 monasterii
654 2506 877 2564 llildeslenensis
895 2503 951 2562 sub

174 2623 175 2630 ¹
253 2595 329 2655 beati
343 2598 418 2654 Petri
431 2603 459 2653 et
471 2611 521 2654 sua
537 2595 713 2668 protectione
725 2595 852 2666 suscipit.

196 2714 363 2777 Honorius
401 2697 586 2789 episcopus
628 2727 744 2772 servus
780 2725 951 2773 servorum

156 2810 229 2885 Dei,
246 2811 374 2873 dilectis
395 2809 473 2870 tiliis
495 2809 605 2871 abbati
626 2811 660 2870 et
679 2804 857 2870 conventui
875 2823 951 2868 rno-

156 2909 296 2971 nasterii
311 2907 567 2979 Hildesleuensi,
590 2907 730 2968 salutem
757 2904 790 2966 et
815 2907 951 2981 aposto·
1005 2921 1008 2926 ·

158 3007 256 3068 licam
271 3005 544 3066 benedictionem.

200 3103 420 3164 sacrosancta
434 3105 585 3162 Romana
600 3099 748 3161 Ecclesia
769 3099 904 3160 devotos
920 3098 953 3160 et

43 3183 45 3187 ’
154 3200 300 3262 numues
327 3197 413 3261 nuos
442 3214 485 3260 ex
514 3197 655 3258 assueta
684 3196 817 3274 precans
842 3195 974 3274 omno,

156 3297 357 3376 propensius
388 3295 527 3372 diligere
551 3293 781 3360 consueritet
805 3308 847 3352 ne
871 3307 952 3368 pra-

155 3409 277 3457 vorum
305 3389 475 3454 homindm
506 3391 668 3452 molestiis
699 3387 867 3465 agitentur
895 3403 951 3448 eos

156 3493 314 3568 tanquam
330 3490 384 3567 pia
397 3489 503 3550 mater
518 3504 586 3548 suae
605 3487 819 3564 protectionis
837 3485 950 3546 muni-

158 3589 248 3649 mine
262 3585 450 3648 contovere.
473 3587 665 3662 Eapropter,
688 3583 802 3644 dilecti
826 3583 861 3643 in
881 3585 951 3644 Do-

159 3685 249 3746 mino
273 3685 345 3756 filii,
362 3683 482 3746 restris
494 3681 593 3760 justis
613 3680 765 3758 precibus
788 3679 949 3751 inclinati,
973 3665 974 3668 '

155 3798 318 3860 personas
331 3783 365 3843 et
379 3779 615 3842 monasterinm
630 3779 791 3850 vestrum,
810 3777 843 3837 in
859 3773 948 3856 [quo]
973 3853 974 3856 Ἴ

158 3880 271 3942 divino
288 3880 367 3940 estis
390 3878 549 3954 obsequio
565 3875 758 3952 mancipati,
780 3891 853 3934 curn
875 3889 950 3935 om-

157 3975 256 4036 nihus
268 3977 374 4048 bonis,
394 3975 515 4051 quaein
532 3973 688 4049 praesenti
708 3969 952 4032 rationabiliter
974 4023 975 4026 ,

156 4071 346 4150 'possidetis
365 4069 471 4132 autin
486 4070 596 4130 futuro
610 4068 711 4166 justis
727 4065 832 4128 modis
847 4081 953 4142 praes-

155 4171 249 4232 tante
271 4167 410 4230 Domino
430 4166 581 4243 poteritis
606 4164 757 4240 adipisci,
782 4162 841 4223 snb
863 4162 952 4244 beati

159 4266 250 4328 Petri
265 4267 298 4327 et
309 4265 423 4326 nostra
434 4262 638 4340 protectione
651 4259 861 4337 suscipimus,
877 4273 953 4335 spe-
973 4307 974 4310 ,

161 4364 292 4426 cialiter
326 4362 436 4423 autem
468 4359 567 4422 uillas
600 4358 775 4430 Cruzezbe‚
802 4355 950 4426 Woltwi,

157 4461 304 4523 Bozezhe
319 4458 352 4521 et
366 4457 551 4534 Putgorize.
564 4458 601 4516 In
617 4455 745 4518 Dollen.
758 4470 837 4516 vero
851 4454 953 4516 eccle·

158 4560 243 4620 siam
267 4573 342 4620 cum
368 4554 669 4634 quatuormansis.
697 4551 733 4613 in
755 4551 952 4626 Mesberghe

158 4657 232 4718 octo
243 4670 388 4726 mansos,
403 4652 438 4714 in
450 4651 706 4726 Gberoldestorp
720 4649 793 4710 octo
803 4663 950 4722 mansos,

161 4754 197 4813 in
220 4751 395 4826 Enendorp
417 4751 660 4818 octomansos,
686 4746 721 4806 in
746 4745 954 4806 Wissemen-

159 4865 237 4926 gere
251 4849 319 4931 tres
335 4837 535 4917 mansos‘in
555 4844 758 4907 Osterhnsen
772 4844 841 4906 tres
857 4859 953 4903 man·

160 4963 214 5008 sos
233 4945 272 5007 el‘
288 4927 461 5005 dimidium
482 4945 515 5004 et
535 4957 636 5003 unum
660 4941 803 5018 pratum,
825 4941 860 5002 in
880 4942 952 5001 Ho-

159 5034 324 5104 wersleue
347 5035 441 5113 duos,
477 5039 511 5098 in
540 5036 761 5099 Snadersleue
791 5053 893 5097 unum
921 5038 954 5099 et

156 5139 343 5218 dimidium,
377 5137 413 5197 in
445 5135 626 5212 Meyndorp
653 5151 755 5195 unum
788 5151 951 5208 mansum,

158 5238 194 5298 in
222 5235 343 5297 minori
366 5233 498 5294 Wcllen
524 5233 617 5303 duos,
654 5231 689 5292 in
717 5231 952 5294 Oohmersleue

158 5349 272 5416 unum,
289 5319 324 5392 in
337 5331 458 5393 minori
473 5328 682 5392 Rodensleue
696 5328 839 5405 quatuor
854 5331 888 5390 et
902 5329 954 5389 di-

159 5416 307 5502 midium,
324 5429 359 5490 in
376 5427 590 5508 Domersleue
603 5423 782 5498 sexdecim,
801 5426 837 5486 iu
850 5429 955 5488 Pese-

160 5529 307 5606 lendorp
336 5540 449 5598 unum,
476 5523 510 5585 in
533 5521 734 5602 Emeringhe
759 5523 895 5610 septem,
918 5523 954 5584 in

1006 955 1110 1016 decim
1130 973 1264 1020 mansos
1279 959 1311 1019 et
1321 953 1467 1035 'quatuor
1477 961 1608 1037 jugera,
1628 961 1664 1020 in
1679 959 1799 1022 Tleclr-

1005 1053 1076 1129 tiglr
1096 1053 1177 1115 duos
1197 1071 1331 1116 mansos
1351 1055 1382 1116 e't
1398 1059 1470 1118 octo
1486 1051 1617 1134 jugera,
1640 1059 1674 1118 tn
1696 1057 1796 1121 Sten-

1005 1151 1106 1212 rorde
1127 1167 1241 1223 unum,
1262 1153 1297 1212 in
1319 1153 1500 1228 Wederiglr
1518 1141 1669 1215 mansum
1689 1154 1722 1216 et
1736 1154 1797 1215 di-

1007 1246 1155 1318 midium‚
1168 1261 1207 1307 ac
1220 1248 1429 1310 medietatem
1440 1249 1529 1310 villae
1541 1250 1580 1310 de
1595 1242 1796 1312 Smervelde.

1006 1342 1189 1405 Libertates
1200 1360 1329 1422 quoque
1341 1345 1373 1406 et
1385 1345 1621 1419 immunitates
1634 1364 1653 1407 a
1664 1343 1798 1422 regibus

1001 1428 1038 1501 'et
1052 1440 1258 1518 principibus
1274 1443 1305 1504 el
1320 1441 1396 1503 aliis
1410 1442 1564 1504 fidelibus
1579 1443 1645 1520 ipsi
1659 1459 1798 1505 monas·

1005 1535 1089 1598 tenio
1104 1538 1160 1614 pia
1179 1540 1212 1600 et
1228 1539 1366 1616 provida
1388 1538 1627 1602 deliberatione
1646 1539 1796 1613 collatas,
1904 1549 1906 1554 '

1006 1634 1093 1695 sicut
1114 1650 1153 1694 ea
1174 1635 1285 1696 omnia
1304 1637 1395 1712 juste
1412 1653 1451 1698 ac
1473 1637 1611 1713 pacifice
1630 1637 1796 1710 obtinetis,

1005 1729 1099 1791 vobis
1112 1731 1144 1792 et
1156 1747 1215 1807 per
1230 1747 1289 1793 vos
1302 1733 1503 1794 monasterio
1518 1735 1640 1806 vestre,
1657 1733 1800 1795 anctori-

1005 1825 1073 1888 tate
1097 1829 1286 1904 Apostolica
1311 1829 1545 1890 confirmamus
1568 1832 1600 1891 et
1625 1821 1799 1906 praesentis

1007 1925 1120 2001 scripti
1137 1925 1320 2001 patrocinio
1338 1927 1589 1987 communimus.
1604 1925 1697 1987 Nulli
1718 1942 1797 2002 ergo

1007 2021 1141 2081 omnino
1156 2020 1326 2082 bominum
1341 2023 1441 2082 liceat
1455 2023 1541 2082 hanc
1556 2023 1710 2098 paginam
1724 2039 1798 2084 nos·

1005 2119 1065 2178 trae
1090 2117 1306 2194 protectionis
1330 2117 1364 2179 et
1388 2119 1650 2179 confirmationis
1676 2109 1800 2180 inirinss

1006 2229 1084 2288 gere
1108 2211 1161 2275 vel
1183 2215 1214 2274 ei
1239 2229 1322 2274 ausu
1348 2213 1525 2276 temerario
1556 2215 1734 2276 contraire.
1761 2214 1800 2276 si

1006 2311 1079 2386 quis
1106 2311 1215 2371 autem
1248 2311 1311 2372 lrcc
1344 2313 1508 2392 attentare
1536 2311 1797 2387 praesumpserit,

1005 2407 1265 2482 indignationem
1276 2407 1798 2488 omnipotentisDeietbeatorum

1006 2501 1097 2564 Petri
1115 2504 1147 2564 et
1163 2503 1258 2563 Pauli
1276 2504 1499 2579 apostolorum
1521 2507 1593 2579 ejus
1615 2519 1650 2565 se
1668 2503 1799 2586 noverit

1001 2601 1229 2660 incursurum.
1245 2601 1364 2662 Datum
1383 2600 1551 2670 Laterani,
1575 2601 1799 2662 Insolentiae

1003 2697 1103 2774 junii,
1121 2695 1332 2773 pontificatus
1346 2697 1451 2758 nostri
1464 2712 1550 2759 anno
1564 2687 1700 2773 quinto.
1714 2695 1716 2702 '

1104 3115 1157 3176 Ad
1164 3115 1323 3189 priorem
1339 3117 1696 3182 Grorrdtmoutensem.
1759 3201 1764 3210 .

1297 3245 1508 3304 30mdii1221.
1596 3295 1599 3302 .

1038 3358 1159 3423 [liegest.,
1169 3357 1215 3409 lib.
1229 3357 1259 3418 V,
1273 3353 1484 3424 epistolatim.
1496 3359 1532 3411 La
1544 3349 1661 3412 Porte‘du
1672 3361 1765 3427 ruat]
1790 3376 1793 3394 ¹

1006 3473 1128 3543 inhibet,
1144 3487 1181 3554 ne
1201 3487 1348 3545 quousque
1368 3471 1484 3532 fratrum
1500 3475 1798 3550 Grandimontensium

1042 3575 1178 3618 uumerus
1190 3562 1226 3619 sit
1240 3560 1381 3632 redactus,
1396 3563 1484 3620 ullum
1499 3562 1614 3621 fratrem
1631 3565 1767 3646 recipiat..
1788 3559 1792 3566 '

1045 3687 1224 3760 Honorius,
1243 3687 1317 3760 ete,
1339 3687 1459 3749 dilecto
1479 3687 1547 3750 tilio
1567 3689 1671 3767 priori
1686 3693 1798 3752 Gran-

1006 3783 1186 3846 dimonten.
1522 3835 1524 3840 .
1669 3783 1672 3790 '

1046 3883 1150 3952 Quum
1172 3879 1321 3968 ecclesiae
1336 3881 1402 3943 tuae
1423 3881 1636 3944 facultatibus
1657 3883 1690 3945 et
1708 3885 1799 3944 elee-

1006 3977 1164 4052 mosynis,
1175 3977 1293 4053 quibus
1310 3979 1489 4040 sustentari
1502 3977 1731 4056 consueuerat,
1739 3980 1799 4039 im·

1006 4073 1153 4143 minutis
1173 4072 1292 4132 iratres
1307 4074 1413 4150 ipsius
1434 4075 1500 4150 loci
1518 4076 1605 4136 sicut
1621 4076 1799 4137 multorum

1006 4168 1168 4230 relatione
1182 4162 1367 4238 didicimus,
1384 4185 1518 4245 gravem
1535 4173 1800 4234 necessarIarum

1009 4261 1144 4344 [rerum]
1164 4266 1337 4342 penuriam
1353 4267 1532 4342 patiantur,
1549 4284 1594 4330 ex
1613 4284 1677 4345 qua
1699 4269 1801 4331 subo-

1007 4363 1139 4422 riuntur
1153 4377 1323 4424 murmura
1337 4364 1423 4425 inter
1437 4363 1539 4440 ipsos,
1554 4381 1614 4427 nos
1630 4367 1671 4427 ad
1685 4383 1799 4428 eorum

1007 4459 1414 4538 tranquillitatem-debita
1433 4462 1664 4534 sollicitudine
1686 4465 1800 4534 inten-

1007 4555 1133 4628 denteS,
1162 4557 1359 4634 auctoritate
1382 4558 1443 4620 tihi
1470 4561 1684 4636 praesentium
1710 4561 1802 4621 inhi-

1007 4652 1132 4725 bemus,
1150 4669 1191 4715 ne
1206 4670 1378 4732 quousque
1398 4655 1518 4718 tratres
1536 4657 1663 4717 ordinis
1682 4658 1741 4729 tui,
1756 4657 1799 4718 ad

1008 4766 1082 4811 eum
1097 4766 1268 4812 numerum
1283 4751 1350 4812 sint
1359 4745 1498 4824 redacti,
1514 4753 1711 4829 quodetiam
1726 4758 1800 4834 ejus

1008 4847 1096 4909 statu
1117 4849 1266 4924 pensato,
1289 4849 1359 4924 ipse
1379 4847 1460 4909 ordo
1483 4849 1635 4911 videatur
1649 4835 1800 4929 pluribus

1007 4943 1168 5020 indigere,
1193 4943 1337 5022 aliquem
1359 4945 1432 5006 sine
1452 4943 1589 5022 speciali
1604 4949 1801 5024 apostolicae

1009 5041 1103 5102 Sedis
1118 5041 1254 5103 licentia
1269 5041 1412 5120 recipias
1426 5043 1460 5103 in
1476 5043 1645 5117 clericum,
1662 5046 1714 5106 vel
1726 5061 1802 5124 con·

1008 5153 1156 5214 versum3
1183 5137 1249 5200 nisi
1272 5137 1356 5202 torte
1376 5137 1455 5201 talis
1480 5142 1568 5203 esset
1587 5157 1741 5218 persona,
1757 5143 1801 5208 ,de

1008 5239 1103 5314 cujus
1127 5236 1317 5312 receptione
1341 5235 1468 5298 utilitas
1491 5238 1801 5303 evidensecclesiae

1006 5334 1073 5394 tuae
1100 5334 1259 5394 accedere
1284 5334 1464 5396 videretur.
1479 5335 1612 5414 ¹Datum
1631 5337 1798 5416 Laterani,

1005 5429 1055 5490 ΙΙΙ
1070 5417 1230 5491 kalendas
1249 5431 1348 5508 junii,
1364 5431 1574 5510 pontificatus
1593 5434 1698 5496 nostri
1713 5439 1800 5524 anno

1011 5529 1138 5606 quinto.
1476 5537 1482 5548 '
1533 5533 1536 5540 '
1748 5536 1785 5548 '⁴'
