4250 6404
127 349 166 408 21
631 365 637 377 “
749 351 979 413 EPISTOLAE.
1002 355 1080 414 LIB.
1104 357 1161 416 111.
1236 295 1243 314 ἱ
1722 363 1781 427 ,29

169 507 289 570 Datum
305 507 462 572 Laterani
477 510 521 570 Vl
536 508 603 578 kal,
616 508 812 587 septembris
820 511 931 588 ponti-

131 601 251 666 licatus
262 606 368 667 nostri
382 620 470 668 anno
485 605 600 701 tertio¹¹

485 765 579 854 XIV

169 900 222 958 Act
238 898 395 962 meolam
412 899 447 960 et
463 901 669 962 commotum
682 855 888 964 Cascenooae.

396 1011 431 1070 Ἠ
453 1013 568 1086 augusti
584 1013 663 1072 iilo.

257 1116 407 1182 susumque,
415 1117 483 1168 lun.
496 1117 608 1182 cistere,
617 1123 637 1170 t.
647 1119 690 1176 lv,
701 1119 802 1186 pili]

131 1212 182 1271 ilis
204 1213 322 1272 mundet
348 1221 380 1272 nt
405 1221 464 1272 tam
488 1215 518 1272 in
536 1215 711 1274 instituendo
732 1215 834 1298 abbate
843 1231 929 1298 quam

308 1303 479 1361 modissliis
496 1303 572 1362 bene
592 1305 750 1364 intendunt.
792 1339 795 1348 =

171 1411 340 1472 Honorius
351 1413 536 1490 episcopus,
547 1429 663 1476 servus
674 1429 845 1476 servorum
856 1415 927 1488 Dei,

131 1507 253 1569 dilecto
273 1508 342 1570 tilio
357 1507 468 1571 abbati
488 1511 521 1573 et
535 1512 713 1574 conventui
728 1513 928 1585 casaenovae,

132 1603 364 1668 Cisterciencis
393 1607 531 1682 ordinis,
548 1607 688 1671 salutem
712 1611 745 1670 et
764 1610 929 1687 apostoli-

132 1701 496 1766 cambenedictionem.
796 1721 799 1728 ’

173 1801 252 1860 Crrm
265 1801 502 1864 monasterium
519 1803 629 1865 Sancti
645 1803 879 1866 Bartholomaei
890 1803 930 1865 de

132 1897 298 1969 Sectione,
326 1899 413 1975 quod
446 1899 635 1962 immediate
669 1900 710 1961 ad
747 1901 929 1979 Romanam

131 1994 313 2056 Ecclesiam
354 1994 521 2072 pertinet,
567 1994 653 2058 sicut
679 1995 801 2059 litterae
823 1995 929 2058 lelicis

129 2088 300 2153 memoriae
328 2093 513 2154 innocentii
543 2095 640 2172 Papae
675 2091 929 2170 praedecessoris

130 2188 237 2250 nostri
257 2187 353 2250 nobis
378 2189 534 2251 exhibitae
553 2187 678 2268 liquide
702 2191 926 2262 manifestant,

130 2285 224 2346 vobis
234 2285 480 2348 reformandam
489 2287 806 2361 commiserimus,et
815 2305 931 2350 secun·

130 2381 208 2442 dum
224 2385 345 2444 statuta
357 2383 589 2446 cisterciencis
603 2385 730 2447 ordinis
740 2383 928 2448 informan-

132 2479 228 2551 dum,
258 2481 469 2544 universitati
496 2484 617 2544 vestrae
654 2499 715 2560 per
740 2483 929 2560 Apostolice

133 2577 928 2657 scriptamandemusquatenustaminstituendo

132 2673 179 2736 ibi
195 2675 347 2736 abbatem
361 2675 528 2748 idoneum,
546 2691 644 2754 quam
662 2677 769 2739 modis
783 2679 861 2740 aliis
888 2679 928 2739 ad

133 2774 206 2848 ejus
220 2772 488 2835 reformationem
500 2775 613 2836 taliter
622 2775 803 2837 intendatis
819 2797 827 2836 ε
843 2775 929 2853 quod

131 2870 272 2931 Domino
286 2871 427 2946 gratum
445 2871 478 2932 et
496 2871 591 2932 nobis
607 2871 723 2934 merito
748 2871 791 2934 sit
811 2887 931 2950 accep-

52 2971 57 2980 '
129 2967 211 3028 tum.
234 2967 353 3029 Datum
376 2967 543 3040 Laterani,
565 2960 931 3047 Vkalendas'septem-

130 3063 212 3138 bris,
230 3063 442 3144 pontificatus
462 3065 566 3128 nostri
582 3081 670 3128 anno
685 3065 794 3128 tertio.
843 3084 847 3093 ·

494 3241 566 3329 XV

170 3373 390 3438 ueratrum
410 3377 452 3436 ee
471 3343 644 3448 catorio,
657 3379 889 3443 senonensem

377 3475 683 3550 archiepiscopum.

167 3584 256 3659 (dnn.
280 3585 360 3654 1218,
385 3600 484 3642 mense
504 3591 618 3659 august.
640 3587 685 3644 vel
700 3585 892 3661 septembris.)

192 3700 326 3766 [Bonqnet
339 3700 442 3752 liecuoil
452 3701 646 3760 desbistoriens,
660 3707 678 3751 t.
689 3703 757 3760 xlx,
766 3701 867 3766 pods]

131 3807 286 3878 Honorius,
293 3814 324 3864 ut
332 3808 485 3866 Galliarum
496 3805 649 3881 episcopos
660 3809 783 3866 concitet
795 3807 831 3867 ad
841 3817 930 3867 matu·

168 3894 288 3982 randum
299 3895 462 3954 christianis
473 3898 634 3954 Damiatam
648 3896 844 3956 obsidentibus
853 3899 930 3956 auxi·

165 3985 245 4055 lium,
263 3992 377 4042 enarrat
391 4000 447 4058 quo
462 3985 518 4043 siut
532 3986 595 4042 loco
611 4001 657 4042 res
671 3985 746 4043 lilius
758 3987 909 4046 exercitus.

170 4111 338 4200 Honorius
351 4111 576 4190 episcopus...,
596 4111 842 4176 venerabilibus
857 4112 930 4176 lra-

130 4209 237 4272 tribus
250 4209 500 4286 archiepiscopo
525 4211 708 4278 senonensi
719 4212 752 4273 et
763 4211 930 4287 suffraga-

131 4307 204 4369 neis
220 4309 304 4385 ejus,
321 4322 361 4370 ac
375 4306 505 4367 dilectis
524 4307 603 4368 tiliis
626 4308 792 4373 universis
807 4308 930 4370 Christi

984 511 1050 576 tem
1071 515 1270 590 Jerusalem,
1296 517 1424 595 tugiam
1448 537 1492 582 ex
1516 521 1643 594 eadem,
1664 524 1696 584 et
1710 539 1783 586 eam

985 612 1137 674 fidelibus
1152 614 1225 676 sine
1236 614 1324 680 bello
1335 617 1534 696 relinquent.
1554 619 1678 681 sivero
1691 635 1783 698 prae·

984 709 1086 772 latam
1111 711 1278 775 civitatem
1300 729 1464 792 occupare
1489 717 1715 796 nequiverint,
1747 718 1783 778 in

984 822 1113 869 summo
1151 807 1344 873 discrimine
1376 815 1573 878 constitutus
1608 815 1658 876 est
1694 815 1782 876 idem

984 905 1162 978 exercitus,
1178 922 1253 969 cnm
1268 910 1402 972 athletae
1413 911 1537 973 Christi
1552 925 1589 972 se
1603 913 1639 972 in
1655 927 1695 973 eo
1710 913 1783 974 loco
1867 901 1871 918 '

984 1004 1185 1078 posuerint,¹
1203 1006 1240 1067 nt
1262 1007 1328 1068 nisi
1354 1023 1414 1085 per
1437 1010 1613 1072 victoriam
1642 1010 1783 1085 vestigia

984 1102 1077 1164 nulla
1104 1103 1299 1177 retrorsum,
1316 1103 1374 1166 sed
1402 1105 1494 1167 nullo
1521 1107 1630 1168 medio
1644 1121 1783 1168 necesse

984 1197 1284 1272 habeautvincere,
1302 1201 1360 1263 aut
1375 1203 1496 1280 perire.
1519 1202 1610 1274 Quod
1637 1203 1677 1276 si,
1704 1203 1782 1264 exi-

984 1295 1138 1371 gentibus
1161 1295 1305 1374 peccatis
1329 1299 1508 1362 nostriset
1532 1301 1647 1377 populi
1671 1301 1783 1362 chris-

983 1392 1079 1466 tiani,
1096 1394 1272 1468 accideret,
1292 1394 1340 1458 ita
1366 1397 1661 1459 consternarentur
1679 1397 1783 1458 animi

983 1493 1018 1552 et
1043 1489 1304 1554 dissolverentur
1329 1509 1447 1555 manus
1476 1493 1782 1570 crucesignatorum

984 1589 1018 1649 et
1031 1589 1179 1650 omnium
1192 1590 1249 1666 qui
1263 1590 1304 1650 ad
1320 1587 1453 1652 illenim
1477 1606 1672 1653 succursum
1686 1591 1781 1668 aspi-

984 1687 1070 1757 rant,
1085 1687 1171 1762 quod
1186 1686 1513 1764 dispendiosissimus
1535 1688 1640 1760 labor,
1651 1690 1708 1764 qui
1723 1703 1783 1765 pro

984 1785 1096 1844 Terrae
1136 1785 1266 1845 Sancte
1304 1786 1556 1861 recuperatione
1594 1788 1783 1861 assumptus

983 1880 1088 1942 totum
1114 1881 1227 1942 orbem
1251 1879 1469 1944 christanum
1496 1883 1680 1953 concussit,
1716 1897 1783 1942 non

984 1978 1057 2038 sine
1075 1979 1226 2054 perpetui
1245 1977 1370 2039 doloris
1389 1979 1549 2040 memoria
1571 1977 1672 2058 (qnod
1693 1982 1782 2040 Dens

983 2070 1273 2151 avertatl)irritus
1288 2075 1493 2138 redderetur.
1611 2111 1613 2116 -

1024 2169 1146 2232 Contlsi
1161 2173 1271 2233 autem
1293 2173 1334 2234 de
1355 2169 1468 2234 divino
1490 2173 1628 2244 auxilio,
1650 2187 1783 2249 praesn-

984 2269 1104 2330 mimus
1119 2268 1271 2342 meliora,
1291 2285 1367 2330 cum
1386 2270 1556 2338 Dominus,
1579 2269 1704 2332 iaciens
1717 2285 1782 2331 no-

983 2364 1111 2426 biscum
1124 2366 1254 2442 signum
1268 2365 1303 2427 in
1315 2365 1449 2440 bonum,
1459 2367 1693 2443 impiissimum
1707 2367 1783 2428 Sol-

984 2463 1107 2524 danum
1137 2463 1372 2541 Sepbedinum,
1394 2465 1597 2541 praecipuum
1626 2465 1783 2526 malleum

985 2563 1115 2624 sancta
1121 2563 1245 2633 Terrae,
1258 2577 1362 2637 nuper
1372 2560 1470 2622 rebus
1483 2561 1638 2622 humanis
1648 2576 1784 2622 exeme-

983 2659 1038 2728 rit,
1052 2659 1085 2718 et
1099 2658 1188 2720 inter
1209 2656 1362 2718 infideles
1383 2657 1586 2719 discordiam
1604 2659 1783 2720 immiserit

983 2753 1190 2830 generalem,
1218 2755 1355 2831 antiquo
1382 2753 1526 2816 soldano
1559 2757 1780 2827 Damascene,

984 2851 1053 2911 tilio
1089 2851 1253 2924 saladini,
1282 2853 1450 2928 pugnante
1482 2853 1599 2913 contra
1625 2852 1780 2928 patruum
1896 2889 1901 2894 -

984 2947 1080 3009 suum
1095 2949 1128 3012 et
1141 2949 1247 3010 illium
1273 2951 1345 3024 ejus
1368 2948 1540 3020 Soldanos,
1565 2947 1660 3010 etsie
1679 2951 1783 3011 totam

983 3047 1106 3108 terram
1120 3045 1306 3110 infidelium
1321 3043 1545 3124 perturbante,
1556 3045 1602 3118 ut,
1614 3046 1681 3109 alto
1695 3061 1780 3108 con-

984 3143 1061 3204 silio
1080 3145 1153 3221 ejus
1177 3141 1234 3221 qut
1249 3145 1368 3205 cuncta
1384 3142 1540 3221 disponit,
1563 3159 1681 3205 manus
1701 3157 1784 3205 con·
1870 3207 1873 3218 ,

983 3239 1200 3303 redeuntia
1225 3241 1375 3318 seipsos:
1392 3255 1454 3318 per
1475 3240 1561 3318 quod
1583 3241 1783 3319 sperandum

983 3339 1043 3411 est,
1074 3338 1160 3414 quod
1184 3339 1270 3398 Deus
1303 3353 1442 3414 regnum
1468 3353 1583 3398 eorum
1609 3337 1644 3398 in
1672 3338 1784 3414 seipso

960 3465 961 3518 j
984 3431 1128 3499 diuisum
1143 3434 1308 3511 disposuit
1318 3435 1491 3500 desolare:
1508 3435 1564 3512 qui
1583 3435 1683 3496 etiam
1704 3449 1785 3512 pro-

960 3539 961 3600 }
983 3531 1204 3610 pugnatorum
1220 3547 1356 3593 suornm
1368 3533 1578 3595 devotionem
1586 3532 1781 3609 respiciens,

984 3629 1033 3690 eis
1045 3645 1088 3693 ex
1101 3629 1269 3706 insperato
1278 3630 1455 3692 tradiderit
1470 3631 1588 3692 turrim
1606 3630 1785 3708 quamdam

983 3726 1149 3788 mirabilis
1173 3726 1388 3800 tortitudinis,
1417 3741 1502 3804 quae,
1526 3728 1589 3789 sita
1615 3727 1652 3788 in
1673 3725 1784 3788 medio

984 3823 1131 3885 fluminis
1145 3825 1179 3886 et
1194 3825 1360 3902 protensis
1374 3825 1501 3888 catenis
1525 3824 1644 3886 terreis
1664 3839 1784 3886 acces-

984 3922 1108 3983 suntad
1119 3921 1239 3984 dictam
1250 3923 1417 3998 denegans
1431 3922 1610 3993 civitatem,
1620 3921 1785 3998 inexpug-

985 4019 1128 4081 nabilem
1141 4019 1279 4082 reddere
1294 4019 1485 4095 videbatur3
1499 4019 1601 4080 tantae
1619 4018 1783 4095 siquidem

984 4115 1181 4187 latitudinis,
1202 4119 1239 4176 ut
1255 4116 1395 4177 trecenti
1419 4117 1539 4178 armati
1564 4115 1785 4176 consisterent

983 4213 1018 4273 in
1038 4207 1167 4279 eadem,
1183 4225 1265 4286 quos
1288 4225 1403 4271 omnes
1418 4226 1493 4271 cum
1520 4226 1562 4271 ea
1586 4211 1620 4270 in
1649 4224 1785 4270 suorum

984 4306 1132 4370 rodium
1159 4305 1313 4370 manibus
1347 4305 1484 4368 tradidit
1511 4307 1671 4368 Dominus
1697 4309 1784 4368 Deus

130 4404 294 4476 fidelibus,
320 4404 388 4466 tam
403 4403 654 4478 onicesignatis,
671 4420 768 4480 quam
784 4404 930 4481 aliisper
984 4401 1121 4470 noster,
1159 4419 1198 4464 ac
1227 4395 1326 4466 etiam
1353 4403 1388 4464 in
1413 4403 1526 4465 hostes
1557 4419 1635 4464 suos
1657 4405 1807 4466 tantum-

129 4518 245 4566 eorum
259 4502 420 4564 dioeceses
435 4499 633 4572 constitutis,
651 4501 805 4572 salutem,
823 4503 886 4564 etc.
982 4505 1145 4566 terrorem
1160 4501 1308 4573 immisit,
1324 4502 1361 4562 ut
1372 4503 1516 4564 montem
1527 4500 1670 4571 Thabor,
1686 4517 1784 4579 quem

170 4601 252 4660 Rem
267 4599 510 4676 aggressusest
528 4596 703 4660 exercitus
725 4597 928 4662 christianus
982 4599 1018 4660 in
1048 4599 1174 4675 grande
1209 4597 1419 4675 dispendium
1462 4599 1637 4660 christiani
1670 4599 1784 4675 populi

129 4695 278 4758 existam
303 4697 338 4756 in
364 4696 512 4774 partibus
536 4695 787 4768 transmarinis,
813 4697 848 4758 in
863 4713 926 4776 qua
982 4697 1297 4768 castellauerantet
1312 4695 1541 4774 quasdamalia
1556 4695 1781 4768 munitaloca,

129 4793 281 4855 consistit
301 4795 359 4856 aut
388 4794 486 4870 plena
513 4794 665 4866 uictoria,
690 4795 748 4857 aut
772 4794 927 4857 vincendi
983 4795 1136 4855 suffossis
1170 4793 1285 4864 muris,
1321 4809 1381 4870 pro
1412 4794 1532 4856 timore
1566 4792 1783 4871 reliquerint,

130 4891 317 4967 desperatio
332 4891 518 4962 manifesta,
539 4891 625 4954 sicut
645 4891 682 4954 ni
703 4891 759 4968 qui
779 4893 927 4954 locorum
982 4892 1111 4954 nullum
1125 4891 1233 4952 locum
1249 4890 1312 4952 sibi
1338 4891 1419 4953 satis
1433 4893 1539 4952 tutum
1562 4891 1726 4968 putantes
1754 4891 1783 4952 si

130 4987 254 5050 babent
267 4985 431 5060 notitiam,
451 4989 656 5052 asseverant.
682 4987 818 5050 Obsidet
836 4990 927 5050 enim
982 4990 1186 5052 christianus
1215 4990 1384 5050 exercitus
1420 4990 1536 5051 contra
1571 4989 1782 5066 sepedictam

130 5085 300 5148 civitatem
315 5083 481 5150 namure-
494 5085 685 5161 opulentam
708 5085 741 5147 et
758 5101 924 5162 magnam,
982 5087 1197 5164 prevaluerit
1209 5087 1388 5148 civitatem.

130 5197 229 5260 quam
245 5181 274 5243 si
288 5179 448 5242 Dominus
463 5179 501 5241 'in
516 5182 668 5244 manibus
689 5196 805 5246 eornm
817 5183 926 5246 tradi-
1021 5189 1102 5248 Haeo
1114 5184 1321 5246 attendentes
1336 5183 1537 5245 venerabilis
1550 5183 1653 5246 irater
1667 5185 1782 5247 noster

130 5279 227 5352 derit,
244 5275 386 5350 nnDum,
399 5277 436 5338 ut
460 5276 576 5350 lentim,
589 5281 648 5341 aut
661 5295 799 5357 parvum
812 5281 927 5344 obsta-
981 5283 1173 5360 patriarcha
1197 5282 1496 5359 ierosolymitanus
1519 5280 1571 5361 (e)
1592 5285 1625 5343 et
1646 5283 1782 5359 episc0-.

130 5377 242 5439 culum
268 5375 303 5438 ln
323 5377 414 5438 terra
440 5373 584 5451 AEgypto
618 5377 815 5454 invenient3
848 5379 927 5456 quin
981 5395 1043 5458 pus
1057 5379 1255 5441 albanensis
1277 5376 1324 5457 (b)
1340 5381 1377 5440 Α.
1398 5381 1430 5440 S.
1449 5379 1589 5455 legatus,
1607 5393 1735 5440 necnon
1750 5378 1784 5438 et

129 5477 231 5536 immo
242 5473 462 5552 infidelesqul
474 5471 622 5534 detinent
641 5475 788 5537 sanctam
803 5475 925 5539 civila-
981 5476 1146 5540 carissimi
1170 5477 1231 5538 tilii
1260 5491 1321 5538 rex
1336 5475 1382 5555 (o)
1411 5478 1445 5539 et
1472 5475 1624 5553 magistri
1657 5473 1784 5554 Hospi-

167 5665 220 5740 (o)
250 5665 396 5768 llodulltss.
445 5666 493 5739 (b)
520 5661 662 5739 Pelagius.
716 5666 763 5744 (c)
792 5669 927 5728 loannes.
