4300 6392
224 286 288 348 489
381 345 389 358 ,

223 443 398 524 plectimur
418 441 451 502 in
467 443 607 504 Domino
623 443 774 511 caritate,
789 441 936 505 habituri
949 459 1021 504 ma-

221 542 273 617 gis
298 556 338 601 ac
362 541 472 617 magis
493 539 698 602 favorabiles
714 543 746 600 et
760 539 933 616 benignos.
950 543 1020 600 Da-

223 648 292 700 tum
307 637 393 713 apud
411 637 531 698 Urbem
554 639 718 708 Veterem,
734 639 776 697 lV
790 636 857 697 hal.
874 637 1019 713 augusti,

225 735 436 812 pontificatus
452 733 558 796 nostri
575 750 663 796 anno
679 735 804 810 quinto.

605 894 641 978 V

256 1021 308 1080 Ad
328 1018 535 1080 abbatemet
557 1019 737 1078 cuttoutcos
757 1019 985 1092 Spototeuscs.

519 1130 554 1188 29
566 1129 628 1202 iulii
644 1129 725 1188 ¹2²0.

426 1235 504 1300 [lton.
518 1235 600 1298 llung.
616 1235 686 1293 nist,
695 1235 739 1287 rt.
751 1233 819 1300 tet]

118 1413 124 1422 ι
224 1332 419 1404 antilogium,
439 1331 475 1388 ab
498 1332 665 1390 Innocentio
689 1345 761 1404 papa
777 1331 820 1388 eis
840 1345 1019 1402 concessum,

537 1419 697 1476 confirmat.

264 1517 430 1580 Honorius
441 1517 626 1594 episcopus
639 1533 755 1578 servus
765 1533 937 1579 servorum
948 1518 1019 1586 Dei,

223 1615 354 1677 dilectis
365 1615 443 1676 liliis
454 1613 565 1675 abbati
576 1616 609 1676 et
623 1615 793 1676 canonicis
812 1615 1020 1691 Spalateusi-

223 1711 296 1779 bus,
313 1713 453 1773 salutem
469 1713 502 1772 et
516 1710 731 1788 apostolicam
745 1710 1019 1772 benedictionem.

265 1810 301 1868 ln
317 1808 437 1870 litteris
450 1807 545 1868 bonae
560 1807 728 1870 memorias
753 1807 937 1869 Innocentii
958 1823 1020 1884 pa-

225 1920 274 1980 pae
299 1903 555 1980 praedecessoris
583 1901 690 1964 nostri
716 1904 765 1964 sic
788 1904 1020 1983 perspeximus

223 2001 389 2062 contineri
404 2017 411 2062 ε

265 2098 478 2160 Innocentius
493 2099 677 2175 episcopus,
692 2099 755 2160 etc.

263 2197 369 2266 Quum
383 2195 470 2258 inter
483 2195 578 2260 bonae
593 2195 762 2258 memoriae
775 2197 811 2256 Ρ.
828 2195 1017 2272 praedeces-

222 2308 331 2354 sorem
357 2293 466 2363 tuum,
492 2292 594 2353 trater
613 2291 874 2370 archiepiscope,
897 2308 937 2354 ao
953 2294 1017 2353 tuae

222 2388 368 2451 civitatis
377 2389 517 2450 clericos
529 2405 630 2466 super
636 2389 740 2450 variis
751 2389 902 2450 articulis
913 2405 1018 2465 quaes·

822 345 833 352 .
856 281 1187 346 EPISTOLAE.'LIB.
1211 289 1248 346 V.

1814 288 1874 365 490

1075 443 1298 506 Albanensem
1313 444 1514 524 episcopum,
1538 449 1571 507 et
1589 445 1684 509 bonae
1703 447 1871 526 memoriae

1076 541 1323 605 cassaneto
1349 543 1505 619 apostolo
1535 545 1664 606 Sanctae
1691 543 1806 620 Mariae
1834 543 1870 604 in

1077 639 1212 700 Porticu
1227 639 1430 701 cardinalem
1453 640 1619 702 concessit
1636 639 1805 701 auditores
1808 683 1868 700 .....

1076 737 1259 797 Praesentia
1279 739 1460 811 constituti,
1478 738 1553 816 post
1567 736 1687 799 multas
1702 737 1868 813 discepta-

1076 833 1185 894 tiones
1208 834 1242 895 et
1255 834 1483 910 allegationes,
1510 835 1636 896 saniori
1656 833 1708 894 usi
1732 833 1872 895 consilio

1075 929 1188 991 taliter
1216 924 1452 1005 convenerunt,
1481 933 1568 1010 quod
1596 931 1709 993 clerici
1738 931 1873 992 archie-

1075 1026 1211 1104 piscopo
1233 1031 1385 1104 quartam
1412 1033 1540 1106 partem
1560 1028 1817 1092 decimationum
1840 1028 1873 1089 et

1077 1122 1280 1185 oblationum
1291 1141 1454 1201 persuum
1465 1127 1726 1203 procuratorem,
1741 1140 1872 1186 annua-

1076 1220 1135 1284 tim
1161 1221 1280 1297 viginti
1304 1237 1461 1298 perparos
1484 1238 1543 1300 pro
1566 1221 1873 1299 recompensatione

1076 1318 1342 1394 supradictarum
1358 1320 1639 1395 procurationum,
1664 1321 1696 1382 et
1711 1319 1796 1396 quod
1817 1335 1873 1382 re-

1076 1414 1208 1476 siduum
1221 1416 1438 1492 essetdeipsa
1450 1417 1567 1494 quarta
1580 1417 1614 1477 in
1623 1433 1720 1478 suum
1731 1431 1872 1478 commo·

1077 1511 1155 1572 dum
1170 1514 1421 1574 converteretur
1442 1516 1476 1574 et
1490 1530 1602 1592 usum3
1624 1515 1786 1590 praeterea
1811 1529 1872 1574 sex

1075 1609 1204 1671 tantum
1219 1610 1360 1687 prandia
1378 1611 1471 1672 daret
1484 1610 1608 1672 eisdem
1623 1611 1755 1672 statutis
1776 1610 1872 1672 testi-

1076 1705 1234 1768 vitatibus
1243 1707 1333 1780 anni,
1342 1707 1470 1770 scilicet
1482 1709 1589 1768 sancti
1603 1709 1777 1780 Dominio,
1787 1710 1871 1770 Pen-

1075 1802 1233 1876 tecostes,
1261 1804 1297 1864 in
1325 1804 1543 1866 translatione
1572 1804 1663 1866 beati
1692 1805 1868 1877 Dominici,

1076 1899 1184 1960 sancti
1198 1901 1376 1972 anastasii,
1403 1903 1594 1964 sanctorum
1614 1904 1740 1964 Cosmae
1755 1903 1788 1963 et
1802 1905 1869 1964 Da-

1075 1997 1189 2070 miani‚
1200 1998 1232 2061 et
1241 1997 1536 2074 sanctiVincentii;
1547 1999 1733 2076 potationes
1747 1999 1869 2061 sabba-

1075 2091 1183 2152 torum
1199 2093 1232 2153 et
1245 2092 1352 2154 tribus
1367 2091 1646 2166 hebdomadariis,
1655 2093 1797 2170 singulis
1808 2095 1868 2156 do-

1075 2187 1207 2250 minicis
1229 2189 1345 2251 diebus
1369 2191 1630 2268 procurationes,
1651 2191 1693 2254 ab
1712 2190 1866 2252 omnibus

1073 2285 1174 2346 etiam
1189 2285 1266 2347 aliis
1284 2286 1469 2364 adjutoriis,
1485 2304 1558 2366 quae
1572 2304 1593 2349 a
1607 2288 1709 2351 totius
1721 2289 1866 2351 civitatis

1074 2382 1206 2444 clericis
1221 2383 1331 2445 debito
1344 2384 1528 2462 expetebat,
1545 2386 1613 2448 tam
1630 2402 1691 2463 pro
1705 2402 1752 2456 se,
1769 2401 1867 2463 quam
1935 2421 1943 2429 .

82 4270 95 4298 .,
153 4265 169 4284 .
216 4224 267 4286 eis
277 4224 487 4301 importabile
497 4224 742 4298 videretur3ita
757 4241 832 4286 cum
841 4226 1012 4288 canonicis

220 2487 268 2548 tio
289 2487 485 2556 verteretur,
502 2501 575 2546 eam
595 2485 703 2547 felicis
716 2486 956 2549 recordationis
980 2487 1014 2546 G.
1073 2495 1132 2556 pro
1162 2480 1410 2542 successoribus
1438 2482 1508 2544 suis
1537 2484 1696 2560 perpetuo
1723 2482 1868 2545 reddidit

221 2599 317 2658 papae
332 2583 587 2659 praedecessoris
605 2582 710 2644 nostri
730 2583 909 2648 audientiae
931 2598 1018 2658 prae-
1073 2577 1214 2638 clericos
1229 2578 1429 2639 memoratos
1442 2578 1617 2640 immunes.
1636 2582 1740 2651 Quam
1755 2581 1868 2658 utique

221 2681 407 2750 sentarunt,
425 2680 460 2740 ut
475 2677 535 2740 sub
560 2679 665 2755 ipsius
680 2679 835 2739 examine
856 2679 1016 2740 ventilata
1072 2675 1325 2736 conventionem
1358 2675 1567 2736 amicabilem
1592 2677 1632 2737 de
1660 2693 1802 2738 assensu
1834 2678 1867 2738 et

221 2777 287 2838 tine
315 2776 426 2838 debito
455 2776 674 2838 clauderetur.
705 2779 732 2836 A
758 2773 878 2851 quibus
904 2776 1017 2852 utique
1071 2770 1242 2833 voluntate
1256 2773 1430 2850 utriusque
1438 2773 1542 2850 partis
1554 2773 1673 2836 tactam
1686 2790 1747 2835 nos
1759 2776 1866 2836 ratam

220 2873 353 2934 clericis
374 2872 460 2934 idem
481 2874 558 2934 tuus
573 2871 799 2948 praedecessor
818 2871 960 2949 petebat,
982 2875 1018 2932 ut
1071 2867 1230 2930 habentes
1246 2871 1279 2932 et
1294 2869 1435 2942 firmam,
1453 2886 1526 2931 eam
1539 2871 1580 2933 ad
1596 2870 1767 2949 exemplar
1776 2875 1867 2948 ejus-

220 2971 372 3046 quartam
399 2971 526 3046 partem
546 2968 802 3031 decimationum
823 2971 856 3030 et
871 2961 1014 3030 oblatio·
1071 2965 1145 3027 dem
1160 2966 1415 3042 praedecessoris
1429 2968 1536 3029 nostri
1550 2969 1747 3030 auctoritate
1761 2971 1867 3044 Apos-

222 3083 301 3127 nnm
318 3067 358 3127 de
373 3081 510 3142 corpore
526 3067 670 3128 civitatis
683 3066 747 3126 sibi
762 3065 906 3128 debitam
919 3066 1017 3127 exhi·
1070 3062 1171 3125 tolica
1186 3064 1420 3125 confirmamus
1435 3067 1468 3125 et
1483 3064 1657 3140 praesentis
1676 3065 1790 3142 scripti
1804 3081 1865 3144 pa-

221 3161 347 3224 herent.
366 3160 503 3224 Petebat
517 3161 629 3234 etiam,
652 3163 749 3224 uteo
770 3163 929 3238 tempore,
952 3177 1015 3238 quo
1071 3161 1476 3224 trociniocommunimus.

219 3261 293 3336 ipse
308 3259 361 3320 vel
388 3275 598 3336 successores
614 3259 666 3320 sui
688 3259 730 3320 ad
752 3262 934 3321 Romanam
950 3262 1014 3320 Ec·
1110 3261 1179 3320 Nos
1194 3275 1284 3335 ergo,
1298 3260 1384 3337 quod
1399 3275 1499 3337 super
1520 3259 1583 3322 hoc
1595 3260 1637 3322 ab
1649 3261 1764 3322 eodem
1780 3279 1866 3340 prae-

219 3356 357 3418 clesiam
370 3356 567 3418 accederent
582 3356 879 3427 consecrandi,seu
893 3359 1017 3418 Roma·
1070 3355 1244 3418 decessore
1267 3358 1381 3418 nostro
1403 3357 1524 3420 tactum
1546 3361 1606 3429 est,
1631 3358 1863 3435 approbantes,

220 3467 300 3512 num
328 3451 533 3524 Pontificem,
559 3451 792 3528 imperatorem
821 3451 874 3513 vel
904 3467 1014 3528 regem
1070 3452 1153 3514 illud
1164 3453 1557 3530 auctoritateApostolica
1573 3455 1817 3528 confirmamus,
1832 3459 1866 3518 et

220 3564 320 3609 causa
336 3547 537 3610 visitationis
550 3548 690 3620 adirent,
709 3547 824 3609 clerici
839 3548 902 3609 sibi
914 3549 1015 3626 adju·
1070 3550 1243 3626 praesentis
1266 3551 1379 3629 scripti
1402 3552 1588 3628 patrocinio
1610 3554 1862 3614 communimus.

219 3645 341 3706 terium
357 3643 587 3721 impenderent
604 3644 836 3720 opportunum.
852 3645 920 3721 Ipsi
935 3660 1015 3706 nero
1070 3647 1161 3708 Nulli
1174 3648 1397 3724 ergoomnino
1410 3649 1581 3710 hominum
1594 3649 1694 3712 liceat
1706 3651 1792 3711 hanc
1805 3667 1866 3729 pa·

220 3741 284 3802 sibi
299 3741 340 3802 ad
351 3742 424 3803 haec
434 3742 559 3818 pariter
570 3741 823 3818 respondebant,
840 3742 925 3818 quod
940 3757 1015 3802 curn
1069 3744 1182 3819 ginam
1197 3746 1319 3807 nostrae
1332 3745 1593 3808 confirmationis
1607 3746 1799 3824 intringere,
1811 3747 1864 3809 vel

218 3838 482 3915 predecessores
503 3838 607 3914 ipsius
626 3839 771 3915 quinque
786 3837 1013 3899 hebdomada·
1070 3841 1101 3902 ei
1116 3857 1200 3902 ausu
1215 3842 1392 3904 temerario
1413 3844 1589 3905 contraire.
1608 3845 1732 3922 Siquis
1754 3848 1864 3906 autem

216 3935 298 4007 rios,
316 3935 544 4012 presbyterum
557 3936 697 4007 scilicet,
712 3936 859 4007 levitam,
876 3935 1014 3996 subdia·
1069 3937 1132 4000 hoc
1147 3940 1310 4001 attentare
1324 3941 1582 4016 praesumpserit,
1599 3940 1863 4018 indignationem

217 4047 349 4104 conum,
367 4033 532 4108 acolytum
559 4035 592 4094 et
615 4032 800 4104 sacristam,
828 4047 888 4110 per
911 4032 1013 4094 totam
1069 4035 1302 4112 omnipotentis
1314 4037 1383 4108 Dei,
1394 4037 1427 4097 et
1438 4035 1610 4098 beatorum
1626 4039 1757 4099 Petriet
1767 4039 1863 4099 Pauli

217 4131 410 4190 tenerentur
424 4128 665 4190 hebdomadam
686 4144 877 4204 procurare,
894 4131 927 4190 et
950 4129 1014 4190 hoc
1067 4132 1293 4210 apostolorum
1308 4135 1391 4210 ejus,
1405 4149 1441 4194 se
1456 4134 1587 4195 noverit
1598 4134 1822 4195 incursurum.

1107 4230 1225 4291 Datum
1237 4229 1324 4305 apud
1342 4229 1462 4291 Urbem
1471 4231 1635 4304 Veterem,
1650 4233 1693 4292 IV
1701 4230 1862 4292 kalendas

217 4323 455 4394 convenerunt,
472 4323 508 4384 ut
523 4338 582 4398 pro
598 4322 907 4399 recompensatione
928 4337 1010 4399 pro·
1068 4326 1212 4403 augusti,
1229 4325 1439 4404 pontificatus
1452 4328 1559 4390 nostri
1569 4343 1658 4390 anno
1672 4329 1799 4406 quinto.

216 4420 427 4482 curationum
452 4419 717 4496 supradictarum
742 4417 904 4481 haberent
930 4420 1011 4497 ipsis
1519 4427 1522 4434 '

215 4518 367 4594 quartam
391 4521 519 4594 partem
541 4517 798 4578 decimationum
813 4517 847 4578 et
870 4515 1012 4580 oblatio·
1433 4469 1489 4554 VI

1220 4605 1272 4666 Ad
1284 4602 1473 4676 capitatum
1491 4604 1702 4676 sponatanee.

1360 4711 1395 4770 29
1407 4711 1470 4785 julii
1488 4711 1567 4770 itio.

1191 4819 1282 4883 [licien
1295 4817 1379 4870 Codex
1391 4815 1454 4882 dipl.
1470 4819 1564 4882 Hung„
1579 4819 1624 4880 lll,
1634 4834 1654 4881 r,
1666 4819 1735 4885 292]

1065 4917 1208 4975 Honorius
1222 4917 1391 4973 electionem
1404 4915 1533 4974 Guncelli
1542 4932 1575 4974 se
1585 4915 1732 4989 probasse,
1745 4926 1774 4976 et
1788 4934 1857 4977 con·

1100 5005 1289 5062 secretionem
1312 5004 1402 5077 ipsius
1422 5004 1546 5063 Roberto
1560 5007 1766 5078 vesprimiensi
1781 5009 1857 5081 epis·

215 4630 294 4674 num
309 4614 349 4674 de
379 4630 517 4692 corpore
532 4613 687 4686 civitatis,
715 4613 801 4675 sicut
815 4613 850 4673 in
878 4615 1011 4690 scriptis

214 4711 310 4772 bonae
336 4713 504 4774 memoriae
532 4711 664 4784 Gaudii,
694 4711 834 4773 Gerardi
858 4713 893 4774 et
920 4712 1010 4773 Petri

215 4805 495 4884 praedecessorum
517 4825 654 4870 suornm
668 4809 857 4870 continetur
872 4825 1011 4886 expres-

213 4920 298 4964 sum.
320 4905 489 4970 ,Petebant
513 4907 650 4983 insuper
671 4906 846 4967 duodecim
870 4905 1009 4982 prandia

214 5001 313 5063 certis
326 5003 406 5063 anni
420 5001 654 5065 festivitatibus
670 5003 895 5082 percipienda,
910 5005 1008 5080 pota-

212 5100 321 5161 tiones
343 5099 555 5161 sabbatorum
577 5103 610 5163 et
624 5101 876 5178 procurationes
902 5099 1009 5164 tribus
1099 5107 1171 5166 0⁰r0
1186 5092 1333 5161 detulisse,
1347 5092 1500 5165 spalatinis
1513 5094 1668 5167 signitioat.

213 5195 493 5268 hebdomadariis,
522 5197 663 5272 singulis
691 5197 806 5259 diebus
832 5197 1009 5260 dominicis
1104 5202 1270 5264 Honorius
1308 5201 1493 5278 episcopus
1529 5218 1646 5264 servus
1685 5219 1856 5266 servorum

213 5294 431 5357 exhibendas.
455 5295 535 5354 Cum
555 5295 657 5370 igitur
675 5295 761 5358 idem
784 5294 1010 5372 praedecessor
1064 5297 1135 5370 Dei,
1148 5296 1278 5358 dilectis
1289 5297 1379 5369 illlis,
1392 5298 1537 5374 capitulo
1549 5299 1750 5376 spalatensi,
1763 5300 1858 5361 salu-

213 5395 323 5454 vester
333 5391 445 5453 multis
457 5393 489 5452 et
502 5391 606 5452 variis
619 5391 760 5467 negotiis
771 5394 951 5470 occupatus
967 5394 1008 5456 ad
1065 5395 1129 5456 tem
1144 5394 1177 5455 et
1191 5393 1406 5471 apostolicam
1423 5394 1697 5457 benedictionem.

213 5487 285 5550 llaec
305 5489 506 5566 respondere
532 5505 598 5550 uon
622 5489 760 5558 valeret,
783 5491 1008 5553 venerabilem
1104 5491 1196 5553 Licet
1219 5491 1254 5552 in
1277 5491 1434 5554 dilectum
1455 5492 1572 5564 illium,
1586 5492 1723 5554 tratrem
1740 5494 1858 5570 hospi-

214 5586 348 5650 tratrem
362 5589 510 5650 nostrum
520 5589 548 5650 J.
564 5588 642 5650 tuuc
653 5587 904 5667 viterbiensem,
922 5606 1009 5652 nnnc
1066 5579 1141 5650 talis
1158 5592 1191 5650 S.
1203 5589 1292 5666 regis
1308 5589 1520 5668 stephanide
1535 5575 1856 5656 ordinetlrucilero-
