4280 6404
194 331 253 392 357
818 327 1044 388 EPISTOLAE.
1069 327 1146 386 LIB.
1162 327 1241 388 ·IV.o

196 489 317 648 si,
341 504 456 551 omnes
481 488 622 565 possetis
646 485 786 550 forsitan
814 487 988 557 interesse,
1046 485 1215 546 nonnullis
1226 485 1441 562 indulgentiis
1456 487 1611 563 specialis
1621 487 1738 564 gratia
1754 501 1842 566 prae-

196 602 242 664 qu
318 584 370 662 psi
398 579 519 645 iratres
540 582 647 644 nostri
669 581 878 643 concorditer
902 580 991 642 iate·
1047 584 1196 660 rogativa
1211 583 1371 659 munivit;
1393 599 1454 646 nos
1468 587 1579 647 autem
1594 585 1651 663 qui
1667 585 1842 648 salutifera

197 683 329 754 bantur,
345 679 432 742 unde
447 679 542 759 petiit
563 680 697 741 nuntius
718 678 937 756 supradictus,
957 677 994 738 ut
1047 681 1218 742 commoda
1237 683 1347 744 vestra
1365 681 1510 758 benigno
1527 681 1644 745 lavore
1663 682 1841 760 prosequi·

198 797 272 842 cum
290 780 363 855 ipse
377 781 516 839 Treoen
547 778 603 854 qui
625 775 823 837 credebatur
845 769 993 836 la'cturus
1048 793 1132 850 mur,
1159 778 1394 856 tranquillitati
1413 780 1533 840 vestrae
1559 778 1714 852 libenter,
1744 781 1843 857 prout

198 875 285 953 apud
313 875 432 937 Sedem
458 873 683 951 apostolicam
709 871 842 949 longam
866 885 993 932 moram
1048 890 1232 952 possumus,
1254 875 1467 952 providemus
1480 877 1679 939 auctoritate
1693 893 1844 953 praesen·

192 977 263 1052 jam
277 987 450 1049 regressus
465 971 508 1032 ad
520 971 666 1048 propria,
678 970 765 1031 dicto
780 968 912 1045 negotio
931 982 994 1029 va·
1048 971 1131 1033 tium
1148 972 1339 1045 inhibendo,
1355 989 1397 1036 ne
1416 973 1519 1049 legati
1534 973 1630 1036 Sedis
1640 974 1842 1052 Apostolicae

196 1072 265 1134 leat
289 1071 453 1134 Interesse
475 1084 536 1146 per
557 1083 629 1138 vos.
649 1069 683 1130 et
702 1067 811 1144 ipsum
826 1066 863 1126 in
878 1064 994 1128 eodem
1050 1069 1122 1130 sine
1137 1070 1274 1146 speciali
1286 1071 1442 1133 mandato
1454 1073 1569 1133 nostro
1582 1071 1618 1132 in
1634 1087 1693 1134 vos
1708 1087 1845 1133 excom-

197 1167 332 1246 procedi
352 1167 485 1243 negotio
509 1165 753 1226 mandaremus.
784 1164 865 1224 Cum
892 1161 995 1238 igitur
1050 1167 1284 1228 manicationis
1295 1167 1349 1229 vel
1360 1168 1601 1244 suspensionis,
1616 1169 1844 1232 etinmonas·

197 1264 393 1327 intentionis
407 1264 529 1325 nostrae
543 1277 610 1324 non
625 1261 996 1338 lueritsuspectumju-
1049 1264 1135 1325 teria
1160 1265 1271 1326 vestra
1294 1263 1463 1326 interdicti
1487 1265 1669 1328 sententias
1695 1267 1845 1344 promul-

199 1363 305 1425 dicem
334 1361 533 1437 subrogare,
559 1375 634 1422 cum
667 1373 728 1436 per
753 1358 817 1420 hoo
842 1355 996 1434 impediri
1050 1362 1138 1438 gent.
1168 1361 1260 1422 Nulli
1284 1377 1363 1438 ergo
1389 1361 1524 1424 omnino
1550 1361 1721 1424 bominum
1744 1363 1846 1426 liceat

199 1461 305 1538 possit
315 1460 426 1536 ipsum
440 1458 610 1534 negotium
629 1455 715 1534 quod
728 1455 921 1516 volebamus
936 1468 997 1530 per
1051 1459 1139 1520 banc
1158 1459 1314 1535 paginam
1342 1461 1465 1521 nostrae
1491 1458 1700 1523 inhibitionis
1720 1461 1843 1522 inirin-

197 1556 466 1632 subrogationem
492 1553 682 1631 hujusmodi
705 1551 995 1632 citiuseupediri,
1050 1570 1140 1630 gere,
1155 1556 1208 1618 vel
1223 1557 1255 1618 ei
1271 1572 1356 1618 ausu
1369 1557 1561 1630 temerario,
1579 1557 1642 1620 etc.
1744 1565 1749 1574 “

201 1653 395 1718 discretioni
422 1651 542 1714 vestrae
561 1649 630 1728 'per
656 1649 846 1727 apostolica
873 1647 996 1724 scripta
1092 1653 1210 1714 Datum
1220 1653 1373 1724 Viterbii,
1390 1655 1509 1731 quarto
1523 1668 1630 1716 nonas
1644 1653 1841 1727 decembris,

200 1745 996 1826 mandamus,quatenus,sideconsensupartium

1783 331 1843 390 358
1948 333 1954 340 '

196 1850 267 1924 jam
280 1849 331 1910 est
344 1861 405 1924 per
421 1861 480 1907 vos
492 1847 527 1907 et
544 1845 668 1906 dictum
685 1842 948 1905 Autissiodoren.
960 1842 997 1902 in

200 1943 275 2020 ipsa
300 1955 402 2002 causa
425 1955 636 2018 processum,
668 1937 723 2000 vel
749 1936 858 1998 adhuc
885 1935 997 2012 partes

201 2037 440 2108 consenserint,
456 2037 492 2098 ut
504 2035 671 2112 pervoset
680 2032 831 2096 eumdem
838 2031 997 2092 Autissio

200 2135 316 2197 deren.
329 2134 521 2212 episcopum
540 2131 749 2210 procedatur,
766 2145 826 2191 vos
841 2143 996 2189 unacum

201 2248 241 2294 eo
264 2231 455 2294 mandatum
469 2232 618 2296 nostrum
641 2227 780 2304 exsequi
795 2226 991 2303 procuretis.

201 2329 358 2406 Alioquin
369 2343 409 2391 eo
419 2328 454 2390 in
467 2344 531 2405 quo
542 2327 719 2404 peripsum
731 2323 994 2386 euusstouoren.

202 2442 394 2504 processum
403 2425 498 2488 estin
513 2439 574 2486 suo
585 2422 704 2486 robore
715 2421 929 2499 permanente
939 2436 997 2480 su-

201 2539 261 2600 per
268 2523 501 2586 aliisumcum
508 2519 889 2598 ipso'rrecenepiscopo
901 2517 936 2578 in
943 2531 997 2578 eo-

202 2619 276 2682 dem
304 2619 437 2696 negotio
459 2619 556 2696 Juxta
585 2617 734 2694 priorum
760 2614 996 2678 continentiam

202 2717 390 2780 litterarum
405 2714 585 2794 procedere
599 2729 667 2775 non
680 2713 830 2785 tardetis,
847 2712 940 2774 salvo
957 2726 997 2772 eo

203 2814 289 2891 quod
314 2813 492 2876 terminum
525 2827 590 2889 quo
618 2826 721 2872 causa
744 2809 842 2872 debet
866 2808 907 2872 ad
936 2823 997 2870 nos

202 2910 364 2973 instructa
377 2909 500 2972 remitti
515 2907 673 2986 usquead
688 2907 828 2985 primam
843 2905 997 2970 Domini-

204 3025 276 3072 cam
296 3006 573 3086 quadragesima,
595 3021 634 3066 re
647 3005 696 3067 ita
708 3004 876 3079 exigente,
894 3003 996 3064 duxi-

203 3123 276 3170 mus
295 3104 551 3183 prorogandum.
576 3103 694 3164 Datum
714 3101 866 3173 viterbii,
879 3101 997 3177 quarto

203 3219 308 3266 nonas
320 3199 515 3270 decembris,
529 3214 617 3262 anno
628 3199 757 3276 quarto.

537 3367 667 3456 LVIII

204 3496 256 3556 ald
279 3493 434 3556 whotem
460 3491 724 3554 cisterciensem
748 3490 783 3552 et
816 3491 999 3550 universos

503 3589 693 3650 coabbates

260 3778 264 3786 Ι
464 3699 632 3759 Νιοοιιιιι.
656 3699 736 3757 atta.

140 3794 147 3857 Ῐ
153 3810 156 3813 ‘
235 3806 407 3873 [spicilegium
419 3805 584 3858 hibericum
595 3805 627 3856 de
638 3803 764 3862 Listraui,
776 3819 801 3870 p.
814 3803 870 3864 780,
881 3817 908 3856 ι.
920 3803 974 3870 28.]

204 3913 318 3971 inhibet
340 3927 377 3970 ne
395 3913 484 3986 legati
508 3910 589 3970 Sedis
609 3911 781 3984 apostolice
795 3911 859 3968 sine
881 3911 999 3983 speciali

240 4001 376 4060 mandato
402 4015 485 4074 pepe
505 4001 606 4058 ineos
630 3999 933 4058 excommunicationis
954 4009 999 4065 vel

237 4090 437 4163 suspensionis
457 4096 486 4147 et
506 4089 536 4146 in
555 4103 654 4147 eorum
669 4088 845 4146 monasteria
857 4087 999 4148 interdicti

239 4178 399 4236 sentemiss
413 4177 605 4251 promulgent.

248 4283 415 4346 «onorius
452 4284 646 4360 episcopus,
680 4297 797 4345 servus
826 4297 998 4344 servorum

220 4394 229 4435 t
296 4380 424 4442 dilectis
433 4379 512 4440 filiis
522 4380 634 4442 abbati
649 4380 861 4441 Cisterciensi
875 4381 908 4440 et
922 4379 999 4440 uni-

206 4495 247 4540 ve
323 4476 538 4540 coabbatibus
557 4480 629 4554 ejus
650 4479 683 4539 et
697 4475 855 4538 tratribus
867 4476 928 4537 sub
940 4490 999 4538 eo-

206 4574 272 4637 dan
355 4575 427 4636 ·ine
455 4576 523 4636 Deo
547 4573 781 4646 servientibus,
806 4572 999 4636 salutemet

207 4687 316 4749 apos·
399 4697 415 4725 ιι
437 4671 712 4733 benedictionem.

245 4771 327 4830 Cum
358 4796 365 4823 ·
436 4769 481 4829 is
512 4769 617 4830 vestri
644 4783 808 4845 generosa
837 4768 998 4846 plantatio

206 4866 327 4928 multos
341 4865 420 4935 relr
488 4866 559 4928 'set
568 4866 751 4928 honestatis
762 4865 1000 4928 doresetlruo·

1050 1749 1262 1826 pontificatus
1274 1750 1378 1813 nostri
1395 1765 1482 1812 anno
1494 1751 1623 1828 quarto.

1403 1920 1491 2006 LIX

1070 2053 1122 2112 Ad
1145 2053 1313 2114 moenum
1334 2053 1367 2113 ct
1390 2053 1578 2126 capitutum
1595 2057 1822 2116 Portrtertses.

1320 2163 1477 2224 tdeoemo.
1495 2165 1574 2224 lile.

1214 2269 1325 2336 [Notices
1336 2276 1362 2321 et
1371 2271 1491 2330 Extreits,
1502 2269 1570 2331 XXI,
1581 2285 1610 2330 u,
1624 2270 1691 2339 m]

1051 2369 1214 2443 Philippum
1235 2369 1271 2428 de
1296 2371 1399 2440 (treve,
1415 2369 1605 2428 Parisiensem
1627 2370 1844 2440 cancellarium,

1087 2457 1163 2516 nullo
1174 2461 1270 2516 Rome
1278 2464 1376 2514 contre
1391 2471 1457 2515 eum
1467 2464 1634 2516 aceruatore
1647 2467 1842 2533 comparente,

1082 2561 1151 2605 cum
1166 2546 1259 2620 gratie
1274 2545 1401 2604 remittit.

1092 2655 1260 2717 Honorius
1274 2654 1399 2716 decano
1422 2656 1456 2717 et
1476 2654 1622 2732 capitulo
1644 2657 1838 2729 Parisiensi,

1052 2750 1192 2814 salutem
1207 2754 1240 2814 et
1253 2751 1469 2830 apostolicam
1488 2749 1762 2814 benedictionem.

1090 2853 1173 2912 (lum
1200 2849 1241 2912 ad
1268 2864 1368 2912 aures
1398 2851 1529 2911 nostras
1554 2849 1595 2912 de
1622 2849 1744 2912 dilecto
1775 2850 1843 2914 illio

1052 2947 1152 3021 Ph...,
1180 2946 1381 3008 cancellario
1407 2948 1536 3019 vestro,
1557 2946 1707 3024 quaedam
1726 2949 1843 3024 grevia

1052 3044 1292 3124 provenissent,
1315 3045 1349 3107 et
1375 3043 1416 3104 ob
1443 3043 1605 3105 boccum
1631 3044 1673 3106 ad
1696 3045 1844 3107 nostram

1051 3143 1264 3222 praesentIam
1284 3156 1507 3214 vocassemus,
1535 3139 1624 3218 quie,
1641 3141 1714 3218 ipso
1731 3157 1844 3205 coram

1053 3239 1148 3303 nobis
1169 3239 1375 3318 postmodum
1394 3239 1616 3316 comparente,
1633 3237 1745 3300 nullus
1759 3253 1843 3301 con-

1051 3340 1105 3402 tra
1126 3338 1278 3400 eumdem
1301 3335 1485 3413 comparuit
1508 3336 1694 3409 accusator,
1720 3350 1793 3408 nos,
1808 3336 1845 3398 in

1052 3437 1116 3498 boc
1135 3436 1169 3498 et
1185 3433 1262 3496 aliis
1284 3449 1345 3495 vos
1375 3432 1542 3494 honorare
1566 3431 1733 3505 volentes,
1762 3447 1844 3510 quos

1052 3532 1148 3594 nobis
1165 3531 1317 3594 novimus
1340 3528 1374 3591 et
1386 3529 1584 3605 apostolus
1604 3529 1682 3590 Sodi
1696 3529 1842 3602 devotos,

1053 3631 1086 3692 et
1097 3629 1155 3707 qui
1173 3645 1217 3690 ex
1230 3628 1352 3690 affectu
1366 3625 1578 3698 sinceritatis,
1599 3641 1698 3704 quem
1718 3626 1760 3688 ad
1776 3628 1847 3690 Ro-

1052 3743 1186 3789 manam
1208 3723 1338 3787 habetis
1352 3723 1549 3795 Ecclesiam,
1567 3723 1641 3784 dari
1664 3737 1771 3801 nuper
1788 3740 1846 3786 eo-

1053 3825 1164 3888 clesiae
1198 3822 1319 3884 vestrae
1357 3821 1514 3883 dilectum
1555 3819 1661 3880 fllium
1697 3822 1846 3882 nostrum

1052 3927 1130 3995 Am,
1150 3923 1184 3982 S.
1202 3921 1363 3980 Susannae
1383 3916 1611 3994 presbyterum
1628 3916 1843 3990 cardinalem,

1052 4021 1088 4081 in
1127 4017 1316 4094 episcopum
1358 4011 1568 4090 postulastis,
1606 4012 1845 4074 cancellarium

1053 4116 1161 4195 ipsum
1180 4113 1222 4174 ad
1243 4127 1303 4173 vos
1324 4125 1398 4173 cum
1419 4108 1528 4185 gratia
1551 4108 1665 4170 nostra
1688 4108 1845 4170 duximus

1053 4207 1296 4275 remittendum.
1317 4207 1437 4268 Datum
1452 4203 1604 4277 viterbii,
1617 4207 1647 4266 11
1663 4220 1769 4267 nonas
1781 4205 1844 4268 de-

1053 4307 1206 4375 cembris,
1223 4319 1310 4366 anuo
1324 4303 1452 4380 quarto.

1418 4473 1485 4560 LII

1148 4615 1150 4620 '
1191 4611 1243 4672 Ad
1261 4609 1438 4671 ecclesium
1448 4609 1706 4669 Antiochenam.

1323 4731 1338 4788 7
1352 4727 1481 4787 decemb.
1498 4727 1577 4786 tete.

1084 4837 1220 4906 [Repneld
1231 4835 1341 4888 Annales
1352 4833 1491 4885 ecclesiast.
1503 4831 1536 4883 ed
1545 4845 1643 4884 amum
1657 4832 1727 4892 lile,
1739 4833 1753 4898 Ι
1763 4833 1817 4900 ib]

206 4961 1000 5039 mppr-otmari1u5010ngplat0quplaudpbp.
1053 4940 1189 5004 Ecclesia
1202 4941 1390 5002 Antiocheae
1404 4937 1521 5011 preficit
1534 4939 1564 4995 in
1580 4937 1772 5012 patriarcham
1785 4941 1848 5000 llei-

206 5059 248 5120 ηε
269 5058 472 5121 conservati,
522 5059 666 5131 odom,
695 5058 999 5136 Apostolicaegodis
1076 5033 1197 5103 nerium,
1212 5033 1240 5090 S.
1258 5032 1395 5088 Romanae
1412 5027 1548 5086 Ecclesiae
1569 5027 1846 5086 vicecancellarium.

206 5157 450 5218 auctorItasco·
518 5154 1000 5233 ·ransproldarthaesollicttu·
1092 5150 1211 5211 «Cum
1230 5147 1386 5208 dilectum
1400 5143 1549 5206 nostrum
1569 5143 1764 5220 magistrum
1781 5146 1845 5206 P...

213 5252 441 5331 ··ineprovide
504 5275 520 5305 ιι
535 5267 610 5313 esse
618 5251 1001 5328 Mariaequieti,utoran·
1053 5248 1256 5323 Capuanum,
1277 5257 1374 5319 quem
1393 5241 1668 5317 deputaveramus
1690 5239 1731 5302 ad
1754 5242 1847 5316 regi·

238 5351 427 5412 Maricas
496 5349 582 5423 agiis
606 5347 833 5425 satagentibus
860 5349 999 5410 Marthae
1053 5360 1129 5406 men
1143 5341 1293 5420 ecclesie
1308 5339 1509 5410 memorate,
1526 5337 1614 5400 circa
1630 5338 1794 5399 noscerta
1807 5339 1847 5401 de

213 5470 217 5477 ι
273 5443 394 5508 'citudo
413 5470 429 5499 ιι
489 5445 582 5507 sterit
588 5446 776 5522 juvaretur,
788 5459 829 5506 ne
837 5445 1000 5507 alienita-
1054 5455 1155 5504 causa
1178 5436 1420 5516 providerimus
1445 5434 1669 5504 retinendum,
1695 5433 1846 5498 eumdem

206 5557 255 5603 m:
355 5566 362 5589 ι
402 5568 407 5589 ι
482 5558 535 5603 us
546 5557 612 5604 reae
624 5541 887 5603 conservationis
896 5541 999 5604 otium
1053 5539 1089 5600 in
1124 5537 1263 5617 fratrum
1305 5536 1495 5595 nostrorum
1538 5531 1715 5604 collegium
1747 5546 1874 5594 assu-¹

85 5641 91 5651 '
207 5642 363 5716 periure
381 5656 396 5691 ἰ
425 5639 600 5709 ,ordinem
616 5638 723 5714 ipsum
733 5636 957 5716 etprivilegiis
967 5640 1000 5701 et
1054 5634 1183 5704 mendo,
1200 5631 1332 5696 tandem
1354 5631 1394 5691 ad
1418 5629 1553 5690 multam
1574 5627 1766 5690 instantiam
1790 5630 1846 5690 di·
