4300 6392
182 329 240 388 533

183 499 223 547 ac
233 484 492 552 contradictione
502 483 658 562 qualibet,
669 482 790 544 dictam
801 481 976 544 ecclesiam

181 583 385 654 reconciliet,
411 583 444 644 et
465 580 611 658 praelatis
636 579 811 648 abbatisse
837 595 877 640 ac
904 593 977 638 mo-

182 679 328 740 nialibus
339 680 372 742 et
386 679 535 756 ipsarum
545 678 676 740 clericis
692 677 857 739 ministret
868 674 976 737 eccle-

181 775 317 837 siastica
345 776 565 837 sacramenta.
595 772 737 850 Ideoque
772 771 975 834 fraternitati

181 875 248 934 tuae
263 888 322 950 per
334 873 522 948 Apostoliee
537 871 659 948 scripta
678 868 872 932 mandamus
892 885 975 946 qua-

182 971 279 1032 tenus
292 969 322 1029 si
336 971 536 1032 memoratus
549 969 722 1045 episcopus
735 966 821 1044 quod
836 965 976 1027 manda-

182 1067 291 1128 vimus
315 1082 382 1128 non
407 1065 574 1128 curaverit
594 1063 786 1141 adimplere,
812 1065 848 1125 tu
872 1063 907 1123 in
922 1061 974 1122 his

183 1163 365 1240 quaestione
378 1161 539 1239 pendente
549 1160 749 1237 pontificalis
762 1159 864 1221 oldcii
874 1157 976 1220 mini-

184 1261 331 1330 sterium,
346 1257 749 1335 auctoritatehpestolica,
766 1255 972 1334 exsequaris.

183 1359 301 1418 Datum
317 1357 402 1434 apud
424 1354 545 1418 Urbem
566 1355 729 1426 Veterem,
752 1353 879 1416 decimo
894 1367 973 1430 sep-

182 1454 262 1516 time
275 1453 436 1515 kalendas
450 1451 605 1526 octobris,
623 1465 710 1514 anno
725 1450 850 1527 quinte.

535 1647 623 1733 LVI

185 1781 236 1841 Ad
247 1782 439 1854 episcopam
457 1781 692 1840 Pertriermem
704 1777 737 1839 et
758 1779 974 1840 archidiace-

408 1891 492 1938 num
503 1877 745 1937 senonensem.

810 322 1037 410 srrsronm.
1061 321 1138 381 urs.
1162 323 1200 380 r.

1763 323 1821 384 531

1028 476 1103 540 bem
1123 480 1291 550 Veterem,
1326 475 1453 540 decime
1486 481 1625 556 septime
1659 479 1824 540 kalendas

1029 572 1185 650 octobris,
1199 575 1408 653 pontificatus
1418 577 1526 640 nostrl
1547 592 1636 638 anno
1648 577 1776 653 quinte.

1373 727 1482 814 LVII

1134 861 1187 919 Ad
1206 861 1426 922 Frtdertcum
1443 873 1563 936 regem
1585 861 1721 931 stetere,

1068 956 1106 1015 tn
1120 956 1366 1030 imperatorem
1380 959 1615 1018 Romanorum
1627 955 1786 1018 electum:

1276 1065 1313 1124 20
1331 1067 1471 1140 septemb.
1488 1067 1567 1126 tito.

1076 1169 1206 1235 [Theman
1220 1169 1282 1221 God.
1299 1169 1363 1235 dipl.
1381 1171 1489 1221 dominii
1513 1177 1602 1237 temp..
1620 1171 1660 1230 ts,
1679 1185 1705 1222 n.
1722 1168 1775 1236 ih]

1030 1267 1162 1324 Hortatur
1175 1280 1274 1340 regem
1287 1273 1319 1324 ut
1341 1267 1415 1324 sieut
1429 1268 1606 1340 promiserat,
1622 1275 1727 1326 terrem
1737 1267 1823 1326 comt·

1064 1355 1142 1410 tisse
1155 1351 1300 1413 diethildis
1314 1355 1415 1412 nuntio
1433 1355 1598 1428 Apostolieo
1614 1356 1753 1429 resignari
1773 1354 1818 1428 ju·

1063 1439 1139 1510 beet,
1155 1447 1184 1499 et
1198 1441 1347 1500 hereticos
1360 1443 1390 1500 in
1402 1442 1571 1502 hembardie
1587 1444 1732 1517 reprimet.

1068 1549 1236 1610 Honorius
1276 1549 1460 1627 episeopus,
1500 1566 1616 1612 servus
1649 1565 1820 1612 serverum

1029 1644 1100 1717 Dei,
1108 1645 1281 1707 carissime
1293 1647 1328 1706 iu
1342 1647 1471 1708 Christo
1484 1647 1553 1707 filie
1564 1647 1715 1709 nostre...
1724 1647 1822 1708 illus-

1029 1741 1073 1800 tri
1084 1742 1154 1817 regi
1168 1741 1302 1815 Siciliae,
1311 1743 1585 1820 inimpsraiorem
1593 1745 1817 1806 Romanorum

1030 1835 1146 1909 electo,
1171 1839 1322 1912 salutem,
1346 1842 1380 1901 et
1407 1839 1630 1915 apostoticam
1657 1840 1817 1903 benedic·

956 1983 958 1986 .
1031 1932 1164 1994 tionem.

435 1995 469 2054 ra
483 1994 621 2071 septemb.
639 1995 718 2054 1220.

212 2113 333 2177 [liegest.,
344 2111 388 2162 lib.
398 2113 428 2170 V,
439 2111 512 2178 epist.
525 2111 578 2160 itt.
590 2112 646 2161 lise.
665 2113 700 2162 La
712 2112 786 2162 Perta
801 2109 835 2161 dn
848 2110 941 2172 Theil.]

183 2219 313 2292 Praecipit
331 2226 361 2276 ut
372 2217 407 2276 de
416 2217 551 2276 abusibus
565 2217 675 2276 abbatis
687 2217 783 2275 Sancti
794 2217 928 2276 Germani
938 2214 974 2273 de

219 2307 310 2364 Pretis
339 2306 488 2364 veritatem
508 2305 661 2378 inquirant,
690 2311 775 2376 etque
802 2303 838 2361 ad
871 2302 973 2362 Sedem

219 2391 555 2467 Apostolioamreierant.

219 2513 398 2584 Honorius,
411 2511 486 2586 etc,
502 2512 687 2588 venerabili
705 2511 802 2574 fratri
817 2512 973 2588 episeopo

182 2609 359 2681 Parisien„
374 2609 441 2670 et...
459 2609 696 2671 archidiacone
713 2611 878 2670 Senensn.

220 2707 251 2766 N
253 2721 271 2766 e
283 2705 425 2767 aliorum
435 2705 549 2782 culpas
564 2707 697 2768 nostras
711 2704 844 2766 efficere
858 2704 975 2766 videa·

182 2818 266 2874 mur,
283 2803 312 2862 si
327 2817 395 2875 eas,
412 2819 487 2864 cum
502 2803 677 2880 possimus,
690 2801 891 2879 negligimus
904 2817 975 2862 cas·

181 2899 299 2975 tigare,
314 2899 436 2978 datque
462 2900 573 2962 anima
588 2901 702 2961 nostra
723 2915 783 2976 pro
797 2898 972 2960 animabus

181 2996 326 3072 illerum,
340 2997 435 3074 quasi
450 2997 620 3074 proprium
631 2996 862 3074 prosequimur
881 2995 971 3058 inte-

182 3107 285 3164 resse,
313 3109 413 3172 quum
435 3093 549 3154 audita
576 3093 801 3156 insinuatione
827 3092 972 3154 clamosa

181 3189 387 3251 subditorum
400 3191 587 3254 uestrorum
603 3207 761 3252 excessus
776 3190 972 3252 mandamus

181 3285 316 3364 inquiri,
354 3287 389 3350 ut
423 3287 562 3349 veritate
603 3286 754 3348 discussa
790 3284 972 3363 culpabiles

182 3383 402 3458 corrigantur,
419 3385 452 3446 et
473 3384 620 3446 insontes
635 3399 671 3446 ss
685 3384 853 3460 gaudeant
864 3399 971 3444 excu-

181 3480 281 3540 satos.
290 3482 377 3542 Sane
385 3480 426 3541 ad
437 3480 639 3543 audientiam
649 3480 798 3542 nestram
809 3479 972 3542 relatione

180 3577 358 3639 multorum
384 3577 544 3638 noveritis
567 3579 770 3654 pervenisse,
790 3577 875 3654 qued
900 3592 973 3638 mo—

181 3675 363 3736 nasterium
380 3675 492 3736 Sancti
508 3675 663 3736 Germani
683 3675 724 3735 de
743 3675 864 3747 Pratis,
887 3673 971 3752 quod

180 3771 221 3833 ad
237 3774 420 3834 Romanam
436 3773 618 3834 Ecclesiam
630 3773 723 3834 nullo
738 3771 845 3834 medio
861 3771 973 3834 nesei-

179 3870 235 3930 tur
244 3869 421 3946 pertinere,
435 3885 494 3947 per
504 3869 739 3945 negligentiam
749 3868 971 3931 velmalitiam

180 3967 325 4042 petius...
340 3966 479 4038 abbatis,
494 3966 551 4044 qui
567 3967 687 4044 praeest
701 3967 734 4028 et
747 3965 841 4028 obest
852 3965 970 4038 eidem,

180 4065 292 4139 utpote
313 4063 501 4134 illiteratus,
529 4066 564 4125 et
586 4063 670 4126 alias
687 4063 797 4124 minus
819 4063 969 4136 idoneus,

179 4173 316 4222 necnon
329 4160 469 4222 aliorum
493 4159 615 4222 ibidem
632 4159 852 4223 habitantium
867 4174 972 4238 usqne

180 4256 263 4321 adse
282 4257 317 4318 in
335 4255 564 4332 spiritualibus
585 4259 635 4318 est
658 4257 853 4335 collapsum,
880 4259 914 4318 et
936 4257 971 4317 in

180 4353 416 4432 temporalibus
430 4353 638 4426 diminutum,
658 4353 823 4431 quodnisi
838 4354 868 4414 ei
884 4355 973 4415 cele-

178 4451 262 4514 riter
303 4452 529 4524 succurratur,
568 4449 717 4513 incurret
753 4451 971 4527 irreparabile

177 4547 420 4610 detrimentum.
450 4549 530 4609 Cum
552 4548 655 4624 igitur
674 4548 834 4609 instantia
855 4551 971 4610 nostra

179 4645 371 4723 quotidiana
393 4645 436 4708 sit
450 4646 667 4708 ecclesiarum
682 4643 828 4706 emnium
845 4644 972 4706 sollici-

178 4743 257 4804 tude
296 4744 475 4816 continua,
519 4741 713 4804 discretioni
752 4742 873 4806 vestrae
912 4755 972 4819 per

177 4837 366 4915 Apostolica
382 4841 505 4918 scripta
519 4839 726 4912 mandamus,
744 4840 907 4917 quatenus
929 4841 969 4900 ad

178 4935 286 4997 locum
302 4937 523 5014 personaliter
545 4937 751 5006 accedentes,
763 4937 796 5000 et
810 4937 970 5000 hebentes

179 5049 248 5110 prae
257 5033 362 5094 oculis
377 5032 482 5095 selum
493 5037 607 5106 Deum,
619 5033 807 5112 inquiratis,
822 5033 971 5111 appella·

179 5131 269 5192 tione
298 5132 436 5199 remota,
471 5146 572 5208 super
602 5131 783 5208 praemissis
815 5130 969 5194 omnibus

177 5225 368 5305 diligentius
399 5227 583 5300 veritatem,
602 5229 634 5290 et
660 5245 733 5305 quae
761 5226 967 5300 inveneritis,

176 5325 271 5386 nohis
282 5340 341 5403 per
350 5326 478 5387 vestras
492 5324 619 5387 litteras
640 5323 783 5386 fideliter
797 5325 967 5396 intimetis,

177 5428 212 5485 ut
225 5441 267 5486 ex
281 5425 392 5486 vestra
408 5424 571 5485 relatione
586 5423 790 5485 sufficienter
801 5423 967 5495 instructi,

178 5521 394 5596 procedamus
409 5521 540 5593 exinde,
558 5521 654 5599 prout
673 5520 855 5581 secundum
866 5523 968 5580 Deum

172 5617 356 5679 viderimus
377 5619 630 5696 procedendum.
651 5619 768 5680 Datum
792 5617 878 5694 apud
906 5619 969 5679 Ur-

1070 2031 1144 2092 Neu
1167 2031 1297 2108 oportet
1308 2047 1369 2094 nos
1383 2032 1494 2095 verbis
1509 2035 1706 2111 exprimere,
1719 2049 1818 2112 quarn

1029 2143 1127 2203 pure,
1149 2143 1247 2204 quam
1267 2129 1408 2190 sollicite
1432 2129 1474 2190 ad
1496 2127 1732 2192 exaltationem
1752 2131 1819 2192 tuae

1029 2222 1235 2285 celsitudinis
1260 2225 1499 2287 intenderimus
1514 2229 1547 2288 et
1561 2227 1726 2288 constanti
1741 2241 1819 2303 pre·

1028 2321 1135 2396 posito
1150 2319 1370 2394 intendamus,
1392 2323 1478 2400 quod
1503 2321 1575 2400 ipsa
1599 2323 1709 2400 operis
1722 2323 1820 2388 exhi·

1028 2416 1120 2490 bitio,
1146 2416 1179 2478 id
1208 2417 1415 2480 abundanter
1434 2420 1592 2496 exprimit
1609 2422 1643 2482 et
1664 2419 1821 2482 demons-

1027 2515 1114 2575 trat:
1131 2513 1218 2575 unde
1232 2529 1298 2575 non
1311 2515 1476 2578 immerite
1501 2515 1716 2585 admiramur,
1730 2515 1817 2594 qued

1028 2626 1078 2681 ea,
1095 2625 1168 2688 quae
1184 2625 1204 2671 a
1222 2611 1255 2672 te
1274 2611 1364 2687 juste
1386 2612 1600 2690 requirimus,
1621 2628 1695 2673 cum
1717 2613 1819 2673 tantae

1028 2706 1231 2770 difficultatis
1240 2708 1394 2782 angustia
1406 2707 1602 2770 obtinemus.
1614 2711 1718 2782 Quum
1730 2709 1819 2770 enim

1027 2803 1210 2865 venerabili
1225 2803 1320 2866 tratri
1333 2805 1484 2866 nestro...
1502 2806 1643 2868 metensi
1661 2805 1816 2884 episcopo

1028 2899 1210 2977 imperialis
1225 2901 1311 2962 aulae
1339 2901 1540 2964 cancellario
1569 2902 1756 2964 dederimus
1782 2901 1818 2963 in

1028 2996 1202 3069 mandatis,
1220 2998 1255 3059 ut
1266 2997 1389 3059 terram
1406 2999 1505 3060 clarae
1520 2999 1687 3061 memeriae
1709 2999 1817 3060 comi-

1027 3094 1117 3155 tissae
1133 3093 1537 3157 MathildisadRemauam
1553 3096 1735 3157 Ecclesiam
1746 3111 1819 3172 per-

1027 3191 1185 3252 tinentem
1200 3190 1320 3253 dilecto
1333 3191 1401 3252 illio
1421 3191 1581 3266 Aletrine,
1611 3191 1814 3254 subdiacono

1027 3288 1059 3348 et
1071 3287 1243 3363 capellano
1260 3291 1383 3360 nestro,
1406 3289 1529 3350 iaceret
1548 3289 1661 3350 nestro
1685 3289 1819 3350 nomine

1026 3384 1207 3460 resignari;
1219 3400 1346 3462 nosque
1361 3385 1541 3460 intellecto,
1558 3385 1644 3463 quod
1660 3385 1766 3447 dictus
1777 3391 1815 3458 Α,

1027 3494 1101 3541 cum
1129 3480 1330 3542 cancellario
1353 3481 1411 3542 tue
1437 3481 1601 3554 veniebat,
1627 3481 1743 3544 eodem
1767 3482 1821 3542 di-

1028 3577 1147 3638 lectum
1166 3575 1271 3639 fllium
1291 3578 1499 3656 Raynaldum
1526 3578 1763 3640 subdiaconum
1788 3579 1820 3640 st

1027 3673 1234 3750 capellanum
1247 3675 1396 3737 nostrum
1416 3677 1550 3754 propter
1568 3675 1632 3738 hec
1653 3675 1817 3752 adipsum

1027 3770 1264 3832 cancellarium
1286 3774 1513 3833 curaverimus
1542 3773 1709 3835 destinare
1722 3789 1730 3846 ;
1745 3773 1817 3850 ipse
1917 3780 1921 3786 '

1027 3867 1821 3946 illumdiuvanispromissionibusdetinenster·

1026 3980 1098 4025 ram
1113 3965 1219 4041 ipsam
1230 3965 1294 4026 sibi
1310 3981 1376 4026 nen
1391 3964 1480 4036 iecit,
1491 3981 1705 4043 quaecumque
1718 3979 1819 4026 causa

1027 4059 1206 4132 suffecerit,
1234 4051 1412 4136 resignari.
1438 4061 1580 4138 Ideoque
1606 4061 1817 4122 serenitatem

1026 4159 1117 4218 tuam
1132 4157 1314 4232 rogandam
1329 4157 1485 4218 duximus
1500 4158 1533 4218 et
1547 4157 1743 4220 hortandam
1763 4158 1818 4219 at-

1026 4253 1150 4315 tentius
1163 4245 1380 4331 requirentes,
1395 4255 1557 4332 quatenus
1582 4253 1616 4315 id
1629 4252 1714 4332 qued
1726 4255 1819 4331 regio

1027 4350 1203 4427 privilegio
1233 4351 1388 4414 roborato
1419 4351 1695 4429 suscriptionibus
1726 4352 1821 4430 prin-

1027 4447 1147 4525 cipum,
1169 4448 1202 4509 et
1220 4446 1304 4509 alias
1318 4448 1385 4510 tuis
1400 4449 1519 4511 litteris
1541 4449 1733 4527 promisisti,
1758 4465 1819 4511 cu-

1026 4560 1105 4606 rans
1119 4545 1252 4608 effectui
1267 4547 1469 4624 mancipare,
1488 4547 1679 4625 predictam
1694 4548 1818 4609 terram

1026 4643 1208 4721 capellanis
1232 4643 1399 4720 praedietis
1425 4643 1478 4705 vel
1505 4659 1619 4706 eorum
1648 4643 1757 4718 alteri,
1790 4645 1818 4704 si

1026 4739 1110 4802 forte
1136 4755 1202 4802 non
1219 4739 1316 4801 ambo
1338 4741 1517 4818 presentes
1537 4755 1611 4802 esse
1639 4742 1816 4818 potuerint,

1026 4836 1129 4900 iacias
1140 4837 1274 4900 nomine
1284 4839 1398 4900 nostro
1409 4837 1513 4900 libore
1526 4839 1702 4916 resignari,
1716 4839 1820 4901 atten—

1025 4936 1118 5008 denS,
1148 4935 1234 5012 quod
1267 4935 1296 4996 si
1320 4935 1575 5013 promissionem
1597 4937 1689 4998 tuam
1716 4937 1751 4998 in
1780 4953 1818 4998 re

1024 5033 1092 5094 tarn
1108 5033 1236 5093 medica
1251 5029 1408 5104 violares,
1425 5031 1599 5095 dedeceret
1614 5035 1739 5110 regiam
1756 5035 1819 5096 oel-

1025 5127 1214 5202 situdiuem‚
1241 5130 1274 5190 et
1292 5130 1391 5192 etiam
1411 5130 1568 5207 praesumi
1590 5130 1710 5208 posset,
1731 5131 1817 5208 quod

1025 5228 1201 5304 promissio
1213 5225 1405 5289 tuaviolata
1421 5225 1455 5286 in
1466 5227 1624 5301 minimis,
1641 5244 1707 5290 non
1727 5243 1817 5290 esses

1025 5325 1059 5384 in
1081 5325 1236 5385 maximis
1257 5320 1409 5385 ecelesiae
1438 5327 1630 5386 servaturus
1651 5345 1659 5385 ε
1683 5325 1817 5401 propter

1025 5421 1109 5498 quod
1123 5421 1243 5482 iterate
1267 5435 1365 5497 prece
1378 5420 1597 5497 deposcimus,
1620 5422 1656 5482 ut
1673 5419 1718 5482 ita
1732 5436 1814 5497 pre·

1024 5517 1148 5590 videas,
1162 5519 1246 5596 quod
1261 5516 1301 5579 ad
1318 5517 1585 5580 sublimationem
1598 5521 1701 5589 tuam,
1719 5533 1816 5595 quam

1024 5633 1089 5678 non
1105 5616 1210 5677 selum
1226 5616 1389 5689 volumus,
1412 5615 1467 5676 sed
1484 5616 1583 5678 etiam
1606 5613 1812 5688 affectamus,
