4248 6410
335 265 395 328 603

336 421 390 484 vel
411 418 576 484 retinendi
600 419 797 484 auctoritate
822 421 945 486 sanctae
972 421 1130 484 Romanae

336 520 494 582 Ecclesiae
506 518 675 581 licentiam
695 517 858 579 habeatis.
880 517 915 578 Si
934 533 1014 580 vero
1029 516 1132 595 aliqui

336 615 454 678 horum
469 618 543 692 post
556 615 676 676 factam
689 613 929 692 professionem
944 614 1132 677 turbatores

334 716 455 775 vestrae
482 711 654 788 religionis
682 713 740 772 aut
769 711 885 773 domus
910 711 1033 775 fuerint
1060 711 1132 772 for-

334 809 435 871 tassis
451 808 589 881 inventi,
606 808 707 870 liceat
720 807 814 869 vobis
830 824 887 870 eos
910 824 985 875 eum
1007 807 1132 869 saniori

333 908 428 986 parte
448 905 584 982 capituli
603 921 758 966 amovere
772 905 919 982 ipsisque
938 904 1132 967 transeundi

333 1004 375 1065 ad
391 1003 493 1064 aliurn
510 1002 672 1074 ordinem,
687 1001 743 1063 ubi
765 1003 945 1063 secundum
968 1004 1072 1064 Deum
1087 1002 1133 1062 vi-

333 1116 412 1162 rere
436 1099 540 1161 velint
562 1101 595 1161 et
617 1099 762 1170 valeant,
793 1099 873 1160 dare
896 1099 1077 1170 licentiam,
1100 1100 1133 1159 et

334 1197 408 1258 loco
428 1195 577 1274 ipsorum
599 1195 683 1258 alios
703 1195 840 1258 idoneos
859 1195 1050 1272 subrogare,
1076 1195 1131 1272 qui

332 1295 433 1356 etiam
449 1293 548 1354 unius
562 1294 644 1354 anni
664 1293 770 1370 spatio
792 1293 828 1354 in
846 1293 959 1354 vestra
975 1292 1132 1354 societate

333 1390 525 1468 probentur,
543 1403 648 1468 eoque
667 1391 814 1467 peracto,
833 1389 861 1450 si
881 1405 995 1451 eorum
1011 1403 1135 1464 exege-

332 1489 402 1550 rint
427 1502 536 1548 mores
563 1489 595 1550 et
618 1487 716 1548 utiles
743 1486 867 1548 fuerint
890 1486 932 1548 ad
956 1485 1132 1548 servitium

333 1571 450 1645 domus
465 1586 588 1660 vestrae
601 1583 739 1655 inventi,
760 1586 840 1647 tunc
857 1583 988 1644 demum
1004 1581 1134 1660 profes-

333 1682 461 1742 sionem
480 1679 606 1742 faciant
621 1679 822 1756 regularem,
846 1680 1075 1757 promittentes
1097 1695 1133 1741 se

333 1777 534 1854 regulariter
548 1777 661 1838 virere
676 1793 715 1838 ac
730 1777 891 1853 magistro
908 1775 1043 1854 proprio
1058 1775 1133 1839 obe·

333 1873 417 1946 dire,
450 1874 498 1936 ita
528 1877 640 1936 tamen
667 1873 753 1951 quod
787 1874 939 1934 eumdem
962 1873 1132 1936 vobiscum

333 1972 460 2032 rictum
479 1969 625 2032 habeant
645 1973 678 2031 et
701 1969 856 2036 vestitum
875 1984 1004 2031 necnon
1024 1970 1134 2033 lectis·

332 2067 453 2141 ternia,
469 2067 532 2128 hoc
543 2067 683 2144 excepto
698 2066 784 2144 quod
802 2067 917 2129 clausa
932 2067 1131 2129 vestimenta

333 2163 521 2244 portabunt.
540 2164 602 2224 sed
624 2177 686 2225 nec
705 2163 787 2241 ipsis
806 2163 907 2226 liceat
929 2163 970 2226 de
985 2164 1132 2242 capitulo

335 2261 389 2323 vel
404 2275 484 2322 cura
504 2260 620 2321 domus
635 2260 756 2322 vestrae
772 2275 807 2321 se
821 2260 947 2321 temere
962 2259 1131 2322 intromit-

338 2361 421 2426 tere,
447 2357 513 2418 nisi
535 2357 693 2434 quantum
717 2355 818 2418 fuerit
841 2357 890 2418 eis
914 2372 934 2418 a
961 2356 1054 2419 vohis
1076 2357 1132 2418 in-

334 2455 497 2534 junctum.

375 2553 542 2614 Praeterea
575 2551 659 2612 nulli
682 2567 833 2629 personae
864 2553 960 2614 extra
985 2553 1132 2614 restrum

249 2667 252 2674 ·
335 2648 516 2726 capitulum
540 2649 609 2710 siut
632 2647 783 2728 subjecti,
799 2649 935 2726 tibique,
957 2650 1076 2712 dilecte
1096 2649 1132 2710 in

335 2745 477 2834 Domino
492 2745 540 2808 fili
554 2745 723 2822 magister,
738 2747 870 2825 tuisque
885 2747 1132 2810 successoribus

337 2845 497 2922 tanquam
516 2843 674 2920 magistro
688 2859 728 2904 ac
750 2845 887 2920 praelato
903 2861 964 2906 suo
982 2844 1133 2907 deferant

342 2939 523 3001 secundum
544 2940 646 3000 vestri
668 2939 796 3001 ordinis
820 2941 983 3005 instituta.
1008 2943 1133 3004 Conse-

339 3037 505 3098 crationes
529 3051 610 3097 vero
632 3037 787 3098 altarium
811 3053 870 3100 seu
902 3037 1129 3109 basilicarum,

336 3133 562 3222 ordinationes
578 3133 786 3206 clericorum,
804 3135 859 3211 qui
879 3132 920 3196 ad
943 3149 1056 3196 sacros
1071 3150 1130 3196 or-

334 3231 430 3292 dines
446 3230 568 3293 fuerint
588 3231 815 3307 promovendi,
832 3231 866 3293 et
884 3232 1005 3294 caetera
1021 3231 1131 3294 eccle-

334 3328 471 3390 siastica
481 3327 688 3388 sacramenta
702 3326 930 3389 adioecesanis
943 3328 1131 3406 suscipietis

333 3424 509 3502 episcopis,
549 3424 712 3502 siquidem
755 3423 911 3486 catholici
945 3424 1068 3488 fuerint
1099 3428 1132 3489 et

334 3521 477 3596 gratiam
492 3521 591 3597 atque
604 3520 869 3582 communionem
887 3520 981 3582 Sedis
995 3523 1132 3599 Aposto-

336 3617 411 3678 licae
426 3615 604 3678 habuerint
616 3619 649 3678 et
663 3631 702 3678 ea
716 3617 822 3692 gratis
834 3619 867 3679 et
881 3617 1005 3695 absque
1018 3619 1133 3696 pravi-

311 3729 314 3736 ·
336 3713 404 3773 tate
419 3712 531 3789 aliqua
546 3711 640 3774 vobis
660 3711 826 3774 voluerint
840 3712 1017 3788 exhibere,
1041 3713 1130 3775 alio·

335 3807 414 3885 quin
434 3807 534 3870 liceat
554 3806 649 3868 vobis
668 3806 870 3870 catholicum
893 3825 1131 3888 quemcumque

334 3903 518 3966 malueritis
530 3904 623 3966 adire
631 3904 823 3978 antistitem,
836 3905 892 3983 qui
906 3908 1019 3969 nostra
1030 3905 1130 3970 fultus

333 4001 532 4062 auctoritate
558 4002 645 4078 quod
672 4001 862 4078 postulatur
889 4001 1067 4080 impendat.
1095 4003 1129 4064 si

335 4098 466 4176 quando
481 4113 560 4160 vero
573 4097 647 4160 loca
662 4096 793 4160 deserta
808 4097 931 4161 fuerint
946 4100 1052 4162 eidem
1068 4116 1129 4162 νο-

331 4195 473 4258 nerabili
488 4194 600 4257 domui
616 4196 784 4274 abaliquo
800 4197 855 4276 pia
869 4196 1045 4260 devotione
1061 4197 1132 4260 col-

330 4293 408 4365 lata,
436 4293 538 4355 liceat
563 4292 658 4355 robis
682 4293 807 4354 ibidem
830 4293 998 4356 aedificare
1019 4294 1127 4367 villas,

332 4391 493 4452 ecclesias
517 4390 549 4451 et
570 4391 761 4452 coemeteria
788 4389 828 4452 ad
853 4407 936 4474 opus
960 4389 1129 4454 hominum

329 4485 452 4548 ibidem
472 4487 677 4548 manentium
697 4486 875 4566 fabricare,
899 4488 945 4549 ita
965 4489 1075 4550 tamen
1095 4489 1131 4551 ut

328 4575 365 4646 in
381 4585 438 4646 illa
452 4583 578 4645 vicinia
594 4581 726 4644 abbatia
748 4583 803 4645 rel
820 4585 1054 4661 religiosorum
1073 4587 1130 4648 vi-

331 4696 444 4742 rorum
460 4680 638 4755 collegium
658 4695 724 4742 non
743 4679 874 4752 existat,
893 4697 977 4760 quae,
999 4683 1038 4744 ob
1054 4683 1128 4755 hoc,

329 4777 443 4838 valeat
459 4776 660 4854 perturbari.
677 4779 758 4838 Cum
782 4778 891 4839 autem
915 4780 1011 4841 terrae
1033 4781 1129 4842 cultae

329 4872 425 4934 robis
441 4872 688 4952 quolibetjusto
711 4875 808 4938 titulo
830 4875 1052 4949 conferentur,
1074 4877 1089 4938 f
1109 4909 1129 4923 ·

331 4971 488 5032 cultatem
512 4972 545 5032 et
567 4971 736 5034 licentiam
764 4971 914 5035 habeatis
942 4973 1063 5038 ibidem
1088 4975 1126 5036 ad

329 5085 416 5166 ¹opus
429 5069 673 5131 transeuntium
687 5075 846 5132 eteorum
861 5069 1007 5143 tantum,¹
1017 5072 1073 5150 qui
1089 5071 1129 5134 de
1144 5079 1147 5086 '

331 5181 447 5229 mensa
461 5169 571 5228 vestra
592 5165 726 5238 fuerint,
750 5167 965 5229 construendi
981 5169 1128 5230 oratoria

330 5266 363 5326 et
378 5265 568 5326 coemeteria
583 5264 743 5339 faciendi;
761 5268 812 5326 est
826 5266 913 5326 enim
928 5263 1086 5326 indecens
1096 5267 1129 5327 et

330 5361 479 5439 periculo
505 5361 693 5438 proximum
726 5362 925 5436 animarum,
951 5363 1127 5440 religiosos

327 5461 447 5521 tratres
462 5460 637 5521 occasione
650 5457 810 5521 adeundae
823 5459 974 5522 ecclesiae
986 5476 1021 5522 se
1037 5461 1128 5522 viro-

327 5572 400 5618 rum
418 5555 524 5618 turbis
543 5561 575 5618 et
594 5557 772 5618 mulierum
788 5555 982 5634 frequentiae
998 5558 1127 5619 immis-

949 261 1124 324 HONORII
1146 261 1191 322 111
1213 263 1361 326 OPERA.

1920 263 1984 322 601

1187 435 1272 483 cere.
1302 421 1505 500 Quicumque
1528 436 1609 484 sane
1636 419 1672 482 in
1702 419 1813 483 restro
1842 419 1987 497 collegio

1187 517 1419 596 suscipientur,
1446 516 1660 580 stabilitatem
1683 517 1760 588 loci,
1789 519 1989 580 couversio-

1187 630 1262 676 nem
1279 631 1407 677 morum
1425 630 1527 692 seque
1542 614 1742 676 militaturos
1759 615 1897 676 Domino
1912 615 1990 676 die-

1186 711 1247 773 bus
1262 713 1339 773 vitae
1355 729 1425 774 suae
1442 711 1503 774 sub
1523 700 1718 774 obedientia
1731 712 1883 790 magistri
1905 728 1987 774 res-

1185 810 1240 881 tri‚
1271 809 1378 886 posito
1411 809 1534 887 scripto
1562 824 1663 886 super
1693 808 1809 880 altare,
1849 809 1884 870 in
1917 826 1985 887 quo

1186 905 1419 968 contineantur
1441 907 1516 972 ista.
1539 905 1740 982 promittant.
1767 906 1984 967 Decernimus

1187 1018 1277 1079 erge,
1293 1003 1328 1063 ut
1343 1003 1531 1080 receptores
1542 1002 1727 1064 vestrarum
1739 1001 1984 1064 fraternitatum

1186 1100 1257 1161 sive
1285 1099 1510 1174 collectarum,
1541 1099 1635 1161 salvo
1662 1101 1740 1178 jure
1775 1097 1984 1160 dominorum

1187 1212 1334 1268 suorum,
1351 1197 1385 1257 in
1395 1195 1485 1258 beati
1500 1197 1589 1259 Petri
1606 1198 1638 1258 et
1651 1196 1762 1257 nostra
1778 1197 1985 1272 protectione

1187 1294 1370 1354 consistant
1390 1294 1423 1355 et
1436 1308 1518 1370 pace
1537 1293 1571 1353 in
1587 1293 1697 1364 terris,
1715 1293 1832 1369 quibus
1848 1292 1982 1364 fuerint,

1187 1388 1367 1465 potiantur.
1393 1388 1501 1452 Simili
1525 1403 1655 1466 quoque
1680 1388 1776 1450 modo
1804 1390 1984 1461 sancimus

1187 1485 1298 1558 uthis,
1316 1486 1373 1563 qui
1388 1485 1513 1548 fuerint
1526 1485 1561 1546 in
1576 1485 1688 1546 vestra
1704 1485 1916 1548 fraternitate
1930 1502 1988 1548 re-

1187 1583 1273 1660 cepti
1303 1583 1362 1654 ita,
1388 1581 1473 1660 quod
1503 1581 1613 1643 ordini
1637 1582 1748 1643 vestro
1773 1582 1883 1644 adhuc
1908 1598 1985 1644 ma-

1188 1681 1304 1741 nentes
1319 1680 1353 1740 in
1370 1679 1481 1742 seculo
1503 1679 1569 1741 sint
1589 1678 1702 1750 oblati,
1724 1679 1849 1740 mutato
1867 1679 1986 1740 habitu

1188 1775 1332 1839 seculari
1345 1777 1396 1838 vel
1413 1775 1507 1838 vobis
1523 1774 1718 1838 interrivos
1733 1775 1885 1837 dederint
1896 1777 1986 1836 bona

1188 1889 1248 1936 sua
1263 1874 1392 1936 retento
1407 1871 1470 1936 sibi
1486 1872 1644 1950 quamdiu
1660 1873 1694 1933 iu
1710 1872 1823 1934 seculo
1837 1873 1987 1934 vixerint

1188 1970 1371 2041 usufructu,
1395 1969 1424 2030 si
1444 1969 1557 2031 forsan
1577 1969 1729 2032 ecclesiae
1749 1970 1788 2031 ad
1805 1986 1887 2048 quas
1902 1985 1985 2048 per-

1187 2069 1294 2130 tinent
1324 2083 1344 2128 a
1372 2065 1485 2130 divino
1512 2065 1636 2129 fuerint
1659 2066 1770 2128 officio
1796 2067 1983 2129 interdictae

1187 2164 1343 2243 ipsosque
1365 2164 1450 2226 mori
1469 2163 1655 2240 contigerit,
1681 2164 1850 2240 sepultura
1873 2165 1985 2226 eccle-

1188 2262 1321 2324 siastica
1338 2277 1403 2322 non
1418 2261 1559 2336 negetur
1576 2259 1664 2338 apud
1678 2255 1806 2323 vestras
1826 2261 1880 2323 rel
1896 2261 1985 2324 alio-

1186 2372 1260 2419 rum
1280 2373 1346 2420 non
1364 2356 1559 2419 interdictas
1581 2357 1752 2430 ecclesias,
1773 2357 1892 2436 quibus
1915 2359 1986 2420 ele-

1187 2455 1297 2532 gerint
1330 2451 1476 2532 sepeliri,
1512 2455 1578 2514 nisi
1613 2455 1890 2517 excommunicati
1925 2457 1982 2517 vel

1187 2553 1382 2615 nominatim
1404 2549 1528 2613 fuerint
1547 2551 1729 2626 interdicti;
1753 2551 1838 2614 tales
1852 2568 1982 2630 quoqne

1188 2647 1381 2721 confratres,
1400 2649 1427 2710 si
1448 2663 1505 2710 eos
1525 2647 1741 2710 ecclesiarum
1766 2648 1893 2725 praelati
1916 2665 1982 2708 non

1187 2745 1399 2823 permiserint
1426 2745 1512 2824 apud
1537 2761 1614 2806 suas
1647 2744 1806 2807 ecclesias
1836 2745 1981 2823 sepeliri,

1187 2843 1273 2920 apud
1290 2844 1418 2905 vestras
1440 2841 1600 2904 ecclesias
1624 2840 1754 2904 deferre
1776 2842 1910 2918 possitis
1929 2844 1985 2904 tu-

1187 2940 1372 3001 mulandos.
1388 2940 1566 3010 Praeterea‚
1586 2937 1614 2999 si
1629 2938 1686 3016 qui
1700 2939 1839 3001 fratrum
1859 2942 1985 3002 vestro·

1186 3052 1259 3097 rum
1284 3035 1325 3098 ad
1349 3036 1576 3114 recipiendum
1600 3035 1732 3096 easdem
1758 3035 1983 3098 fraternitates

1185 3133 1239 3195 rel
1253 3132 1411 3197 collectas
1426 3149 1446 3194 a
1460 3132 1555 3196 vobis
1571 3131 1664 3193 missi
1679 3131 1803 3194 fuerint
1817 3133 1851 3194 in
1865 3149 1988 3210 quam--

1186 3229 1267 3291 libet
1299 3229 1477 3302 civitatem,
1516 3230 1660 3290 castrum
1700 3227 1752 3290 rel
1790 3227 1914 3302 villam,
1948 3229 1982 3290 in

1186 3327 1300 3388 eadem
1317 3327 1462 3397 civitate,
1479 3327 1588 3388 castro
1600 3325 1652 3387 vel
1675 3324 1754 3386 villa
1771 3342 1836 3386 una
1853 3329 1980 3387 tantum

1186 3423 1328 3485 ecclesia
1354 3422 1459 3499 ipsius
1480 3421 1607 3483 ordinis
1630 3421 1786 3484 fratribus
1810 3423 1844 3483 in
1868 3439 1982 3484 eorum

1182 3519 1331 3599 jucundo
1351 3519 1495 3581 adventu
1513 3518 1614 3580 semel
1636 3521 1808 3596 aperiatur
1831 3519 1864 3580 in
1882 3537 1981 3592 anno,

1187 3620 1222 3679 ut
1240 3616 1386 3678 exclusis
1410 3617 1705 3678 excommunicatis
1731 3620 1764 3679 et
1786 3618 1984 3679 nominatim

1185 3714 1372 3776 interdictis
1383 3713 1497 3774 divina
1507 3713 1628 3774 ibidem
1640 3713 1749 3774 officia
1761 3712 1980 3776 celebrentur.

1226 3810 1406 3872 Statuimus
1421 3810 1531 3882 etiam,
1547 3811 1582 3871 ut
1601 3810 1685 3872 nulli
1702 3811 1857 3888 episcopo
1871 3811 1904 3872 iu
1920 3827 1982 3872 ec-

1186 3907 1299 3968 clesiis
1318 3906 1413 3968 vobis
1437 3907 1576 3984 utroque
1595 3909 1672 3984 jnre
1693 3907 1850 3984 subjectis
1872 3907 1983 3970 inter-

1185 4003 1264 4065 dicti
1280 4003 1333 4066 rel
1350 4003 1706 4065 excommunicationis
1723 4005 1921 4065 sententiam
1936 4005 1982 4064 li-

1187 4102 1261 4163 ceat
1275 4101 1502 4178 promulgare;
1525 4101 1766 4170 verumtamen,
1783 4102 1811 4161 si
1827 4103 1984 4177 generale

1185 4195 1398 4268 interdictum
1415 4198 1512 4259 terrae
1534 4197 1690 4259 fueritin
1711 4199 1792 4259 locis
1814 4199 1883 4260 illis
1898 4215 1981 4276 pro-

1185 4294 1299 4364 latum,
1323 4295 1470 4356 exclusis
1496 4295 1790 4357 excommunicatis
1814 4300 1848 4357 et
1872 4296 1982 4357 nomi-

1185 4393 1290 4455 natim
1306 4391 1500 4463 interdictis,
1524 4392 1647 4452 clausis
1662 4393 1776 4471 januis
1792 4392 1916 4472 absque
1931 4395 1982 4453 si-

1184 4507 1325 4576 gnorum
1367 4489 1556 4578 pulsatione
1592 4489 1691 4567 plene
1728 4489 1839 4552 divina
1871 4490 1979 4553 officia

1185 4588 1370 4650 celebretis.
1387 4586 1602 4648 Decernimus
1625 4587 1762 4662 insuper
1784 4588 1980 4650 auctoritate

1184 4685 1385 4762 apostolica,
1399 4686 1445 4756 ut,
1467 4682 1554 4761 apud
1575 4699 1812 4762 quemcumque
1832 4685 1981 4746 locorum

1184 4798 1243 4843 vos
1257 4783 1372 4843 venire
1387 4781 1575 4858 contigerit,
1592 4780 1633 4842 ab
1647 4780 1796 4844 honestis
1809 4785 1907 4860 atque
1922 4799 1981 4844 ca-

1184 4879 1317 4940 tholicis
1330 4877 1557 4941 sacerdotibus
1573 4879 1772 4955 postremam
1792 4879 1980 4942 unctionem

1184 4991 1243 5037 seu
1265 4975 1419 5053 quaelibet
1438 4976 1504 5036 alia
1524 4976 1752 5064 ecclesiastica
1773 4979 1981 5039 sacramenta

1183 5071 1277 5134 vohis
1297 5072 1466 5148 suscipere
1487 5071 1596 5144 liceat,
1620 5087 1663 5133 ne
1678 5072 1761 5134 forte
1780 5073 1821 5133 ad
1840 5089 1981 5151 percep-

1182 5170 1305 5230 tionem
1321 5168 1544 5246 spiritualium
1562 5168 1726 5230 bonorum
1744 5168 1868 5248 aliquid
1886 5169 1980 5232 robis

1183 5267 1277 5328 desit.
1306 5267 1388 5338 Quia
1414 5281 1493 5327 vera
1523 5281 1638 5327 omnes
1671 5283 1772 5328 unum
1806 5283 1920 5329 sumus
1945 5268 1980 5328 in

1182 5364 1313 5425 Christo
1331 5365 1364 5424 et
1391 5378 1458 5425 non
1481 5366 1532 5424 est
1553 5379 1771 5440 personarum
1792 5364 1980 5426 differentia

1182 5459 1270 5538 apud
1295 5463 1409 5533 Deum,
1435 5461 1503 5522 tam
1536 5461 1746 5522 remissionis
1769 5463 1981 5538 peccatorum

1183 5573 1280 5636 quam
1301 5558 1440 5619 alterius
1462 5557 1689 5620 beneticentiae
1713 5561 1811 5637 atque
1834 5561 1980 5636 Aposto-
