4230 6388
330 324 388 386 791
941 327 1119 389 HONORII
1140 327 1186 386 111
1207 327 1355 389 OPERA.
1925 328 2012 388 792

332 485 422 558 sessi,
437 484 480 546 ab
496 485 613 548 officiis
627 483 863 547 beneficiorum
880 473 1060 563 suspensos
1084 487 1125 548 ad
1180 486 1282 550 iacies
1297 503 1357 565 pro
1376 489 1510 564 negotio
1524 489 1717 550 memorato.
1744 487 2008 551 contradicto-

331 583 479 645 nostram
495 583 717 660 praesentiam,
726 598 800 644 cum
811 582 1062 646 litterisvestris
1075 585 1126 645 roi
1180 599 1246 658 ree,
1268 586 1331 648 etc.
1357 587 1475 647 Datum
1496 589 1542 647 Ill
1563 587 1727 648 kalendas
1749 586 1840 660 maii,
1864 587 2005 664 ponti-

332 680 453 740 sariam
474 679 729 751 continentibus,
740 679 856 741 venire
875 694 1126 756 percensuram
1181 682 1297 743 dcatus
1312 681 1417 744 nostri
1429 699 1517 744 anno
1528 684 1654 760 quinte.

332 775 593 838 ecclesiasticam
610 775 832 854 appellatione
844 778 1027 853 postposita
1042 794 1128 839 com·

333 873 476 950 pellatis.
493 874 838 946 Quodsinonomnes,
856 875 918 935 etc.
937 875 1054 935 Datum
1068 877 1128 935 La·
1476 861 1676 949 CCCLXH

333 971 451 1041 terani,
465 972 509 1031 111
521 971 682 1032 kalendas
695 971 786 1045 maii,
799 971 1010 1048 pontificatus
1020 971 1127 1034 nostri
1457 1005 1510 1063 Ad
1526 1006 1695 1065 eumdem.

333 1067 559 1144 ammqumo
1463 1124 1691 1197 mapulas

1212 1235 1381 1300 [amotum
1393 1237 1424 1296 V,
1438 1237 1515 1301 epist.
1526 1238 1581 1288 cla.
1592 1240 1651 1290 blas.
1663 1240 1700 1290 La
1711 1239 1787 1290 Porto
1804 1237 1839 1290 dn
1849 1235 1951 1303 rnen]

1182 1342 1261 1400 Facit
1283 1343 1311 1400 ei
1333 1349 1503 1416 potestatem
1525 1344 1630 1402 milites
1648 1343 1782 1402 dioecesis
1804 1359 1864 1402 sum
1879 1345 1931 1417 qni
1951 1343 1992 1400 in

651 1280 811 1368 CCCLX

403 1425 456 1484 An
475 1425 772 1498 arehiepiscopum
785 1422 1051 1486 Bttuttccrtsem.
1216 1431 1351 1504 Angliam
1367 1431 1541 1490 transierant
1561 1432 1597 1490 sd
1621 1433 1789 1492 vicesimam
1807 1431 1989 1490 solvendam

615 1544 650 1602 29
665 1544 746 1617 april.
764 1545 842 1601 isal.
1215 1519 1352 1592 cogendi.

374 1657 493 1722 lueres,
505 1657 551 1706 nn
561 1658 593 1716 v,
606 1657 679 1721 epist.
689 1657 746 1707 ero.
758 1658 815 1708 nse.
827 1658 863 1708 m
874 1658 949 1708 rora
958 1657 992 1708 uu
1001 1655 1094 1722 rhein]
1222 1629 1400 1701 Honorius,
1424 1629 1500 1701 otc,
1524 1627 1710 1692 venerabili
1734 1629 1831 1692 fratri
1857 1629 1985 1692 arehi-

1182 1725 1336 1801 episcopo
1356 1725 1542 1788 Biturican,
1918 1793 1920 1796 .

1223 1822 1422 1898 supplicasti
1438 1823 1546 1896 nobis,
1563 1822 1599 1886 ut
1611 1839 1685 1885 cum
1700 1793 1834 1900 quidam
1848 1823 1981 1885 milites
2093 1847 2094 1852 ¹

1182 1919 1214 1980 et
1228 1918 1287 1981 alii
1298 1921 1363 1980 tuae
1379 1919 1532 1982 dioecesis
1547 1936 1606 1997 pro
1616 1936 1656 1981 eo
1671 1920 1758 1998 quod
1772 1921 1808 1982 in
1817 1921 1981 1996 angliam

332 2073 487 2152 aisono
502 2075 684 2138 Bituricu-
1182 2015 1981 2190 saltnrllllffllntululet

375 2172 416 2232 Ut
426 2186 563 2246 operum
579 2169 784 2232 exhibitione
795 2169 1025 2242 monstremus,
1040 2171 1072 2232 te
1091 2171 1127 2231 in
1182 2210 1311 2270 solvere
1335 2211 1511 2272 teneantur
1533 2212 1570 2271 in
1585 2213 1696 2272 Teme
1710 2211 1840 2272 ganctae
1862 2211 1979 2272 δώῃ.

332 2268 455 2328 nostris
471 2283 544 2329 esse
562 2268 666 2329 oculis
681 2267 875 2344 gratiosum,
895 2267 927 2328 et
942 2267 1126 2329 exhibitam
1182 2305 1270 2366 dium
1282 2307 1547 2378 convertendam,
1557 2306 1697 2383 cogendi
1711 2323 1768 2368 903
1779 2306 1820 2368 ad
1836 2307 1979 2369 solutio.

332 2363 393 2425 tibi
419 2365 561 2440 gratiam
590 2365 666 2425 aliis
697 2365 908 2426 consulamus
934 2365 1128 2429 absolvendi
1181 2402 1373 2479 nemipsius
1388 2403 1897 2480 vicesimae,ettameam,quam
1912 2403 1974 2464 ina

332 2459 369 2520 in
387 2461 444 2521 tua
458 2461 592 2522 dioecesi
607 2460 828 2523 violentarum
847 2463 1127 2540 manuuminJ'ec-
1181 2516 1255 2577 quae
1279 2500 1413 2562 residua
1447 2502 1524 2563 sunt
1544 2502 1580 2562 in
1601 2501 1810 2562 tuadioeoesi
1825 2501 1976 2561 detrun,

332 2556 432 2629 t⁰¹⁰⁹⁸'
452 2557 518 2617 niSi
532 2556 645 2624 s⁰r⁵³¹¹
660 2557 847 2634 aliquorum
864 2558 911 2618 ita
927 2558 1014 2619 esset
1028 2573 1128 2652 ⁰¹¹⁰*
1182 2613 1299 2660 corum,
1320 2598 1473 2675 pecunia,
1494 2599 1527 2660 et
1549 2599 1708 2660 vicesima
1728 2599 1924 2660 clericorum
1940 2598 1976 2658 in

332 2653 396 2713 mis
410 2669 579 2726 excessus,
597 2653 682 2731 quod
696 2655 814 2716 merito
828 2655 940 2716 essent
954 2655 994 2716 ad
1010 2655 1126 2716 Sedem
1181 2695 1461 2772 expugnationem
1489 2695 1665 2772 pravitatis
1699 2695 1865 2757 haereucae
1893 2711 1976 2758 con·

331 2750 555 2826 Ap⁰stoli⁰³m
590 2751 793 2824 dfflfifflssdi'
819 2751 880 2812 tibi
906 2752 1127 2828 p⁰r⁸⁰¹¹³liter
1180 2792 1331 2854 vertendi
1352 2792 1520 2854 licentiam
1544 2792 1605 2854 tibi
1624 2793 1805 2854 concedere
1819 2792 1975 2868 dignare-

333 2846 530 2909 anctoritate
565 2849 778 2956 praesentium
823 2864 927 2925 usque
966 2848 1008 2909 ad
1043 2849 1125 2910 duos
1181 2905 1265 2950 mur·
1291 2889 1973 2967 Quocircamandamus,.quatenusp1'ae·

331 2958 437 3003 ³1¹ssoe
453 2943 664 3004 ⁰01¹⁰⁰d¹ffl¹¹⁸
679 2943 890 3020 P⁰t⁰⁸t³t⁰ffl⁵
908 2944 1125 3006 ⁰⁰n⁰ed⁰¹¹t⁰⁸
1181 2986 1270 3049 dicta
1293 2986 1405 3063 colligi
1427 2985 1553 3048 taciens
1575 2986 1762 3062 diligenter,
1786 2987 1976 3048 contradic-

333 3039 563 3110 nibilominus,
577 3041 613 3102 ut
628 3056 701 3102 cum
714 3038 928 3118 presbyteris,
939 3041 1125 3114 etulericis,

332 3138 389 3214 qui
399 3154 459 3215 pro
470 3137 729 3199 concubinarum
742 3137 959 3200 contubernio
971 3154 991 3198 a
1003 3137 1124 3213 legatis

331 3235 531 3312 Apostolicae
567 3235 662 3296 Sedis
690 3235 825 3297 luerunt
854 3237 1126 3298 excommunica-

331 3329 415 3390 tioni
435 3329 585 3406 subjecti,
618 3329 739 3406 quique
767 3331 1044 3392 excommunicati
1069 3330 1127 3391 aut

331 3425 500 3487 interdicti
528 3425 661 3487 ordines
690 3428 907 3503 susceperunt
934 3427 987 3490 vel
1014 3427 1126 3488 divina

331 3527 615 3600 praesumpserunt
642 3523 751 3585 officia
777 3525 962 3596 celebrare,
979 3525 1127 3587 auctori-

331 3621 399 3682 tate
428 3621 543 3680 nostra
577 3621 686 3696 possis
721 3621 985 3682 misericordiam
1016 3621 1126 3684 facere

332 3715 565 3792 dispensando,
583 3716 764 3778 secundum
782 3719 880 3794 quod,
894 3719 1039 3796 pensatis
1055 3735 1127 3780 om-

332 3813 429 3874 nibns
465 3811 735 3886 circumstantiis,
765 3814 973 3891 singulorum
1005 3815 1125 3876 merita
1158 3835 1161 3850 ¹
1467 3774 1688 3862 GCGLXIH

334 1772 412 1829 Facit
430 1772 457 1829 ei
477 1777 646 1844 potestatem
665 1772 805 1829 violenter
823 1786 958 1829 manuum
976 1772 1127 1846 injectores

540 1859 575 1917 ad
589 1860 737 1918 biennium
752 1857 926 1918 absolvendi.

372 1977 549 2048 Honorius,
575 1977 650 2048 etc,
678 1976 863 2038 venerabili
891 1975 988 2038 fratri
1010 1977 1126 2038 archi-

1180 3181 1365 3257 praamissa
1406 3197 1465 3258 per
1504 3196 1678 3242 censuram
1713 3181 1976 3244 ecclesiasticam
2093 3251 2094 3264 ἢ

1181 3276 1418 3354 compellendo,
1444 3293 1559 3340 eorum
1574 3293 1736 3342 summam
1757 3277 1854 3340 nobis
1875 3294 1971 3339 cures
2093 3265 2094 3276 ’

1181 3374 1322 3437 fideliter
1334 3374 1501 3443 intimare,
1515 3377 1551 3436 ut
1565 3375 1705 3438 veritate
1720 3375 1865 3451 cognita,
1876 3373 1974 3436 lacia-

1180 3487 1264 3532 mus.
1294 3473 1380 3549 quod
1412 3471 1594 3534 viderimus
1627 3472 1826 3534 laciendum.
1856 3473 1973 3534 Datum

1180 3569 1337 3632 Laterani
1352 3570 1404 3632 Ill¹
1416 3568 1579 3634 kalendas
1594 3569 1674 3632 maii
1688 3586 1777 3632 anno
1791 3569 1917 3648 quinto.

332 3909 456 3971 videris
483 3911 662 3986 postulare.
682 3912 801 3972 Datum
821 3911 988 3982 Laterani,
1006 3914 1035 3973 11
1056 3912 1123 3975 kal.
1461 3919 1514 3978 Ad
1526 3919 1694 3978 cumdem.

331 4007 423 4081 maii,
440 4023 527 4070 anno
543 4009 669 4087 quinlO.
1456 4038 1492 4098 29
1512 4039 1592 4111 april,
1615 4039 1694 4096 1221,

1223 4143 1435 4210 [Regest.,lib.V,
1447 4144 1585 4208 epistttltl.
1598 4145 1655 4194 llss.
1664 4144 1702 4195 La
1715 4143 1790 4194 Porto
1800 4143 1835 4194 du
1846 4144 1937 4209 Thali]

641 4242 821 4330 GCCLXI
1181 4250 1260 4310 Facit
1284 4251 1311 4308 ei
1331 4257 1502 4323 potestatem
1529 4249 1647 4308 clericos
1668 4249 1899 4323 crucesignatos,
1921 4249 1976 4308 sed
2093 4217 2094 4220 Ἴ

1355 4338 1473 4412 negotio
1482 4338 1608 4408 inutiles,
1620 4336 1805 4396 absolvendi„
2093 4337 2094 4384 l

599 4386 652 4446 Ad
679 4387 847 4445 eumdem.

1220 4458 1270 4517 Ex
1281 4455 1375 4533 parte
1387 4455 1515 4518 tualuit
1524 4452 1730 4532 propositum
1742 4470 1855 4516 coram
1864 4453 1974 4526 nobis,
2093 4501 2094 4517 r

615 4505 650 4562 29
665 4504 745 4578 april.
763 4505 842 4561 ml.

379 4617 716 4686 [negnr.‚1ih.v,ap.cl⁷.
734 4616 792 4667 '¹⁸⁵'
803 4617 839 4666 ω
849 4616 926 4668 P⁰n⁰
940 4617 974 4667 ‘¹⁰
985 4617 1079 4684 Μ’]
1181 4653 1214 4712 et
1227 4650 1352 4722 clerici,
1368 4650 1424 4726 qui
1439 4665 1514 4712 curn
1529 4651 1597 4712 sint
1610 4665 1747 4728 prorsus
1762 4649 1897 4712 inutiles
1912 4663 1972 4710 ne-

332 4735 410 4792 Facit
435 4735 462 4792 ei
488 4739 658 4806 potestatem
683 4729 896 4804 procurationes
920 4745 983 4803 qum
1004 4731 1058 4804 ipsi
1078 4747 1123 4790 ra·
1180 4747 1270 4824 30th
1294 4751 1405 4810 Terrae
1424 4748 1553 4809 sancta,
1578 4763 1710 4808 crucem
1725 4747 1836 4808 tamen
1851 4746 1971 4822 impro-
2093 4781 2094 4800 ,

420 4823 497 4878 tione
515 4819 684 4878 visitationis
699 4818 875 4877 debebantur
890 4819 1034 4894 exigendi.
1181 4845 1256 4906 vide
1278 4845 1506 4921 susceperunt·
1531 4845 1624 4906 Unde
1640 4860 1741 4922 supe,
1755 4844 1818 4904 hoo
1840 4841 1975 4904 deside„
2093 4831 2094 4860 t

371 4935 521 4998 Curntibi
534 4937 648 4998 contra
664 4937 855 4997 lvaereticam
875 4937 1073 5013 pravitatem
1091 4938 1126 4998 in
1180 4956 1236 5002 ras
1251 4941 1429 5018 provideri.
1446 4942 1589 5018 ideoque
1613 4941 1816 5002 fraternitati
1830 4942 1894 5001 tuae
1915 4953 1978 5015 per·

331 5034 536 5114 provinciam
547 5033 812 5110 prolecturonon
826 5033 1031 5095 modicarum
1042 5051 1126 5096 onus
1181 5037 1370 5116 apostolica
1406 5039 1529 5116 scripta
1565 5038 1777 5109 mandamus,
1813 5037 1980 5113 quatenus>

330 5133 503 5194 immineat
516 5145 750 5206 expensarum,
766 5146 826 5192 nos
842 5132 877 5191 in
890 5131 1038 5192 favorem
1049 5131 1126 5192 lidei
1180 5135 1265 5196 tales
1278 5149 1297 5195 a
1312 5136 1389 5197 voto
1400 5135 1508 5196 crucis
1519 5135 1684 5206 absolvat,
1694 5135 1741 5195 ita
1752 5135 1874 5205 tamen,
1890 5131 1971 5208 quod

331 5229 522 5292 christianae
538 5226 734 5289 auctoritate
756 5226 816 5288 tibi
839 5228 1050 5304 praesentium
1068 5229 1125 5289 in·
1181 5231 1305 5307 singuli
1318 5231 1478 5307 singulos,
1495 5233 1548 5292 vel
1571 5232 1636 5292 duo
1651 5246 1754 5291 unum
1780 5230 1808 5290 si
1826 5227 1971 5304 singulos
2093 5265 2094 5314 p

330 5328 515 5404 dulgemus,
530 5327 692 5402 quatenus
703 5325 965 5401 procurationes,
983 5341 1056 5401 quae
1066 5324 1127 5386 tibi
1181 5331 1349 5406 nequeunt
1377 5345 1435 5406 pro
1459 5345 1496 5389 se
1515 5327 1647 5390 mittant
1667 5327 1703 5388 in
1719 5330 1829 5388 Terrae
1846 5327 1972 5388 Sanctae
2093 5329 2094 5366 ³

329 5424 532 5488 visitationis
551 5423 682 5484 ratione
697 5421 868 5494 debentur,
890 5439 956 5484 non
977 5422 1127 5484 obstante
1181 5425 1363 5486 subsidium
1377 5424 1566 5494 bellatores,
1577 5427 1711 5502 proviso
1725 5423 1916 5500 prudenter,
1932 5439 1973 5484 ne

330 5523 453 5584 statuto
480 5519 619 5582 concilii
643 5519 822 5596 generalis
848 5520 956 5597 possis
979 5519 1125 5595 exigere,
1182 5522 1275 5584 dolus
1297 5521 1418 5600 aliquis
1444 5522 1637 5584 intercedat.
1663 5522 1781 5583 Datum
1806 5521 1975 5592 Laterani,

331 5635 370 5681 ac
384 5619 534 5696 recipere
546 5616 703 5696 quamdiu
716 5617 828 5680 inillis
840 5617 988 5694 partibus
999 5633 1125 5680 moram
1181 5620 1281 5682 tertio
1297 5619 1457 5682 kalendas
1472 5619 1564 5691 maii,
1585 5634 1673 5682 anno
1688 5618 1815 5696 quinto.
1832 5617 1837 5624 '

1180 3085 1270 3145 tores
1297 3082 1338 3144 ad
1376 3099 1491 3145 eorum
1523 3083 1762 3156 solutionnem,
1792 3084 1973 3146 monitione
2093 3153 2094 3158 ἵ

1180 4554 1267 4630 quod
1281 4553 1316 4613 in
1332 4552 1468 4614 dioecesi
1492 4554 1550 4615 tua
1574 4553 1652 4616 sunt
1672 4553 1768 4614 multi
1787 4551 1970 4629 presbyteri
2093 4559 2094 4596 l
