<?xml version="1.0" encoding="UTF-8"?>
<!DOCTYPE html PUBLIC "-//W3C//DTD XHTML 1.0 Transitional//EN"
    "http://www.w3.org/TR/xhtml1/DTD/xhtml1-transitional.dtd">
<html xmlns="http://www.w3.org/1999/xhtml" xml:lang="en" lang="en">
 <head>
  <title>
</title>
<meta http-equiv="Content-Type" content="text/html;charset=utf-8" />
  <meta name='ocr-system' content='tesseract 3.04.00' />
  <meta name='ocr-capabilities' content='ocr_page ocr_carea ocr_par ocr_line ocrx_word'/>
</head>
<body>
  <div class='ocr_page' id='page_1' title='image "./mediiaevibiblio03bottgoog_0022.png"; bbox 0 0 4250 6404; ppageno 0'>
   <div class='ocr_carea' id='block_1_1' title="bbox 164 330 1810 405">
    <p class='ocr_par' dir='ltr' id='par_1_1' title="bbox 164 330 1810 405">
     <span class='ocr_line' id='line_1_1' title="bbox 164 330 1810 405; baseline 0.002 -15"><span class='ocrx_word' id='word_1_1' title='bbox 164 330 200 390; x_wconf 81' lang='lat'><strong>17</strong></span> <span class='ocrx_word' id='word_1_2' title='bbox 781 331 1009 392; x_wconf 80' lang='lat' dir='ltr'><strong>EPISTOLAE.</strong></span> <span class='ocrx_word' id='word_1_3' title='bbox 1033 331 1111 394; x_wconf 81' lang='lat' dir='ltr'><strong>LIB.</strong></span> <span class='ocrx_word' id='word_1_4' title='bbox 1137 335 1192 394; x_wconf 84' lang='lat'>111.</span> <span class='ocrx_word' id='word_1_5' title='bbox 1771 343 1810 405; x_wconf 83' lang='lat'><strong>18</strong></span> 
     </span>
    </p>
   </div>
   <div class='ocr_carea' id='block_1_2' title="bbox 99 487 1808 2706">
    <p class='ocr_par' dir='ltr' id='par_1_2' title="bbox 99 487 1808 2706">
     <span class='ocr_line' id='line_1_2' title="bbox 201 487 1808 570; baseline 0.006 -20"><span class='ocrx_word' id='word_1_6' title='bbox 201 487 422 554; x_wconf 75' lang='lat' dir='ltr'>prudentibus</span> <span class='ocrx_word' id='word_1_7' title='bbox 446 489 727 567; x_wconf 74' lang='lat' dir='ltr'><strong>virginibusque</strong></span> <span class='ocrx_word' id='word_1_8' title='bbox 755 488 817 552; x_wconf 83' lang='grc'><strong>111)</strong></span> <span class='ocrx_word' id='word_1_9' title='bbox 842 489 959 551; x_wconf 87' lang='lat' dir='ltr'><strong>habitu</strong></span> <span class='ocrx_word' id='word_1_10' title='bbox 1013 505 1093 552; x_wconf 90' lang='lat' dir='ltr'><strong>vero</strong></span> <span class='ocrx_word' id='word_1_11' title='bbox 1118 493 1151 554; x_wconf 89' lang='lat' dir='ltr'><strong>te</strong></span> <span class='ocrx_word' id='word_1_12' title='bbox 1176 507 1265 555; x_wconf 91' lang='lat' dir='ltr'><strong>nunc</strong></span> <span class='ocrx_word' id='word_1_13' title='bbox 1289 493 1439 570; x_wconf 89' lang='lat' dir='ltr'><strong>ejusdem</strong></span> <span class='ocrx_word' id='word_1_14' title='bbox 1468 495 1532 558; x_wconf 91' lang='lat' dir='ltr'><strong>loci</strong></span> <span class='ocrx_word' id='word_1_15' title='bbox 1553 496 1732 570; x_wconf 81' lang='lat' dir='ltr'><strong>abbatissa,</strong></span> <span class='ocrx_word' id='word_1_16' title='bbox 1754 499 1808 560; x_wconf 92' lang='lat' dir='ltr'><strong>vel</strong></span> 
     </span>
     <span class='ocr_line' id='line_1_3' title="bbox 159 584 1807 672; baseline 0.007 -26"><span class='ocrx_word' id='word_1_17' title='bbox 159 584 334 663; x_wconf 87' lang='lat' dir='ltr'><strong>religionis</strong></span> <span class='ocrx_word' id='word_1_18' title='bbox 358 587 508 650; x_wconf 82' lang='lat' dir='ltr'><strong>accensis</strong></span> <span class='ocrx_word' id='word_1_19' title='bbox 537 585 745 665; x_wconf 87' lang='lat' dir='ltr'><strong>lampadibus</strong></span> <span class='ocrx_word' id='word_1_20' title='bbox 776 603 835 665; x_wconf 92' lang='lat' dir='ltr'><strong>per</strong></span> <span class='ocrx_word' id='word_1_21' title='bbox 857 603 957 664; x_wconf 90' lang='lat' dir='ltr'><strong>opera</strong></span> <span class='ocrx_word' id='word_1_22' title='bbox 1013 588 1191 652; x_wconf 77' lang='lat' dir='ltr'>decedente</span> <span class='ocrx_word' id='word_1_23' title='bbox 1229 605 1343 654; x_wconf 88' lang='lat' dir='ltr'><strong>aarum</strong></span> <span class='ocrx_word' id='word_1_24' title='bbox 1381 592 1496 670; x_wconf 77' lang='lat' dir='ltr'><strong>aliqua</strong></span> <span class='ocrx_word' id='word_1_25' title='bbox 1524 610 1599 672; x_wconf 80' lang='lat' dir='ltr'><strong>quae</strong></span> <span class='ocrx_word' id='word_1_26' title='bbox 1625 595 1687 657; x_wconf 90' lang='lat' dir='ltr'><strong>tibi</strong></span> <span class='ocrx_word' id='word_1_27' title='bbox 1721 612 1807 657; x_wconf 88' lang='lat' dir='ltr'><strong>suc-</strong></span> 
     </span>
     <span class='ocr_line' id='line_1_4' title="bbox 160 681 1807 769; baseline 0.008 -28"><span class='ocrx_word' id='word_1_28' title='bbox 160 681 345 742; x_wconf 86' lang='lat' dir='ltr'><strong>sanctitatis</strong></span> <span class='ocrx_word' id='word_1_29' title='bbox 364 683 491 760; x_wconf 83' lang='lat' dir='ltr'><strong>jugiter</strong></span> <span class='ocrx_word' id='word_1_30' title='bbox 505 699 541 744; x_wconf 91' lang='lat' dir='ltr'><strong>se</strong></span> <span class='ocrx_word' id='word_1_31' title='bbox 556 683 745 760; x_wconf 89' lang='lat' dir='ltr'><strong>praeparant</strong></span> <span class='ocrx_word' id='word_1_32' title='bbox 763 683 813 744; x_wconf 92' lang='grc'><strong>111</strong></span> <span class='ocrx_word' id='word_1_33' title='bbox 828 682 958 744; x_wconf 82' lang='lat' dir='ltr'><strong>obviam</strong></span> <span class='ocrx_word' id='word_1_34' title='bbox 1013 686 1165 758; x_wconf 89' lang='lat' dir='ltr'><strong>cesserit,</strong></span> <span class='ocrx_word' id='word_1_35' title='bbox 1196 688 1286 750; x_wconf 89' lang='lat' dir='ltr'><strong>nulla</strong></span> <span class='ocrx_word' id='word_1_36' title='bbox 1323 688 1371 750; x_wconf 92' lang='lat' dir='ltr'><strong>ibi</strong></span> <span class='ocrx_word' id='word_1_37' title='bbox 1399 690 1547 767; x_wconf 89' lang='lat' dir='ltr'><strong>qualibet</strong></span> <span class='ocrx_word' id='word_1_38' title='bbox 1583 692 1807 769; x_wconf 80' lang='lat' dir='ltr'><strong>subreptionis</strong></span> 
     </span>
     <span class='ocr_line' id='line_1_5' title="bbox 159 779 1807 867; baseline 0.007 -29"><span class='ocrx_word' id='word_1_39' title='bbox 159 793 284 854; x_wconf 89' lang='lat' dir='ltr'><strong>sponso</strong></span> <span class='ocrx_word' id='word_1_40' title='bbox 308 779 403 841; x_wconf 90' lang='lat' dir='ltr'><strong>Sedis</strong></span> <span class='ocrx_word' id='word_1_41' title='bbox 426 780 626 858; x_wconf 79' lang='lat' dir='ltr'><strong>apostolicae</strong></span> <span class='ocrx_word' id='word_1_42' title='bbox 652 779 748 842; x_wconf 92' lang='lat' dir='ltr'><strong>debet</strong></span> <span class='ocrx_word' id='word_1_43' title='bbox 766 780 958 858; x_wconf 79' lang='lat' dir='ltr'><strong>praesidium</strong></span> <span class='ocrx_word' id='word_1_44' title='bbox 1013 783 1134 844; x_wconf 90' lang='lat' dir='ltr'><strong>astutia</strong></span> <span class='ocrx_word' id='word_1_45' title='bbox 1148 784 1202 846; x_wconf 87' lang='lat' dir='ltr'><strong>vel</strong></span> <span class='ocrx_word' id='word_1_46' title='bbox 1231 785 1389 848; x_wconf 89' lang='lat' dir='ltr'><strong>violentia</strong></span> <span class='ocrx_word' id='word_1_47' title='bbox 1404 789 1617 866; x_wconf 87' lang='lat' dir='ltr'><strong>praeponatur</strong></span> <span class='ocrx_word' id='word_1_48' title='bbox 1629 790 1695 850; x_wconf 91' lang='lat' dir='ltr'><strong>nisi</strong></span> <span class='ocrx_word' id='word_1_49' title='bbox 1708 806 1807 867; x_wconf 87' lang='lat' dir='ltr'><strong>quam</strong></span> 
     </span>
     <span class='ocr_line' id='line_1_6' title="bbox 157 875 1808 964; baseline 0.008 -29"><span class='ocrx_word' id='word_1_50' title='bbox 157 875 335 952; x_wconf 85' lang='lat' dir='ltr'><strong>impertiri,</strong></span> <span class='ocrx_word' id='word_1_51' title='bbox 356 892 399 938; x_wconf 92' lang='lat' dir='ltr'><strong>ne</strong></span> <span class='ocrx_word' id='word_1_52' title='bbox 413 876 498 940; x_wconf 81' lang='lat' dir='ltr'><strong>sorte</strong></span> <span class='ocrx_word' id='word_1_53' title='bbox 512 877 689 955; x_wconf 79' lang='grc'><strong>1111111111</strong></span> <span class='ocrx_word' id='word_1_54' title='bbox 704 878 898 940; x_wconf 87' lang='lat' dir='ltr'><strong>temeritatis</strong></span> <span class='ocrx_word' id='word_1_55' title='bbox 911 879 958 940; x_wconf 92' lang='lat' dir='ltr'><strong>in·</strong></span> <span class='ocrx_word' id='word_1_56' title='bbox 1012 895 1144 942; x_wconf 91' lang='lat' dir='ltr'><strong>sorores</strong></span> <span class='ocrx_word' id='word_1_57' title='bbox 1158 883 1326 942; x_wconf 88' lang='lat' dir='ltr'><strong>communi</strong></span> <span class='ocrx_word' id='word_1_58' title='bbox 1348 900 1513 947; x_wconf 91' lang='lat' dir='ltr'><strong>consensu</strong></span> <span class='ocrx_word' id='word_1_59' title='bbox 1526 886 1580 949; x_wconf 89' lang='lat' dir='ltr'><strong>val</strong></span> <span class='ocrx_word' id='word_1_60' title='bbox 1602 903 1716 947; x_wconf 89' lang='lat' dir='ltr'><strong>aarum</strong></span> <span class='ocrx_word' id='word_1_61' title='bbox 1729 904 1808 964; x_wconf 90' lang='lat' dir='ltr'><strong>pars</strong></span> 
     </span>
     <span class='ocr_line' id='line_1_7' title="bbox 158 975 1808 1052; baseline 0.007 -18"><span class='ocrx_word' id='word_1_62' title='bbox 158 987 288 1045; x_wconf 91' lang='lat' dir='ltr'><strong>cursus,</strong></span> <span class='ocrx_word' id='word_1_63' title='bbox 307 975 365 1034; x_wconf 92' lang='lat' dir='ltr'><strong>aut</strong></span> <span class='ocrx_word' id='word_1_64' title='bbox 377 989 434 1034; x_wconf 89' lang='lat' dir='ltr'><strong>eas</strong></span> <span class='ocrx_word' id='word_1_65' title='bbox 448 989 468 1036; x_wconf 89' lang='lat' dir='ltr'><strong>a</strong></span> <span class='ocrx_word' id='word_1_66' title='bbox 483 975 652 1052; x_wconf 90' lang='lat' dir='ltr'><strong>proposito</strong></span> <span class='ocrx_word' id='word_1_67' title='bbox 667 977 810 1048; x_wconf 89' lang='lat' dir='ltr'><strong>revocet,</strong></span> <span class='ocrx_word' id='word_1_68' title='bbox 827 976 885 1038; x_wconf 91' lang='lat' dir='ltr'><strong>aut</strong></span> <span class='ocrx_word' id='word_1_69' title='bbox 898 993 957 1038; x_wconf 92' lang='lat' dir='ltr'><strong>ro-</strong></span> <span class='ocrx_word' id='word_1_70' title='bbox 1012 977 1143 1038; x_wconf 89' lang='lat' dir='ltr'><strong>ccnsilii</strong></span> <span class='ocrx_word' id='word_1_71' title='bbox 1159 978 1315 1051; x_wconf 90' lang='lat' dir='ltr'><strong>sanioris,</strong></span> <span class='ocrx_word' id='word_1_72' title='bbox 1339 981 1520 1043; x_wconf 89' lang='lat' dir='ltr'><strong>secundum</strong></span> <span class='ocrx_word' id='word_1_73' title='bbox 1537 985 1597 1044; x_wconf 84' lang='lat' dir='ltr'><strong>Dei</strong></span> <span class='ocrx_word' id='word_1_74' title='bbox 1610 984 1761 1046; x_wconf 89' lang='lat' dir='ltr'><strong>timorem</strong></span> <span class='ocrx_word' id='word_1_75' title='bbox 1775 985 1808 1046; x_wconf 90' lang='lat' dir='ltr'><strong>et</strong></span> 
     </span>
     <span class='ocr_line' id='line_1_8' title="bbox 157 1066 1807 1157; baseline 0.008 -28"><span class='ocrx_word' id='word_1_76' title='bbox 157 1066 232 1142; x_wconf 91' lang='lat' dir='ltr'><strong>bur,</strong></span> <span class='ocrx_word' id='word_1_77' title='bbox 249 1069 336 1147; x_wconf 88' lang='lat' dir='ltr'><strong>quod</strong></span> <span class='ocrx_word' id='word_1_78' title='bbox 348 1070 446 1143; x_wconf 89' lang='lat' dir='ltr'><strong>absit,</strong></span> <span class='ocrx_word' id='word_1_79' title='bbox 466 1088 573 1134; x_wconf 82' lang='lat' dir='ltr'><strong>sacrae</strong></span> <span class='ocrx_word' id='word_1_80' title='bbox 587 1073 759 1148; x_wconf 76' lang='lat' dir='ltr'><strong>religionis</strong></span> <span class='ocrx_word' id='word_1_81' title='bbox 784 1073 955 1149; x_wconf 78' lang='lat' dir='ltr'><strong>infringat.</strong></span> <span class='ocrx_word' id='word_1_82' title='bbox 1011 1073 1100 1136; x_wconf 89' lang='lat' dir='ltr'><strong>beati</strong></span> <span class='ocrx_word' id='word_1_83' title='bbox 1114 1075 1285 1137; x_wconf 85' lang='lat' dir='ltr'><strong>Benedicti</strong></span> <span class='ocrx_word' id='word_1_84' title='bbox 1300 1078 1450 1152; x_wconf 88' lang='lat' dir='ltr'><strong>regulam</strong></span> <span class='ocrx_word' id='word_1_85' title='bbox 1465 1080 1670 1156; x_wconf 83' lang='lat' dir='ltr'><strong>providerint</strong></span> <span class='ocrx_word' id='word_1_86' title='bbox 1683 1081 1807 1157; x_wconf 92' lang='lat' dir='ltr'><strong>eligen-</strong></span> 
     </span>
     <span class='ocr_line' id='line_1_9' title="bbox 157 1167 1806 1252; baseline 0.006 -26"><span class='ocrx_word' id='word_1_87' title='bbox 157 1168 205 1227; x_wconf 87' lang='lat' dir='ltr'><strong>Ea</strong></span> <span class='ocrx_word' id='word_1_88' title='bbox 220 1169 365 1246; x_wconf 89' lang='lat' dir='ltr'><strong>propter,</strong></span> <span class='ocrx_word' id='word_1_89' title='bbox 382 1168 512 1230; x_wconf 88' lang='lat' dir='ltr'><strong>dilectae</strong></span> <span class='ocrx_word' id='word_1_90' title='bbox 524 1168 559 1230; x_wconf 93' lang='lat' dir='ltr'><strong>in</strong></span> <span class='ocrx_word' id='word_1_91' title='bbox 573 1170 712 1231; x_wconf 86' lang='lat' dir='ltr'><strong>Domino</strong></span> <span class='ocrx_word' id='word_1_92' title='bbox 732 1170 820 1242; x_wconf 80' lang='grc'><strong>11111,</strong></span> <span class='ocrx_word' id='word_1_93' title='bbox 836 1171 957 1232; x_wconf 87' lang='lat' dir='ltr'><strong>vestris</strong></span> <span class='ocrx_word' id='word_1_94' title='bbox 1011 1167 1806 1252; x_wconf 75' lang='grc'><strong>1111111111111111111111111111111111111</strong></span> 
     </span>
     <span class='ocr_line' id='line_1_10' title="bbox 152 1264 1806 1343; baseline 0.007 -20"><span class='ocrx_word' id='word_1_95' title='bbox 152 1264 257 1340; x_wconf 84' lang='lat' dir='ltr'><strong>justis</strong></span> <span class='ocrx_word' id='word_1_96' title='bbox 298 1265 577 1342; x_wconf 88' lang='lat' dir='ltr'><strong>postulationibus</strong></span> <span class='ocrx_word' id='word_1_97' title='bbox 618 1267 797 1330; x_wconf 89' lang='lat' dir='ltr'><strong>clementer</strong></span> <span class='ocrx_word' id='word_1_98' title='bbox 831 1269 955 1330; x_wconf 87' lang='lat' dir='ltr'><strong>annui·</strong></span> <span class='ocrx_word' id='word_1_99' title='bbox 1011 1266 1133 1328; x_wconf 88' lang='lat' dir='ltr'><strong>saeculo</strong></span> <span class='ocrx_word' id='word_1_100' title='bbox 1148 1265 1312 1343; x_wconf 80' lang='lat' dir='ltr'><strong>fugientes</strong></span> <span class='ocrx_word' id='word_1_101' title='bbox 1339 1265 1438 1331; x_wconf 86' lang='grc'><strong>111111</strong></span> <span class='ocrx_word' id='word_1_102' title='bbox 1449 1269 1543 1330; x_wconf 90' lang='lat' dir='ltr'><strong>vobis</strong></span> <span class='ocrx_word' id='word_1_103' title='bbox 1553 1271 1589 1331; x_wconf 92' lang='lat' dir='ltr'><strong>in</strong></span> <span class='ocrx_word' id='word_1_104' title='bbox 1604 1271 1806 1334; x_wconf 85' lang='lat' dir='ltr'><strong>monasterio</strong></span> 
     </span>
     <span class='ocr_line' id='line_1_11' title="bbox 155 1361 1806 1444; baseline 0.006 -24"><span class='ocrx_word' id='word_1_105' title='bbox 155 1377 230 1422; x_wconf 86' lang='lat' dir='ltr'><strong>mus</strong></span> <span class='ocrx_word' id='word_1_106' title='bbox 246 1361 464 1440; x_wconf 85' lang='lat' dir='ltr'><strong>etpraelatum</strong></span> <span class='ocrx_word' id='word_1_107' title='bbox 482 1365 719 1426; x_wconf 90' lang='lat' dir='ltr'><strong>monasterium</strong></span> <span class='ocrx_word' id='word_1_108' title='bbox 736 1367 866 1426; x_wconf 77' lang='lat' dir='ltr'><strong>Sanctae</strong></span> <span class='ocrx_word' id='word_1_109' title='bbox 883 1367 958 1426; x_wconf 90' lang='lat' dir='ltr'><strong>Ma·</strong></span> <span class='ocrx_word' id='word_1_110' title='bbox 1010 1365 1120 1424; x_wconf 87' lang='lat' dir='ltr'><strong>vestro</strong></span> <span class='ocrx_word' id='word_1_111' title='bbox 1142 1365 1183 1426; x_wconf 90' lang='lat' dir='ltr'><strong>ad</strong></span> <span class='ocrx_word' id='word_1_112' title='bbox 1212 1365 1462 1428; x_wconf 90' lang='lat' dir='ltr'><strong>conversionem</strong></span> <span class='ocrx_word' id='word_1_113' title='bbox 1497 1368 1657 1444; x_wconf 88' lang='lat' dir='ltr'><strong>recipere,</strong></span> <span class='ocrx_word' id='word_1_114' title='bbox 1693 1370 1727 1430; x_wconf 87' lang='lat' dir='ltr'><strong>et</strong></span> <span class='ocrx_word' id='word_1_115' title='bbox 1749 1385 1806 1430; x_wconf 91' lang='lat' dir='ltr'><strong>eas</strong></span> 
     </span>
     <span class='ocr_line' id='line_1_12' title="bbox 155 1457 1806 1542; baseline 0.006 -24"><span class='ocrx_word' id='word_1_116' title='bbox 155 1457 216 1520; x_wconf 84' lang='lat' dir='ltr'><strong>riae</strong></span> <span class='ocrx_word' id='word_1_117' title='bbox 229 1457 270 1520; x_wconf 94' lang='lat' dir='ltr'><strong>de</strong></span> <span class='ocrx_word' id='word_1_118' title='bbox 282 1461 491 1534; x_wconf 86' lang='lat' dir='ltr'><strong>caramania,</strong></span> <span class='ocrx_word' id='word_1_119' title='bbox 503 1460 540 1522; x_wconf 90' lang='grc'><strong>11</strong></span> <span class='ocrx_word' id='word_1_120' title='bbox 552 1477 617 1539; x_wconf 88' lang='lat' dir='ltr'><strong>quo</strong></span> <span class='ocrx_word' id='word_1_121' title='bbox 632 1462 744 1524; x_wconf 80' lang='grc'><strong>111111</strong></span> <span class='ocrx_word' id='word_1_122' title='bbox 759 1463 955 1540; x_wconf 83' lang='lat' dir='ltr'><strong>mancipatae</strong></span> <span class='ocrx_word' id='word_1_123' title='bbox 1010 1459 1136 1538; x_wconf 87' lang='lat' dir='ltr'><strong>absque</strong></span> <span class='ocrx_word' id='word_1_124' title='bbox 1149 1461 1410 1525; x_wconf 86' lang='lat' dir='ltr'><strong>contradictione</strong></span> <span class='ocrx_word' id='word_1_125' title='bbox 1434 1465 1546 1542; x_wconf 88' lang='lat' dir='ltr'><strong>aliqua</strong></span> <span class='ocrx_word' id='word_1_126' title='bbox 1561 1465 1717 1528; x_wconf 89' lang='lat' dir='ltr'><strong>retinere.</strong></span> <span class='ocrx_word' id='word_1_127' title='bbox 1739 1469 1806 1528; x_wconf 89' lang='lat' dir='ltr'><strong>De-</strong></span> 
     </span>
     <span class='ocr_line' id='line_1_13' title="bbox 156 1554 1805 1636; baseline 0.005 -20"><span class='ocrx_word' id='word_1_128' title='bbox 156 1554 236 1616; x_wconf 85' lang='grc'><strong>11111</strong></span> <span class='ocrx_word' id='word_1_129' title='bbox 251 1555 956 1636; x_wconf 71' lang='grc'><strong>111111111111111111111111111111111</strong></span> <span class='ocrx_word' id='word_1_130' title='bbox 1010 1559 1177 1620; x_wconf 89' lang='lat' dir='ltr'><strong>cernimus</strong></span> <span class='ocrx_word' id='word_1_131' title='bbox 1205 1575 1284 1635; x_wconf 86' lang='lat' dir='ltr'><strong>ergo</strong></span> <span class='ocrx_word' id='word_1_132' title='bbox 1307 1561 1343 1622; x_wconf 94' lang='lat' dir='ltr'><strong>ut</strong></span> <span class='ocrx_word' id='word_1_133' title='bbox 1367 1561 1451 1622; x_wconf 91' lang='lat' dir='ltr'><strong>nulli</strong></span> <span class='ocrx_word' id='word_1_134' title='bbox 1477 1562 1611 1625; x_wconf 91' lang='lat' dir='ltr'><strong>omnino</strong></span> <span class='ocrx_word' id='word_1_135' title='bbox 1633 1563 1805 1625; x_wconf 90' lang='lat' dir='ltr'><strong>hominum</strong></span> 
     </span>
     <span class='ocr_line' id='line_1_14' title="bbox 154 1651 1804 1737; baseline 0.004 -23"><span class='ocrx_word' id='word_1_136' title='bbox 154 1651 338 1715; x_wconf 83' lang='lat' dir='ltr'><strong>Alexandri</strong></span> <span class='ocrx_word' id='word_1_137' title='bbox 362 1671 456 1732; x_wconf 90' lang='lat' dir='ltr'><strong>papae</strong></span> <span class='ocrx_word' id='word_1_138' title='bbox 483 1656 738 1732; x_wconf 88' lang='lat' dir='ltr'><strong>praedecessoris</strong></span> <span class='ocrx_word' id='word_1_139' title='bbox 767 1658 872 1720; x_wconf 88' lang='lat' dir='ltr'><strong>nostri</strong></span> <span class='ocrx_word' id='word_1_140' title='bbox 895 1658 955 1720; x_wconf 89' lang='lat' dir='ltr'><strong>sub</strong></span> <span class='ocrx_word' id='word_1_141' title='bbox 1011 1655 1109 1716; x_wconf 87' lang='lat' dir='ltr'><strong>liceat</strong></span> <span class='ocrx_word' id='word_1_142' title='bbox 1123 1655 1297 1732; x_wconf 83' lang='lat' dir='ltr'><strong>praelatum</strong></span> <span class='ocrx_word' id='word_1_143' title='bbox 1324 1658 1561 1720; x_wconf 88' lang='lat' dir='ltr'><strong>monasterium</strong></span> <span class='ocrx_word' id='word_1_144' title='bbox 1580 1660 1706 1722; x_wconf 90' lang='lat' dir='ltr'><strong>temere</strong></span> <span class='ocrx_word' id='word_1_145' title='bbox 1724 1675 1804 1737; x_wconf 91' lang='lat' dir='ltr'><strong>per-</strong></span> 
     </span>
     <span class='ocr_line' id='line_1_15' title="bbox 154 1748 1805 1832; baseline 0.008 -22"><span class='ocrx_word' id='word_1_146' title='bbox 154 1748 243 1812; x_wconf 87' lang='lat' dir='ltr'><strong>beati</strong></span> <span class='ocrx_word' id='word_1_147' title='bbox 255 1750 346 1812; x_wconf 81' lang='lat' dir='ltr'><strong>Petri</strong></span> <span class='ocrx_word' id='word_1_148' title='bbox 359 1753 392 1814; x_wconf 84' lang='grc'><strong>11</strong></span> <span class='ocrx_word' id='word_1_149' title='bbox 406 1754 521 1815; x_wconf 84' lang='lat' dir='ltr'><strong>nostra</strong></span> <span class='ocrx_word' id='word_1_150' title='bbox 530 1754 735 1830; x_wconf 86' lang='lat' dir='ltr'><strong>protectione</strong></span> <span class='ocrx_word' id='word_1_151' title='bbox 743 1754 953 1832; x_wconf 84' lang='lat' dir='ltr'><strong>suscipimus,</strong></span> <span class='ocrx_word' id='word_1_152' title='bbox 1008 1749 1155 1826; x_wconf 84' lang='lat' dir='ltr'><strong>turbare,</strong></span> <span class='ocrx_word' id='word_1_153' title='bbox 1178 1753 1237 1814; x_wconf 88' lang='lat' dir='ltr'><strong>aut</strong></span> <span class='ocrx_word' id='word_1_154' title='bbox 1262 1755 1334 1830; x_wconf 81' lang='lat' dir='ltr'><strong>aius</strong></span> <span class='ocrx_word' id='word_1_155' title='bbox 1361 1755 1590 1830; x_wconf 79' lang='lat' dir='ltr'><strong>possessiones</strong></span> <span class='ocrx_word' id='word_1_156' title='bbox 1604 1755 1737 1818; x_wconf 83' lang='lat' dir='ltr'><strong>auferre</strong></span> <span class='ocrx_word' id='word_1_157' title='bbox 1751 1754 1805 1816; x_wconf 85' lang='lat' dir='ltr'><strong>vel</strong></span> 
     </span>
     <span class='ocr_line' id='line_1_16' title="bbox 151 1846 1807 1929; baseline 0.005 -23"><span class='ocrx_word' id='word_1_158' title='bbox 151 1847 186 1907; x_wconf 92' lang='lat' dir='ltr'><strong>et</strong></span> <span class='ocrx_word' id='word_1_159' title='bbox 199 1848 372 1922; x_wconf 89' lang='lat' dir='ltr'><strong>praesentis</strong></span> <span class='ocrx_word' id='word_1_160' title='bbox 385 1849 499 1928; x_wconf 91' lang='lat' dir='ltr'><strong>scripti</strong></span> <span class='ocrx_word' id='word_1_161' title='bbox 514 1851 689 1926; x_wconf 89' lang='lat' dir='ltr'><strong>privilegio</strong></span> <span class='ocrx_word' id='word_1_162' title='bbox 701 1852 953 1923; x_wconf 89' lang='lat' dir='ltr'><strong>communimus,</strong></span> <span class='ocrx_word' id='word_1_163' title='bbox 1009 1846 1138 1909; x_wconf 88' lang='lat' dir='ltr'><strong>ablatas</strong></span> <span class='ocrx_word' id='word_1_164' title='bbox 1162 1849 1318 1921; x_wconf 86' lang='lat' dir='ltr'><strong>retinere,</strong></span> <span class='ocrx_word' id='word_1_165' title='bbox 1344 1851 1494 1912; x_wconf 90' lang='lat' dir='ltr'><strong>minuere</strong></span> <span class='ocrx_word' id='word_1_166' title='bbox 1520 1868 1579 1912; x_wconf 92' lang='lat' dir='ltr'><strong>seu</strong></span> <span class='ocrx_word' id='word_1_167' title='bbox 1605 1851 1807 1929; x_wconf 88' lang='lat' dir='ltr'><strong>quibuslibet</strong></span> 
     </span>
     <span class='ocr_line' id='line_1_17' title="bbox 152 1944 1806 2025; baseline 0.007 -22"><span class='ocrx_word' id='word_1_168' title='bbox 152 1945 347 2018; x_wconf 88' lang='lat' dir='ltr'><strong>statuentes,</strong></span> <span class='ocrx_word' id='word_1_169' title='bbox 376 1946 412 2008; x_wconf 89' lang='lat' dir='ltr'><strong>ni</strong></span> <span class='ocrx_word' id='word_1_170' title='bbox 444 1963 668 2024; x_wconf 84' lang='lat' dir='ltr'><strong>quascumque</strong></span> <span class='ocrx_word' id='word_1_171' title='bbox 705 1949 953 2025; x_wconf 91' lang='lat' dir='ltr'><strong>possessiones,</strong></span> <span class='ocrx_word' id='word_1_172' title='bbox 1009 1944 1242 2006; x_wconf 81' lang='lat' dir='ltr'><strong>vexationibus</strong></span> <span class='ocrx_word' id='word_1_173' title='bbox 1265 1945 1418 2020; x_wconf 82' lang='lat' dir='ltr'><strong>fatigare,</strong></span> <span class='ocrx_word' id='word_1_174' title='bbox 1447 1961 1665 2025; x_wconf 67' lang='lat' dir='ltr'><strong>proauorum</strong></span> <span class='ocrx_word' id='word_1_175' title='bbox 1684 1947 1806 2024; x_wconf 77' lang='lat' dir='ltr'><strong>guber·</strong></span> 
     </span>
     <span class='ocr_line' id='line_1_18' title="bbox 152 2041 1804 2122; baseline 0.002 -22"><span class='ocrx_word' id='word_1_176' title='bbox 152 2043 463 2119; x_wconf 85' lang='lat' dir='ltr'><strong>quaeoumquebona</strong></span> <span class='ocrx_word' id='word_1_177' title='bbox 474 2044 562 2106; x_wconf 89' lang='lat' dir='ltr'><strong>idem</strong></span> <span class='ocrx_word' id='word_1_178' title='bbox 571 2044 810 2108; x_wconf 87' lang='lat' dir='ltr'><strong>monasterium</strong></span> <span class='ocrx_word' id='word_1_179' title='bbox 821 2046 856 2106; x_wconf 92' lang='lat' dir='ltr'><strong>in</strong></span> <span class='ocrx_word' id='word_1_180' title='bbox 867 2063 956 2122; x_wconf 87' lang='lat' dir='ltr'><strong>prae-</strong></span> <span class='ocrx_word' id='word_1_181' title='bbox 1010 2041 1145 2102; x_wconf 90' lang='lat' dir='ltr'><strong>natione</strong></span> <span class='ocrx_word' id='word_1_182' title='bbox 1165 2043 1198 2104; x_wconf 86' lang='lat' dir='ltr'><strong>et</strong></span> <span class='ocrx_word' id='word_1_183' title='bbox 1215 2042 1455 2104; x_wconf 84' lang='lat' dir='ltr'><strong>sustentatione</strong></span> <span class='ocrx_word' id='word_1_184' title='bbox 1468 2059 1627 2106; x_wconf 89' lang='lat' dir='ltr'><strong>concessa</strong></span> <span class='ocrx_word' id='word_1_185' title='bbox 1640 2047 1718 2108; x_wconf 87' lang='lat' dir='ltr'><strong>sunt</strong></span> <span class='ocrx_word' id='word_1_186' title='bbox 1729 2045 1804 2105; x_wconf 90' lang='lat' dir='ltr'><strong>usi·</strong></span> 
     </span>
     <span class='ocr_line' id='line_1_19' title="bbox 99 2137 1804 2218; baseline 0.001 -18"><span class='ocrx_word' id='word_1_187' title='bbox 99 2168 105 2176; x_wconf 90' lang='lat'>·</span> <span class='ocrx_word' id='word_1_188' title='bbox 152 2137 336 2200; x_wconf 88' lang='lat' dir='ltr'><strong>sentiarum</strong></span> <span class='ocrx_word' id='word_1_189' title='bbox 347 2142 437 2216; x_wconf 82' lang='lat' dir='ltr'><strong>juste</strong></span> <span class='ocrx_word' id='word_1_190' title='bbox 453 2141 486 2202; x_wconf 89' lang='lat' dir='ltr'><strong>et</strong></span> <span class='ocrx_word' id='word_1_191' title='bbox 499 2142 660 2204; x_wconf 77' lang='grc'><strong>11111111</strong></span> <span class='ocrx_word' id='word_1_192' title='bbox 672 2141 828 2218; x_wconf 89' lang='lat' dir='ltr'><strong>possidet,</strong></span> <span class='ocrx_word' id='word_1_193' title='bbox 846 2143 953 2204; x_wconf 88' lang='lat' dir='ltr'><strong>autin</strong></span> <span class='ocrx_word' id='word_1_194' title='bbox 1008 2137 1069 2197; x_wconf 90' lang='lat' dir='ltr'><strong>bus</strong></span> <span class='ocrx_word' id='word_1_195' title='bbox 1080 2137 1233 2199; x_wconf 90' lang='lat' dir='ltr'><strong>omnibus</strong></span> <span class='ocrx_word' id='word_1_196' title='bbox 1253 2139 1436 2216; x_wconf 79' lang='lat' dir='ltr'><strong>profutura,</strong></span> <span class='ocrx_word' id='word_1_197' title='bbox 1452 2142 1548 2202; x_wconf 90' lang='lat' dir='ltr'><strong>salva</strong></span> <span class='ocrx_word' id='word_1_198' title='bbox 1575 2141 1669 2202; x_wconf 90' lang='lat' dir='ltr'><strong>Sedis</strong></span> <span class='ocrx_word' id='word_1_199' title='bbox 1693 2146 1804 2218; x_wconf 84' lang='lat' dir='ltr'><strong>Apos-</strong></span> 
     </span>
     <span class='ocr_line' id='line_1_20' title="bbox 153 2234 1802 2318; baseline 0.003 -23"><span class='ocrx_word' id='word_1_200' title='bbox 153 2234 301 2296; x_wconf 84' lang='lat' dir='ltr'><strong>futurum</strong></span> <span class='ocrx_word' id='word_1_201' title='bbox 316 2238 532 2300; x_wconf 88' lang='lat' dir='ltr'><strong>concessione</strong></span> <span class='ocrx_word' id='word_1_202' title='bbox 552 2239 756 2316; x_wconf 80' lang='lat' dir='ltr'><strong>pontificum,</strong></span> <span class='ocrx_word' id='word_1_203' title='bbox 774 2239 954 2318; x_wconf 82' lang='lat' dir='ltr'><strong>largitione</strong></span> <span class='ocrx_word' id='word_1_204' title='bbox 1007 2234 1116 2298; x_wconf 91' lang='lat' dir='ltr'><strong>tolicae</strong></span> <span class='ocrx_word' id='word_1_205' title='bbox 1150 2236 1347 2298; x_wconf 84' lang='lat' dir='ltr'><strong>auctoritate</strong></span> <span class='ocrx_word' id='word_1_206' title='bbox 1384 2238 1417 2298; x_wconf 92' lang='lat' dir='ltr'><strong>et</strong></span> <span class='ocrx_word' id='word_1_207' title='bbox 1442 2237 1622 2300; x_wconf 85' lang='lat' dir='ltr'><strong>dioecesani</strong></span> <span class='ocrx_word' id='word_1_208' title='bbox 1655 2239 1802 2317; x_wconf 88' lang='lat' dir='ltr'><strong>episcopi</strong></span> 
     </span>
     <span class='ocr_line' id='line_1_21' title="bbox 153 2333 1800 2414; baseline 0.004 -22"><span class='ocrx_word' id='word_1_209' title='bbox 153 2348 270 2408; x_wconf 86' lang='lat' dir='ltr'><strong>regum</strong></span> <span class='ocrx_word' id='word_1_210' title='bbox 287 2333 340 2396; x_wconf 90' lang='lat' dir='ltr'><strong>vel</strong></span> <span class='ocrx_word' id='word_1_211' title='bbox 367 2335 566 2412; x_wconf 88' lang='lat' dir='ltr'><strong>principum,</strong></span> <span class='ocrx_word' id='word_1_212' title='bbox 595 2335 763 2398; x_wconf 84' lang='lat' dir='ltr'><strong>oblatione</strong></span> <span class='ocrx_word' id='word_1_213' title='bbox 791 2337 950 2411; x_wconf 83' lang='lat' dir='ltr'><strong>fidelium,</strong></span> <span class='ocrx_word' id='word_1_214' title='bbox 1008 2333 1169 2394; x_wconf 90' lang='lat' dir='ltr'><strong>canonica</strong></span> <span class='ocrx_word' id='word_1_215' title='bbox 1177 2334 1320 2410; x_wconf 89' lang='lat' dir='ltr'><strong>justitia.</strong></span> <span class='ocrx_word' id='word_1_216' title='bbox 1334 2335 1383 2396; x_wconf 81' lang='lat' dir='ltr'><strong>ad</strong></span> <span class='ocrx_word' id='word_1_217' title='bbox 1401 2335 1565 2412; x_wconf 84' lang='lat' dir='ltr'><strong>judicium</strong></span> <span class='ocrx_word' id='word_1_218' title='bbox 1578 2337 1689 2398; x_wconf 91' lang='lat' dir='ltr'><strong>autem</strong></span> <span class='ocrx_word' id='word_1_219' title='bbox 1700 2337 1800 2414; x_wconf 78' lang='lat' dir='ltr'><strong>liujus</strong></span> 
     </span>
     <span class='ocr_line' id='line_1_22' title="bbox 152 2429 1800 2513; baseline 0.002 -23"><span class='ocrx_word' id='word_1_220' title='bbox 152 2445 213 2490; x_wconf 90' lang='lat' dir='ltr'><strong>seu</strong></span> <span class='ocrx_word' id='word_1_221' title='bbox 227 2429 304 2491; x_wconf 88' lang='lat' dir='ltr'><strong>aliis</strong></span> <span class='ocrx_word' id='word_1_222' title='bbox 313 2431 413 2508; x_wconf 87' lang='lat' dir='ltr'><strong>justis</strong></span> <span class='ocrx_word' id='word_1_223' title='bbox 427 2431 544 2505; x_wconf 88' lang='lat' dir='ltr'><strong>modis,</strong></span> <span class='ocrx_word' id='word_1_224' title='bbox 556 2435 734 2510; x_wconf 83' lang='lat' dir='ltr'><strong>praestante</strong></span> <span class='ocrx_word' id='word_1_225' title='bbox 744 2435 883 2497; x_wconf 90' lang='lat' dir='ltr'><strong>Domino</strong></span> <span class='ocrx_word' id='word_1_226' title='bbox 894 2451 954 2513; x_wconf 91' lang='lat' dir='ltr'><strong>po-</strong></span> <span class='ocrx_word' id='word_1_227' title='bbox 1007 2445 1026 2490; x_wconf 91' lang='lat' dir='ltr'><strong>a</strong></span> <span class='ocrx_word' id='word_1_228' title='bbox 1056 2429 1140 2491; x_wconf 87' lang='lat' dir='ltr'><strong>Sede</strong></span> <span class='ocrx_word' id='word_1_229' title='bbox 1165 2431 1355 2507; x_wconf 84' lang='lat' dir='ltr'><strong>Apostolica</strong></span> <span class='ocrx_word' id='word_1_230' title='bbox 1389 2433 1553 2510; x_wconf 90' lang='lat' dir='ltr'><strong>perceptae</strong></span> <span class='ocrx_word' id='word_1_231' title='bbox 1585 2432 1800 2509; x_wconf 88' lang='lat' dir='ltr'><strong>protectionis</strong></span> 
     </span>
     <span class='ocr_line' id='line_1_23' title="bbox 152 2527 1804 2609; baseline 0.004 -21"><span class='ocrx_word' id='word_1_232' title='bbox 152 2527 261 2590; x_wconf 87' lang='lat' dir='ltr'><strong>teritis</strong></span> <span class='ocrx_word' id='word_1_233' title='bbox 287 2527 428 2606; x_wconf 88' lang='lat' dir='ltr'><strong>adipisci</strong></span> <span class='ocrx_word' id='word_1_234' title='bbox 442 2529 538 2592; x_wconf 86' lang='grc'><strong>111111</strong></span> <span class='ocrx_word' id='word_1_235' title='bbox 552 2529 646 2592; x_wconf 91' lang='lat' dir='ltr'><strong>vobis</strong></span> <span class='ocrx_word' id='word_1_236' title='bbox 666 2533 699 2592; x_wconf 89' lang='lat' dir='ltr'><strong>et</strong></span> <span class='ocrx_word' id='word_1_237' title='bbox 712 2531 765 2592; x_wconf 89' lang='grc'><strong>1111</strong></span> <span class='ocrx_word' id='word_1_238' title='bbox 789 2548 862 2609; x_wconf 85' lang='lat' dir='ltr'><strong>quae</strong></span> <span class='ocrx_word' id='word_1_239' title='bbox 879 2537 953 2609; x_wconf 88' lang='lat' dir='ltr'><strong>post</strong></span> <span class='ocrx_word' id='word_1_240' title='bbox 1007 2527 1249 2590; x_wconf 77' lang='lat' dir='ltr'><strong>marabotinum</strong></span> <span class='ocrx_word' id='word_1_241' title='bbox 1269 2545 1372 2590; x_wconf 86' lang='lat' dir='ltr'><strong>unum</strong></span> <span class='ocrx_word' id='word_1_242' title='bbox 1393 2529 1490 2591; x_wconf 83' lang='lat' dir='ltr'><strong>nobis</strong></span> <span class='ocrx_word' id='word_1_243' title='bbox 1511 2530 1700 2606; x_wconf 75' lang='lat' dir='ltr'><strong>nostrisque</strong></span> <span class='ocrx_word' id='word_1_244' title='bbox 1726 2547 1804 2592; x_wconf 84' lang='lat' dir='ltr'><strong>suc-</strong></span> 
     </span>
     <span class='ocr_line' id='line_1_24' title="bbox 156 2623 1803 2706; baseline 0.004 -22"><span class='ocrx_word' id='word_1_245' title='bbox 156 2641 215 2686; x_wconf 91' lang='lat' dir='ltr'><strong>vos</strong></span> <span class='ocrx_word' id='word_1_246' title='bbox 248 2627 470 2689; x_wconf 89' lang='lat' dir='ltr'><strong>successerint</strong></span> <span class='ocrx_word' id='word_1_247' title='bbox 501 2629 535 2690; x_wconf 90' lang='lat' dir='ltr'><strong>et</strong></span> <span class='ocrx_word' id='word_1_248' title='bbox 559 2626 688 2691; x_wconf 84' lang='lat' dir='ltr'><strong>illibata</strong></span> <span class='ocrx_word' id='word_1_249' title='bbox 723 2631 949 2706; x_wconf 81' lang='lat' dir='ltr'><strong>permaneant.</strong></span> <span class='ocrx_word' id='word_1_250' title='bbox 1006 2623 1193 2686; x_wconf 76' lang='lat' dir='ltr'><strong>sessoribus</strong></span> <span class='ocrx_word' id='word_1_251' title='bbox 1208 2626 1305 2686; x_wconf 89' lang='lat' dir='ltr'><strong>annis</strong></span> <span class='ocrx_word' id='word_1_252' title='bbox 1319 2625 1459 2701; x_wconf 90' lang='lat' dir='ltr'><strong>singulis</strong></span> <span class='ocrx_word' id='word_1_253' title='bbox 1471 2624 1679 2702; x_wconf 91' lang='lat' dir='ltr'><strong>persolvetis.</strong></span> <span class='ocrx_word' id='word_1_254' title='bbox 1690 2628 1725 2688; x_wconf 86' lang='lat' dir='ltr'><strong>Si</strong></span> <span class='ocrx_word' id='word_1_255' title='bbox 1738 2644 1803 2703; x_wconf 85' lang='lat' dir='ltr'><strong>qua</strong></span> 
     </span>
    </p>
   </div>
   <div class='ocr_carea' id='block_1_3' title="bbox 151 2720 1803 3096">
    <p class='ocr_par' dir='ltr' id='par_1_3' title="bbox 151 2720 1803 3096">
     <span class='ocr_line' id='line_1_25' title="bbox 155 2720 1803 2802; baseline 0.001 -18"><span class='ocrx_word' id='word_1_256' title='bbox 155 2724 279 2784; x_wconf 75' lang='lat' dir='ltr'><strong>locum</strong></span> <span class='ocrx_word' id='word_1_257' title='bbox 308 2723 426 2801; x_wconf 90' lang='lat' dir='ltr'><strong>ipsum,</strong></span> <span class='ocrx_word' id='word_1_258' title='bbox 448 2725 484 2786; x_wconf 92' lang='lat' dir='ltr'><strong>in</strong></span> <span class='ocrx_word' id='word_1_259' title='bbox 503 2742 568 2802; x_wconf 85' lang='lat' dir='ltr'><strong>quo</strong></span> <span class='ocrx_word' id='word_1_260' title='bbox 585 2726 759 2802; x_wconf 80' lang='lat' dir='ltr'><strong>praesatum</strong></span> <span class='ocrx_word' id='word_1_261' title='bbox 783 2729 953 2790; x_wconf 74' lang='lat' dir='ltr'><strong>monaste-</strong></span> <span class='ocrx_word' id='word_1_262' title='bbox 1006 2720 1109 2795; x_wconf 83' lang='lat' dir='ltr'><strong>igitur</strong></span> <span class='ocrx_word' id='word_1_263' title='bbox 1123 2721 1158 2781; x_wconf 93' lang='lat' dir='ltr'><strong>in</strong></span> <span class='ocrx_word' id='word_1_264' title='bbox 1174 2722 1321 2783; x_wconf 89' lang='lat' dir='ltr'><strong>l&#39;uturum</strong></span> <span class='ocrx_word' id='word_1_265' title='bbox 1345 2722 1574 2786; x_wconf 84' lang='lat' dir='ltr'><strong>ecclesiastica</strong></span> <span class='ocrx_word' id='word_1_266' title='bbox 1590 2723 1803 2786; x_wconf 69' lang='lat' dir='ltr'><strong>secularisve</strong></span> 
     </span>
     <span class='ocr_line' id='line_1_26' title="bbox 155 2817 1802 2902; baseline 0.003 -25"><span class='ocrx_word' id='word_1_267' title='bbox 155 2819 243 2882; x_wconf 87' lang='lat' dir='ltr'><strong>rium</strong></span> <span class='ocrx_word' id='word_1_268' title='bbox 257 2821 356 2883; x_wconf 85' lang='lat' dir='ltr'><strong>situm</strong></span> <span class='ocrx_word' id='word_1_269' title='bbox 369 2823 419 2884; x_wconf 82' lang='lat' dir='ltr'><strong>est</strong></span> <span class='ocrx_word' id='word_1_270' title='bbox 442 2837 517 2886; x_wconf 84' lang='lat' dir='ltr'><strong>cum</strong></span> <span class='ocrx_word' id='word_1_271' title='bbox 532 2822 612 2884; x_wconf 79' lang='lat' dir='ltr'><strong>villa</strong></span> <span class='ocrx_word' id='word_1_272' title='bbox 633 2823 832 2886; x_wconf 78' lang='lat' dir='ltr'><strong>etomnihus</strong></span> <span class='ocrx_word' id='word_1_273' title='bbox 848 2825 952 2902; x_wconf 71' lang='lat' dir='ltr'><strong>perii.</strong></span> <span class='ocrx_word' id='word_1_274' title='bbox 1005 2833 1148 2894; x_wconf 88' lang='lat' dir='ltr'><strong>persona</strong></span> <span class='ocrx_word' id='word_1_275' title='bbox 1183 2817 1271 2880; x_wconf 87' lang='lat' dir='ltr'><strong>banc</strong></span> <span class='ocrx_word' id='word_1_276' title='bbox 1304 2819 1427 2882; x_wconf 89' lang='lat' dir='ltr'><strong>nostrae</strong></span> <span class='ocrx_word' id='word_1_277' title='bbox 1455 2820 1702 2881; x_wconf 89' lang='lat' dir='ltr'><strong>constitutionis</strong></span> <span class='ocrx_word' id='word_1_278' title='bbox 1738 2835 1802 2897; x_wconf 90' lang='lat' dir='ltr'><strong>pa·</strong></span> 
     </span>
     <span class='ocr_line' id='line_1_27' title="bbox 153 2915 1801 2990; baseline 0.001 -12"><span class='ocrx_word' id='word_1_279' title='bbox 153 2919 287 2990; x_wconf 82' lang='lat' dir='ltr'><strong>neutile,</strong></span> <span class='ocrx_word' id='word_1_280' title='bbox 309 2919 484 2981; x_wconf 90' lang='lat' dir='ltr'><strong>ecclesiam</strong></span> <span class='ocrx_word' id='word_1_281' title='bbox 510 2921 621 2983; x_wconf 86' lang='lat' dir='ltr'><strong>Sancti</strong></span> <span class='ocrx_word' id='word_1_282' title='bbox 642 2921 763 2982; x_wconf 88' lang='lat' dir='ltr'><strong>Hilarii</strong></span> <span class='ocrx_word' id='word_1_283' title='bbox 785 2922 883 2983; x_wconf 89' lang='lat' dir='ltr'><strong>sitam</strong></span> <span class='ocrx_word' id='word_1_284' title='bbox 915 2923 951 2984; x_wconf 90' lang='lat' dir='ltr'><strong>in</strong></span> <span class='ocrx_word' id='word_1_285' title='bbox 1005 2915 1118 2990; x_wconf 83' lang='lat' dir='ltr'><strong>ginam</strong></span> <span class='ocrx_word' id='word_1_286' title='bbox 1146 2915 1256 2978; x_wconf 89' lang='lat' dir='ltr'><strong>sciens</strong></span> <span class='ocrx_word' id='word_1_287' title='bbox 1289 2917 1405 2978; x_wconf 90' lang='lat' dir='ltr'><strong>contra</strong></span> <span class='ocrx_word' id='word_1_288' title='bbox 1438 2931 1512 2980; x_wconf 88' lang='lat' dir='ltr'><strong>eam</strong></span> <span class='ocrx_word' id='word_1_289' title='bbox 1532 2919 1657 2978; x_wconf 87' lang='lat' dir='ltr'><strong>temere</strong></span> <span class='ocrx_word' id='word_1_290' title='bbox 1685 2919 1801 2980; x_wconf 89' lang='lat' dir='ltr'><strong>venire</strong></span> 
     </span>
     <span class='ocr_line' id='line_1_28' title="bbox 151 3003 1802 3096; baseline 0.005 -20"><span class='ocrx_word' id='word_1_291' title='bbox 151 3015 333 3077; x_wconf 88' lang='lat' dir='ltr'><strong>tenimento</strong></span> <span class='ocrx_word' id='word_1_292' title='bbox 355 3016 494 3086; x_wconf 86' lang='lat' dir='ltr'><strong>Revelli,</strong></span> <span class='ocrx_word' id='word_1_293' title='bbox 510 3033 585 3079; x_wconf 90' lang='lat' dir='ltr'><strong>cum</strong></span> <span class='ocrx_word' id='word_1_294' title='bbox 606 3017 757 3079; x_wconf 90' lang='lat' dir='ltr'><strong>omnibus</strong></span> <span class='ocrx_word' id='word_1_295' title='bbox 779 3019 951 3096; x_wconf 91' lang='lat' dir='ltr'><strong>pertinen·</strong></span> <span class='ocrx_word' id='word_1_296' title='bbox 1004 3003 1802 3084; x_wconf 65' lang='grc' dir='ltr'><strong>11111111111111111011ήί0110011οηίῑωὶΒί</strong></span> 
     </span>
    </p>
   </div>
   <div class='ocr_carea' id='block_1_4' title="bbox 143 3110 1876 5717">
    <p class='ocr_par' dir='ltr' id='par_1_4' title="bbox 143 3110 1804 4356">
     <span class='ocr_line' id='line_1_29' title="bbox 148 3110 1803 3192; baseline 0.004 -19"><span class='ocrx_word' id='word_1_297' title='bbox 148 3111 205 3173; x_wconf 85' lang='lat' dir='ltr'><strong>tiis</strong></span> <span class='ocrx_word' id='word_1_298' title='bbox 221 3113 301 3185; x_wconf 85' lang='lat' dir='ltr'><strong>suis,</strong></span> <span class='ocrx_word' id='word_1_299' title='bbox 322 3113 497 3176; x_wconf 86' lang='lat' dir='ltr'><strong>ecclesiam</strong></span> <span class='ocrx_word' id='word_1_300' title='bbox 516 3115 628 3177; x_wconf 82' lang='lat' dir='ltr'><strong>sancti</strong></span> <span class='ocrx_word' id='word_1_301' title='bbox 649 3116 782 3192; x_wconf 77' lang='lat' dir='ltr'><strong>Georgii</strong></span> <span class='ocrx_word' id='word_1_302' title='bbox 802 3117 900 3178; x_wconf 85' lang='lat' dir='ltr'><strong>sitam</strong></span> <span class='ocrx_word' id='word_1_303' title='bbox 915 3117 950 3179; x_wconf 89' lang='lat' dir='ltr'><strong>in</strong></span> <span class='ocrx_word' id='word_1_304' title='bbox 1005 3110 1296 3187; x_wconf 79' lang='lat' dir='ltr'><strong>praesumptionem</strong></span> <span class='ocrx_word' id='word_1_305' title='bbox 1326 3126 1420 3172; x_wconf 84' lang='lat' dir='ltr'><strong>suam</strong></span> <span class='ocrx_word' id='word_1_306' title='bbox 1447 3111 1547 3187; x_wconf 83' lang='lat' dir='ltr'><strong>digna</strong></span> <span class='ocrx_word' id='word_1_307' title='bbox 1574 3112 1803 3174; x_wconf 76' lang='lat' dir='ltr'><strong>satisfactione</strong></span> 
     </span>
     <span class='ocr_line' id='line_1_30' title="bbox 147 3208 1804 3291; baseline 0.002 -23"><span class='ocrx_word' id='word_1_308' title='bbox 147 3210 332 3273; x_wconf 87' lang='lat' dir='ltr'><strong>tenimento</strong></span> <span class='ocrx_word' id='word_1_309' title='bbox 367 3212 587 3274; x_wconf 83' lang='lat' dir='ltr'><strong>carmanoliae</strong></span> <span class='ocrx_word' id='word_1_310' title='bbox 621 3229 697 3274; x_wconf 82' lang='lat' dir='ltr'><strong>eum</strong></span> <span class='ocrx_word' id='word_1_311' title='bbox 740 3215 950 3291; x_wconf 76' lang='lat' dir='ltr'><strong>pertinentiis</strong></span> <span class='ocrx_word' id='word_1_312' title='bbox 1004 3208 1199 3279; x_wconf 85' lang='lat' dir='ltr'><strong>correxerit,</strong></span> <span class='ocrx_word' id='word_1_313' title='bbox 1215 3208 1387 3284; x_wconf 88' lang='lat' dir='ltr'><strong>potestatis</strong></span> <span class='ocrx_word' id='word_1_314' title='bbox 1403 3209 1607 3286; x_wconf 87' lang='lat' dir='ltr'><strong>honorisque</strong></span> <span class='ocrx_word' id='word_1_315' title='bbox 1622 3211 1676 3270; x_wconf 90' lang='lat' dir='ltr'><strong>sui</strong></span> <span class='ocrx_word' id='word_1_316' title='bbox 1689 3212 1804 3272; x_wconf 89' lang='lat' dir='ltr'><strong>careat</strong></span> 
     </span>
     <span class='ocr_line' id='line_1_31' title="bbox 149 3305 1803 3384; baseline 0.005 -16"><span class='ocrx_word' id='word_1_317' title='bbox 149 3308 231 3381; x_wconf 82' lang='lat' dir='ltr'><strong>suis,</strong></span> <span class='ocrx_word' id='word_1_318' title='bbox 259 3309 435 3372; x_wconf 83' lang='lat' dir='ltr'><strong>ecelesiam</strong></span> <span class='ocrx_word' id='word_1_319' title='bbox 460 3310 574 3372; x_wconf 81' lang='lat' dir='ltr'><strong>sancti</strong></span> <span class='ocrx_word' id='word_1_320' title='bbox 602 3311 951 3374; x_wconf 75' lang='grc'><strong>1111111111-</strong></span> <span class='ocrx_word' id='word_1_321' title='bbox 1004 3305 1176 3382; x_wconf 73' lang='lat' dir='ltr'><strong>dignitate,</strong></span> <span class='ocrx_word' id='word_1_322' title='bbox 1186 3307 1642 3384; x_wconf 80' lang='lat' dir='ltr'><strong>reamquesedivinojudieio</strong></span> <span class='ocrx_word' id='word_1_323' title='bbox 1650 3321 1693 3368; x_wconf 82' lang='lat' dir='ltr'><strong>ex</strong></span> <span class='ocrx_word' id='word_1_324' title='bbox 1701 3307 1803 3370; x_wconf 86' lang='lat' dir='ltr'><strong>istera</strong></span> 
     </span>
     <span class='ocr_line' id='line_1_32' title="bbox 147 3402 1804 3485; baseline 0.004 -21"><span class='ocrx_word' id='word_1_325' title='bbox 147 3403 259 3465; x_wconf 87' lang='lat' dir='ltr'><strong>mento</strong></span> <span class='ocrx_word' id='word_1_326' title='bbox 279 3404 445 3468; x_wconf 82' lang='lat' dir='ltr'><strong>cavalarii</strong></span> <span class='ocrx_word' id='word_1_327' title='bbox 471 3406 609 3483; x_wconf 80' lang='lat' dir='ltr'><strong>majoris</strong></span> <span class='ocrx_word' id='word_1_328' title='bbox 637 3423 712 3470; x_wconf 88' lang='lat' dir='ltr'><strong>oum</strong></span> <span class='ocrx_word' id='word_1_329' title='bbox 738 3409 949 3485; x_wconf 86' lang='lat' dir='ltr'><strong>pertinentiis</strong></span> <span class='ocrx_word' id='word_1_330' title='bbox 1004 3402 1044 3464; x_wconf 92' lang='lat' dir='ltr'><strong>de</strong></span> <span class='ocrx_word' id='word_1_331' title='bbox 1059 3405 1218 3480; x_wconf 88' lang='lat' dir='ltr'><strong>perpetua</strong></span> <span class='ocrx_word' id='word_1_332' title='bbox 1228 3403 1404 3480; x_wconf 90' lang='lat' dir='ltr'><strong>iniquitate</strong></span> <span class='ocrx_word' id='word_1_333' title='bbox 1419 3407 1609 3480; x_wconf 89' lang='lat' dir='ltr'><strong>cognoscat,</strong></span> <span class='ocrx_word' id='word_1_334' title='bbox 1617 3406 1804 3470; x_wconf 88' lang='lat' dir='ltr'><strong>etasacra·</strong></span> 
     </span>
     <span class='ocr_line' id='line_1_33' title="bbox 149 3500 1801 3578; baseline 0.002 -17"><span class='ocrx_word' id='word_1_335' title='bbox 149 3501 236 3572; x_wconf 89' lang='lat' dir='ltr'><strong>suis,</strong></span> <span class='ocrx_word' id='word_1_336' title='bbox 265 3501 440 3564; x_wconf 87' lang='lat' dir='ltr'><strong>ecclesiam</strong></span> <span class='ocrx_word' id='word_1_337' title='bbox 468 3505 598 3565; x_wconf 89' lang='lat' dir='ltr'><strong>Sanctae</strong></span> <span class='ocrx_word' id='word_1_338' title='bbox 630 3504 747 3566; x_wconf 88' lang='lat' dir='ltr'><strong>Mariae</strong></span> <span class='ocrx_word' id='word_1_339' title='bbox 780 3507 884 3568; x_wconf 82' lang='lat' dir='ltr'><strong>Novae</strong></span> <span class='ocrx_word' id='word_1_340' title='bbox 909 3506 950 3568; x_wconf 90' lang='lat' dir='ltr'><strong>de</strong></span> <span class='ocrx_word' id='word_1_341' title='bbox 1003 3500 1132 3562; x_wconf 87' lang='lat' dir='ltr'><strong>tissime</strong></span> <span class='ocrx_word' id='word_1_342' title='bbox 1147 3517 1285 3578; x_wconf 90' lang='lat' dir='ltr'><strong>corpore</strong></span> <span class='ocrx_word' id='word_1_343' title='bbox 1299 3503 1333 3564; x_wconf 86' lang='lat' dir='ltr'><strong>et</strong></span> <span class='ocrx_word' id='word_1_344' title='bbox 1347 3503 1511 3578; x_wconf 83' lang='lat' dir='ltr'><strong>sanguine</strong></span> <span class='ocrx_word' id='word_1_345' title='bbox 1531 3502 1590 3564; x_wconf 90' lang='lat' dir='ltr'><strong>Dei</strong></span> <span class='ocrx_word' id='word_1_346' title='bbox 1612 3505 1646 3564; x_wconf 90' lang='lat' dir='ltr'><strong>et</strong></span> <span class='ocrx_word' id='word_1_347' title='bbox 1668 3503 1801 3565; x_wconf 86' lang='lat' dir='ltr'><strong>Domini</strong></span> 
     </span>
     <span class='ocr_line' id='line_1_34' title="bbox 147 3596 1801 3680; baseline 0.002 -22"><span class='ocrx_word' id='word_1_348' title='bbox 147 3598 314 3670; x_wconf 88' lang='lat' dir='ltr'><strong>Pulentia‚</strong></span> <span class='ocrx_word' id='word_1_349' title='bbox 340 3615 415 3660; x_wconf 91' lang='lat' dir='ltr'><strong>cum</strong></span> <span class='ocrx_word' id='word_1_350' title='bbox 444 3601 655 3677; x_wconf 84' lang='lat' dir='ltr'><strong>pertinentiis</strong></span> <span class='ocrx_word' id='word_1_351' title='bbox 679 3603 760 3675; x_wconf 90' lang='lat' dir='ltr'><strong>suis,</strong></span> <span class='ocrx_word' id='word_1_352' title='bbox 787 3603 948 3680; x_wconf 90' lang='lat' dir='ltr'><strong>capellam</strong></span> <span class='ocrx_word' id='word_1_353' title='bbox 1004 3596 1329 3674; x_wconf 82' lang='lat' dir='ltr'><strong>Redemptorisdesu</strong></span> <span class='ocrx_word' id='word_1_354' title='bbox 1352 3600 1475 3661; x_wconf 86' lang='lat' dir='ltr'><strong>Christi</strong></span> <span class='ocrx_word' id='word_1_355' title='bbox 1490 3599 1601 3662; x_wconf 89' lang='lat' dir='ltr'><strong>aliena</strong></span> <span class='ocrx_word' id='word_1_356' title='bbox 1616 3600 1685 3673; x_wconf 84' lang='lat' dir='ltr'><strong>ilat,</strong></span> <span class='ocrx_word' id='word_1_357' title='bbox 1702 3603 1801 3678; x_wconf 86' lang='lat' dir='ltr'><strong>atque</strong></span> 
     </span>
     <span class='ocr_line' id='line_1_35' title="bbox 149 3694 1802 3776; baseline 0.004 -22"><span class='ocrx_word' id='word_1_358' title='bbox 149 3695 279 3756; x_wconf 88' lang='lat' dir='ltr'><strong>Sanctae</strong></span> <span class='ocrx_word' id='word_1_359' title='bbox 290 3695 406 3757; x_wconf 85' lang='lat' dir='ltr'><strong>Mariae</strong></span> <span class='ocrx_word' id='word_1_360' title='bbox 422 3697 605 3758; x_wconf 82' lang='lat' dir='ltr'><strong>Gavalleris</strong></span> <span class='ocrx_word' id='word_1_361' title='bbox 619 3699 759 3760; x_wconf 88' lang='lat' dir='ltr'><strong>minoris</strong></span> <span class='ocrx_word' id='word_1_362' title='bbox 780 3715 854 3760; x_wconf 86' lang='lat' dir='ltr'><strong>curn</strong></span> <span class='ocrx_word' id='word_1_363' title='bbox 872 3713 950 3776; x_wconf 89' lang='lat' dir='ltr'><strong>per-</strong></span> <span class='ocrx_word' id='word_1_364' title='bbox 1003 3694 1038 3756; x_wconf 91' lang='lat' dir='ltr'><strong>in</strong></span> <span class='ocrx_word' id='word_1_365' title='bbox 1053 3698 1202 3758; x_wconf 82' lang='lat' dir='ltr'><strong>extremo</strong></span> <span class='ocrx_word' id='word_1_366' title='bbox 1212 3697 1368 3759; x_wconf 82' lang='lat' dir='ltr'><strong>examine</strong></span> <span class='ocrx_word' id='word_1_367' title='bbox 1382 3696 1542 3760; x_wconf 90' lang='lat' dir='ltr'><strong>districtae</strong></span> <span class='ocrx_word' id='word_1_368' title='bbox 1556 3697 1675 3760; x_wconf 91' lang='lat' dir='ltr'><strong>ultioni</strong></span> <span class='ocrx_word' id='word_1_369' title='bbox 1687 3697 1802 3774; x_wconf 87' lang='lat' dir='ltr'><strong>subja-</strong></span> 
     </span>
     <span class='ocr_line' id='line_1_36' title="bbox 145 3790 1803 3875; baseline 0.004 -23"><span class='ocrx_word' id='word_1_370' title='bbox 145 3790 297 3852; x_wconf 86' lang='lat' dir='ltr'><strong>tinentiis</strong></span> <span class='ocrx_word' id='word_1_371' title='bbox 321 3793 402 3864; x_wconf 88' lang='lat' dir='ltr'><strong>suis,</strong></span> <span class='ocrx_word' id='word_1_372' title='bbox 435 3797 586 3870; x_wconf 89' lang='lat' dir='ltr'><strong>quartam</strong></span> <span class='ocrx_word' id='word_1_373' title='bbox 615 3795 742 3872; x_wconf 89' lang='lat' dir='ltr'><strong>partem</strong></span> <span class='ocrx_word' id='word_1_374' title='bbox 763 3796 853 3858; x_wconf 81' lang='lat' dir='ltr'><strong>villoe</strong></span> <span class='ocrx_word' id='word_1_375' title='bbox 875 3813 948 3875; x_wconf 81' lang='lat' dir='ltr'><strong>quae</strong></span> <span class='ocrx_word' id='word_1_376' title='bbox 1002 3793 1086 3856; x_wconf 86' lang='grc'><strong>1111.</strong></span> <span class='ocrx_word' id='word_1_377' title='bbox 1117 3794 1250 3856; x_wconf 86' lang='lat' dir='ltr'><strong>Cunctis</strong></span> <span class='ocrx_word' id='word_1_378' title='bbox 1272 3797 1383 3856; x_wconf 89' lang='lat' dir='ltr'><strong>autem</strong></span> <span class='ocrx_word' id='word_1_379' title='bbox 1408 3795 1515 3856; x_wconf 90' lang='lat' dir='ltr'><strong>eidem</strong></span> <span class='ocrx_word' id='word_1_380' title='bbox 1543 3795 1617 3858; x_wconf 92' lang='lat' dir='ltr'><strong>loco</strong></span> <span class='ocrx_word' id='word_1_381' title='bbox 1638 3812 1699 3858; x_wconf 90' lang='lat' dir='ltr'><strong>sua</strong></span> <span class='ocrx_word' id='word_1_382' title='bbox 1723 3798 1803 3873; x_wconf 84' lang='lat' dir='ltr'><strong>jura</strong></span> 
     </span>
     <span class='ocr_line' id='line_1_37' title="bbox 146 3887 1802 3969; baseline 0.004 -22"><span class='ocrx_word' id='word_1_383' title='bbox 146 3887 268 3949; x_wconf 89' lang='lat' dir='ltr'><strong>dicitur</strong></span> <span class='ocrx_word' id='word_1_384' title='bbox 282 3889 452 3951; x_wconf 73' lang='lat' dir='ltr'><strong>saliorum</strong></span> <span class='ocrx_word' id='word_1_385' title='bbox 474 3892 508 3953; x_wconf 91' lang='lat' dir='ltr'><strong>et</strong></span> <span class='ocrx_word' id='word_1_386' title='bbox 529 3907 568 3953; x_wconf 89' lang='lat' dir='ltr'><strong>ea</strong></span> <span class='ocrx_word' id='word_1_387' title='bbox 590 3907 664 3969; x_wconf 85' lang='lat' dir='ltr'><strong>quae</strong></span> <span class='ocrx_word' id='word_1_388' title='bbox 686 3892 727 3954; x_wconf 90' lang='lat' dir='ltr'><strong>ad</strong></span> <span class='ocrx_word' id='word_1_389' title='bbox 752 3895 948 3956; x_wconf 88' lang='lat' dir='ltr'><strong>Damanium</strong></span> <span class='ocrx_word' id='word_1_390' title='bbox 1003 3891 1226 3964; x_wconf 88' lang='lat' dir='ltr'><strong>servantibus,</strong></span> <span class='ocrx_word' id='word_1_391' title='bbox 1250 3893 1293 3955; x_wconf 90' lang='lat' dir='ltr'><strong>sit</strong></span> <span class='ocrx_word' id='word_1_392' title='bbox 1329 3908 1397 3969; x_wconf 80' lang='lat' dir='ltr'><strong>pax</strong></span> <span class='ocrx_word' id='word_1_393' title='bbox 1425 3892 1556 3954; x_wconf 87' lang='lat' dir='ltr'><strong>bomini</strong></span> <span class='ocrx_word' id='word_1_394' title='bbox 1591 3893 1697 3955; x_wconf 90' lang='lat' dir='ltr'><strong>nostri</strong></span> <span class='ocrx_word' id='word_1_395' title='bbox 1722 3894 1802 3955; x_wconf 81' lang='lat' dir='ltr'><strong>iesu</strong></span> 
     </span>
     <span class='ocr_line' id='line_1_38' title="bbox 147 3984 1802 4067; baseline 0.005 -23"><span class='ocrx_word' id='word_1_396' title='bbox 147 3984 288 4058; x_wconf 88' lang='lat' dir='ltr'><strong>habetis,</strong></span> <span class='ocrx_word' id='word_1_397' title='bbox 303 3985 426 4050; x_wconf 92' lang='lat' dir='ltr'><strong>ibidem</strong></span> <span class='ocrx_word' id='word_1_398' title='bbox 437 3989 613 4051; x_wconf 90' lang='lat' dir='ltr'><strong>ecclesiam</strong></span> <span class='ocrx_word' id='word_1_399' title='bbox 630 3991 760 4052; x_wconf 76' lang='lat' dir='ltr'><strong>Sancta</strong></span> <span class='ocrx_word' id='word_1_400' title='bbox 778 3991 895 4052; x_wconf 87' lang='lat' dir='ltr'><strong>Mariae</strong></span> <span class='ocrx_word' id='word_1_401' title='bbox 907 3991 948 4054; x_wconf 92' lang='lat' dir='ltr'><strong>de</strong></span> <span class='ocrx_word' id='word_1_402' title='bbox 1003 3988 1126 4050; x_wconf 85' lang='lat' dir='ltr'><strong>Christi</strong></span> <span class='ocrx_word' id='word_1_403' title='bbox 1141 3990 1305 4067; x_wconf 86' lang='lat' dir='ltr'><strong>quatenus</strong></span> <span class='ocrx_word' id='word_1_404' title='bbox 1320 3991 1352 4052; x_wconf 91' lang='lat' dir='ltr'><strong>at</strong></span> <span class='ocrx_word' id='word_1_405' title='bbox 1367 3989 1403 4050; x_wconf 88' lang='grc'><strong>111</strong></span> <span class='ocrx_word' id='word_1_406' title='bbox 1418 3989 1562 4052; x_wconf 80' lang='lat' dir='ltr'><strong>fructum</strong></span> <span class='ocrx_word' id='word_1_407' title='bbox 1584 3989 1679 4052; x_wconf 81' lang='lat' dir='ltr'><strong>bonae</strong></span> <span class='ocrx_word' id='word_1_408' title='bbox 1695 3990 1802 4052; x_wconf 90' lang='lat' dir='ltr'><strong>actio-</strong></span> 
     </span>
     <span class='ocr_line' id='line_1_39' title="bbox 147 4085 1801 4164; baseline 0.003 -21"><span class='ocrx_word' id='word_1_409' title='bbox 147 4085 248 4144; x_wconf 87' lang='lat' dir='ltr'><strong>Porta</strong></span> <span class='ocrx_word' id='word_1_410' title='bbox 260 4085 411 4147; x_wconf 87' lang='lat' dir='ltr'><strong>Mauritii</strong></span> <span class='ocrx_word' id='word_1_411' title='bbox 427 4102 502 4148; x_wconf 90' lang='lat' dir='ltr'><strong>oum</strong></span> <span class='ocrx_word' id='word_1_412' title='bbox 516 4087 754 4164; x_wconf 86' lang='lat' dir='ltr'><strong>omnibusquae</strong></span> <span class='ocrx_word' id='word_1_413' title='bbox 767 4087 897 4152; x_wconf 87' lang='lat' dir='ltr'><strong>habetis</strong></span> <span class='ocrx_word' id='word_1_414' title='bbox 912 4090 947 4150; x_wconf 92' lang='lat' dir='ltr'><strong>in</strong></span> <span class='ocrx_word' id='word_1_415' title='bbox 1002 4085 1054 4146; x_wconf 90' lang='lat' dir='ltr'><strong>nis</strong></span> <span class='ocrx_word' id='word_1_416' title='bbox 1078 4086 1265 4162; x_wconf 91' lang='lat' dir='ltr'><strong>percipiant</strong></span> <span class='ocrx_word' id='word_1_417' title='bbox 1288 4085 1321 4147; x_wconf 93' lang='lat' dir='ltr'><strong>et</strong></span> <span class='ocrx_word' id='word_1_418' title='bbox 1340 4087 1426 4162; x_wconf 90' lang='lat' dir='ltr'><strong>apud</strong></span> <span class='ocrx_word' id='word_1_419' title='bbox 1443 4085 1630 4148; x_wconf 89' lang='lat' dir='ltr'><strong>districtum</strong></span> <span class='ocrx_word' id='word_1_420' title='bbox 1653 4087 1801 4163; x_wconf 88' lang='lat' dir='ltr'><strong>judicem</strong></span> 
     </span>
     <span class='ocr_line' id='line_1_40' title="bbox 146 4180 1799 4262; baseline 0.003 -22"><span class='ocrx_word' id='word_1_421' title='bbox 146 4180 228 4242; x_wconf 89' lang='lat' dir='ltr'><strong>villa</strong></span> <span class='ocrx_word' id='word_1_422' title='bbox 243 4181 276 4243; x_wconf 91' lang='lat' dir='ltr'><strong>et</strong></span> <span class='ocrx_word' id='word_1_423' title='bbox 289 4182 427 4244; x_wconf 87' lang='lat' dir='ltr'><strong>castello</strong></span> <span class='ocrx_word' id='word_1_424' title='bbox 441 4183 559 4259; x_wconf 89' lang='lat' dir='ltr'><strong>ipsius,</strong></span> <span class='ocrx_word' id='word_1_425' title='bbox 572 4187 823 4262; x_wconf 86' lang='lat' dir='ltr'><strong>procurationes</strong></span> <span class='ocrx_word' id='word_1_426' title='bbox 837 4186 946 4248; x_wconf 87' lang='lat' dir='ltr'><strong>etalia</strong></span> <span class='ocrx_word' id='word_1_427' title='bbox 1002 4183 1139 4258; x_wconf 88' lang='lat' dir='ltr'><strong>praemia</strong></span> <span class='ocrx_word' id='word_1_428' title='bbox 1176 4182 1310 4243; x_wconf 73' lang='lat' dir='ltr'><strong>eternae</strong></span> <span class='ocrx_word' id='word_1_429' title='bbox 1349 4183 1441 4260; x_wconf 88' lang='lat' dir='ltr'><strong>pacis</strong></span> <span class='ocrx_word' id='word_1_430' title='bbox 1465 4183 1649 4246; x_wconf 87' lang='lat' dir='ltr'><strong>inveniant.</strong></span> <span class='ocrx_word' id='word_1_431' title='bbox 1682 4187 1799 4245; x_wconf 84' lang='lat' dir='ltr'><strong>Arnen.</strong></span> 
     </span>
     <span class='ocr_line' id='line_1_41' title="bbox 143 4279 1257 4356; baseline 0 -18"><span class='ocrx_word' id='word_1_432' title='bbox 143 4279 222 4354; x_wconf 86' lang='lat' dir='ltr'><strong>jnra</strong></span> <span class='ocrx_word' id='word_1_433' title='bbox 245 4295 318 4356; x_wconf 87' lang='lat' dir='ltr'><strong>quae</strong></span> <span class='ocrx_word' id='word_1_434' title='bbox 337 4279 468 4342; x_wconf 85' lang='lat' dir='ltr'><strong>habetis</strong></span> <span class='ocrx_word' id='word_1_435' title='bbox 490 4281 525 4341; x_wconf 93' lang='lat' dir='ltr'><strong>in</strong></span> <span class='ocrx_word' id='word_1_436' title='bbox 545 4281 683 4344; x_wconf 90' lang='lat' dir='ltr'><strong>castello</strong></span> <span class='ocrx_word' id='word_1_437' title='bbox 704 4284 898 4355; x_wconf 87' lang='lat' dir='ltr'><strong>zuccarelli,</strong></span> <span class='ocrx_word' id='word_1_438' title='bbox 915 4293 948 4346; x_wconf 93' lang='lat' dir='ltr'><strong>et</strong></span> <span class='ocrx_word' id='word_1_439' title='bbox 1001 4282 1116 4340; x_wconf 87' lang='lat' dir='ltr'><strong>Amen.</strong></span> <span class='ocrx_word' id='word_1_440' title='bbox 1141 4283 1257 4340; x_wconf 85' lang='lat' dir='ltr'><strong>Amen.</strong></span> 
     </span>
    </p>

    <p class='ocr_par' dir='ltr' id='par_1_5' title="bbox 147 4374 1802 4551">
     <span class='ocr_line' id='line_1_42' title="bbox 148 4374 1802 4456; baseline 0.002 -20"><span class='ocrx_word' id='word_1_441' title='bbox 148 4375 285 4438; x_wconf 89' lang='lat' dir='ltr'><strong>castello</strong></span> <span class='ocrx_word' id='word_1_442' title='bbox 307 4375 423 4450; x_wconf 83' lang='lat' dir='ltr'><strong>coede,</strong></span> <span class='ocrx_word' id='word_1_443' title='bbox 452 4379 702 4454; x_wconf 84' lang='lat' dir='ltr'><strong>procurationes</strong></span> <span class='ocrx_word' id='word_1_444' title='bbox 726 4381 845 4442; x_wconf 88' lang='lat' dir='ltr'><strong>atalia</strong></span> <span class='ocrx_word' id='word_1_445' title='bbox 869 4383 946 4456; x_wconf 90' lang='lat' dir='ltr'><strong>jura</strong></span> <span class='ocrx_word' id='word_1_446' title='bbox 1041 4378 1110 4451; x_wconf 80' lang='lat' dir='ltr'><strong>ligo</strong></span> <span class='ocrx_word' id='word_1_447' title='bbox 1125 4375 1292 4438; x_wconf 88' lang='lat' dir='ltr'><strong>Honorius</strong></span> <span class='ocrx_word' id='word_1_448' title='bbox 1311 4374 1491 4438; x_wconf 83' lang='lat' dir='ltr'><strong>Catholicae</strong></span> <span class='ocrx_word' id='word_1_449' title='bbox 1505 4376 1662 4440; x_wconf 72' lang='lat' dir='ltr'><strong>Ecclesia</strong></span> <span class='ocrx_word' id='word_1_450' title='bbox 1677 4377 1802 4456; x_wconf 89' lang='lat' dir='ltr'><strong>episco-</strong></span> 
     </span>
     <span class='ocr_line' id='line_1_43' title="bbox 147 4474 1075 4551; baseline -0.003 -16"><span class='ocrx_word' id='word_1_451' title='bbox 147 4491 221 4551; x_wconf 85' lang='lat' dir='ltr'><strong>quae</strong></span> <span class='ocrx_word' id='word_1_452' title='bbox 241 4474 372 4536; x_wconf 86' lang='lat' dir='ltr'><strong>habetis</strong></span> <span class='ocrx_word' id='word_1_453' title='bbox 387 4474 423 4536; x_wconf 89' lang='lat' dir='ltr'><strong>in</strong></span> <span class='ocrx_word' id='word_1_454' title='bbox 438 4474 739 4538; x_wconf 78' lang='lat' dir='ltr'><strong>castellooarossii</strong></span> <span class='ocrx_word' id='word_1_455' title='bbox 762 4478 795 4538; x_wconf 95' lang='lat' dir='ltr'><strong>et</strong></span> <span class='ocrx_word' id='word_1_456' title='bbox 816 4478 946 4540; x_wconf 88' lang='lat' dir='ltr'><strong>invilla</strong></span> <span class='ocrx_word' id='word_1_457' title='bbox 1001 4488 1075 4549; x_wconf 86' lang='lat' dir='ltr'><strong>pus.</strong></span> 
     </span>
    </p>

    <p class='ocr_par' dir='ltr' id='par_1_6' title="bbox 143 4561 1800 4942">
     <span class='ocr_line' id='line_1_44' title="bbox 149 4561 1708 4650; baseline 0.001 -19"><span class='ocrx_word' id='word_1_458' title='bbox 149 4572 297 4648; x_wconf 89' lang='lat' dir='ltr'><strong>ejusdem</strong></span> <span class='ocrx_word' id='word_1_459' title='bbox 322 4572 399 4644; x_wconf 91' lang='lat' dir='ltr'><strong>loci,</strong></span> <span class='ocrx_word' id='word_1_460' title='bbox 416 4575 495 4650; x_wconf 89' lang='lat' dir='ltr'><strong>jura</strong></span> <span class='ocrx_word' id='word_1_461' title='bbox 517 4589 591 4650; x_wconf 88' lang='lat' dir='ltr'><strong>quae</strong></span> <span class='ocrx_word' id='word_1_462' title='bbox 612 4571 741 4636; x_wconf 87' lang='lat' dir='ltr'><strong>habetis</strong></span> <span class='ocrx_word' id='word_1_463' title='bbox 763 4573 894 4636; x_wconf 88' lang='lat' dir='ltr'><strong>invilla</strong></span> <span class='ocrx_word' id='word_1_464' title='bbox 913 4579 947 4638; x_wconf 90' lang='lat' dir='ltr'><strong>et</strong></span> <span class='ocrx_word' id='word_1_465' title='bbox 1013 4561 1017 4570; x_wconf 74' lang='grc'><strong>“</strong></span> <span class='ocrx_word' id='word_1_466' title='bbox 1041 4573 1108 4646; x_wconf 83' lang='lat' dir='ltr'><strong>Ego</strong></span> <span class='ocrx_word' id='word_1_467' title='bbox 1124 4571 1285 4632; x_wconf 89' lang='lat' dir='ltr'><strong>Nicolaus</strong></span> <span class='ocrx_word' id='word_1_468' title='bbox 1298 4571 1507 4633; x_wconf 86' lang='lat' dir='ltr'><strong>Tusculanus</strong></span> <span class='ocrx_word' id='word_1_469' title='bbox 1522 4572 1708 4650; x_wconf 90' lang='lat' dir='ltr'><strong>episcopus.</strong></span> 
     </span>
     <span class='ocr_line' id='line_1_45' title="bbox 148 4667 1671 4747; baseline 0.001 -17"><span class='ocrx_word' id='word_1_470' title='bbox 148 4669 286 4732; x_wconf 85' lang='lat' dir='ltr'><strong>castello</strong></span> <span class='ocrx_word' id='word_1_471' title='bbox 313 4670 353 4732; x_wconf 94' lang='lat' dir='ltr'><strong>de</strong></span> <span class='ocrx_word' id='word_1_472' title='bbox 375 4673 537 4743; x_wconf 88' lang='lat' dir='ltr'><strong>Banasco,</strong></span> <span class='ocrx_word' id='word_1_473' title='bbox 559 4670 673 4732; x_wconf 89' lang='lat' dir='ltr'><strong>villam</strong></span> <span class='ocrx_word' id='word_1_474' title='bbox 688 4671 729 4733; x_wconf 94' lang='grc'><strong>11</strong></span> <span class='ocrx_word' id='word_1_475' title='bbox 753 4673 855 4734; x_wconf 90' lang='lat' dir='ltr'><strong>Dulce</strong></span> <span class='ocrx_word' id='word_1_476' title='bbox 870 4689 945 4736; x_wconf 90' lang='lat' dir='ltr'><strong>oum</strong></span> <span class='ocrx_word' id='word_1_477' title='bbox 1040 4670 1108 4744; x_wconf 83' lang='lat' dir='ltr'><strong>Ego</strong></span> <span class='ocrx_word' id='word_1_478' title='bbox 1123 4667 1229 4730; x_wconf 82' lang='lat' dir='ltr'><strong>Guido</strong></span> <span class='ocrx_word' id='word_1_479' title='bbox 1243 4668 1470 4730; x_wconf 80' lang='lat' dir='ltr'><strong>Praenestinus</strong></span> <span class='ocrx_word' id='word_1_480' title='bbox 1485 4669 1671 4747; x_wconf 88' lang='lat' dir='ltr'><strong>episcopus.</strong></span> 
     </span>
     <span class='ocr_line' id='line_1_46' title="bbox 147 4767 1800 4847; baseline 0.003 -19"><span class='ocrx_word' id='word_1_481' title='bbox 147 4767 300 4828; x_wconf 89' lang='lat' dir='ltr'><strong>omnibus</strong></span> <span class='ocrx_word' id='word_1_482' title='bbox 319 4768 530 4844; x_wconf 91' lang='lat' dir='ltr'><strong>pertinentiis</strong></span> <span class='ocrx_word' id='word_1_483' title='bbox 546 4768 627 4840; x_wconf 89' lang='lat' dir='ltr'><strong>suis,</strong></span> <span class='ocrx_word' id='word_1_484' title='bbox 646 4770 897 4847; x_wconf 87' lang='lat' dir='ltr'><strong>procurationes</strong></span> <span class='ocrx_word' id='word_1_485' title='bbox 913 4773 946 4834; x_wconf 90' lang='lat' dir='ltr'><strong>et</strong></span> <span class='ocrx_word' id='word_1_486' title='bbox 1039 4768 1108 4841; x_wconf 74' lang='lat' dir='ltr'><strong>Ego</strong></span> <span class='ocrx_word' id='word_1_487' title='bbox 1137 4768 1255 4828; x_wconf 81' lang='lat' dir='ltr'><strong>Petrus</strong></span> <span class='ocrx_word' id='word_1_488' title='bbox 1283 4767 1408 4828; x_wconf 68' lang='lat' dir='ltr'><strong>sancte</strong></span> <span class='ocrx_word' id='word_1_489' title='bbox 1441 4767 1676 4830; x_wconf 79' lang='lat' dir='ltr'><strong>Prudentianae</strong></span> <span class='ocrx_word' id='word_1_490' title='bbox 1710 4768 1800 4831; x_wconf 86' lang='lat' dir='ltr'><strong>tituli</strong></span> 
     </span>
     <span class='ocr_line' id='line_1_47' title="bbox 143 4857 1535 4942; baseline 0.001 -18"><span class='ocrx_word' id='word_1_491' title='bbox 143 4867 222 4942; x_wconf 87' lang='lat' dir='ltr'><strong>jura</strong></span> <span class='ocrx_word' id='word_1_492' title='bbox 235 4862 448 4940; x_wconf 84' lang='lat' dir='ltr'><strong>quaehabetis</strong></span> <span class='ocrx_word' id='word_1_493' title='bbox 470 4865 505 4926; x_wconf 92' lang='lat' dir='ltr'><strong>in</strong></span> <span class='ocrx_word' id='word_1_494' title='bbox 519 4865 657 4926; x_wconf 89' lang='lat' dir='ltr'><strong>castello</strong></span> <span class='ocrx_word' id='word_1_495' title='bbox 671 4867 704 4928; x_wconf 87' lang='lat' dir='ltr'><strong>et</strong></span> <span class='ocrx_word' id='word_1_496' title='bbox 724 4866 804 4928; x_wconf 90' lang='lat' dir='ltr'><strong>villa</strong></span> <span class='ocrx_word' id='word_1_497' title='bbox 826 4867 867 4930; x_wconf 90' lang='lat' dir='ltr'><strong>de</strong></span> <span class='ocrx_word' id='word_1_498' title='bbox 886 4869 946 4930; x_wconf 92' lang='lat' dir='ltr'><strong>Ri-</strong></span> <span class='ocrx_word' id='word_1_499' title='bbox 1000 4863 1150 4926; x_wconf 88' lang='lat' dir='ltr'><strong>Pastoris</strong></span> <span class='ocrx_word' id='word_1_500' title='bbox 1160 4857 1333 4941; x_wconf 85' lang='lat' dir='ltr'><strong>presb&#39;yter</strong></span> <span class='ocrx_word' id='word_1_501' title='bbox 1343 4864 1535 4925; x_wconf 90' lang='lat' dir='ltr'><strong>cardinalis.</strong></span> 
     </span>
    </p>

    <p class='ocr_par' dir='ltr' id='par_1_7' title="bbox 147 4961 1797 5138">
     <span class='ocr_line' id='line_1_48' title="bbox 147 4961 1797 5042; baseline 0.001 -20"><span class='ocrx_word' id='word_1_502' title='bbox 147 4961 235 5032; x_wconf 91' lang='lat' dir='ltr'><strong>vola,</strong></span> <span class='ocrx_word' id='word_1_503' title='bbox 250 4961 283 5022; x_wconf 90' lang='lat' dir='ltr'><strong>ct</strong></span> <span class='ocrx_word' id='word_1_504' title='bbox 299 4961 335 5022; x_wconf 93' lang='lat' dir='ltr'><strong>in</strong></span> <span class='ocrx_word' id='word_1_505' title='bbox 350 4962 429 5024; x_wconf 89' lang='lat' dir='ltr'><strong>villa</strong></span> <span class='ocrx_word' id='word_1_506' title='bbox 445 4978 519 5040; x_wconf 80' lang='lat' dir='ltr'><strong>quae</strong></span> <span class='ocrx_word' id='word_1_507' title='bbox 534 4963 656 5026; x_wconf 89' lang='lat' dir='ltr'><strong>dicitur</strong></span> <span class='ocrx_word' id='word_1_508' title='bbox 668 4963 856 5036; x_wconf 88' lang='lat' dir='ltr'><strong>Bricaraso,</strong></span> <span class='ocrx_word' id='word_1_509' title='bbox 872 4981 946 5042; x_wconf 92' lang='lat' dir='ltr'><strong>pro-</strong></span> <span class='ocrx_word' id='word_1_510' title='bbox 1039 4963 1108 5038; x_wconf 80' lang='lat' dir='ltr'><strong>ligo</strong></span> <span class='ocrx_word' id='word_1_511' title='bbox 1132 4962 1312 5037; x_wconf 78' lang='lat' dir='ltr'><strong>Gregorius</strong></span> <span class='ocrx_word' id='word_1_512' title='bbox 1335 4961 1424 5023; x_wconf 92' lang='lat' dir='ltr'><strong>tituli</strong></span> <span class='ocrx_word' id='word_1_513' title='bbox 1457 4963 1582 5024; x_wconf 83' lang='lat' dir='ltr'><strong>sanctae</strong></span> <span class='ocrx_word' id='word_1_514' title='bbox 1609 4963 1797 5025; x_wconf 66' lang='lat' dir='ltr'><strong>Anastasia</strong></span> 
     </span>
     <span class='ocr_line' id='line_1_49' title="bbox 147 5047 1374 5138; baseline -0.002 -18"><span class='ocrx_word' id='word_1_515' title='bbox 147 5058 338 5120; x_wconf 86' lang='lat' dir='ltr'><strong>curationes</strong></span> <span class='ocrx_word' id='word_1_516' title='bbox 352 5062 386 5120; x_wconf 93' lang='lat' dir='ltr'><strong>et</strong></span> <span class='ocrx_word' id='word_1_517' title='bbox 399 5047 478 5135; x_wconf 88' lang='lat' dir='ltr'><strong>jura</strong></span> <span class='ocrx_word' id='word_1_518' title='bbox 498 5077 571 5138; x_wconf 87' lang='lat' dir='ltr'><strong>quae</strong></span> <span class='ocrx_word' id='word_1_519' title='bbox 592 5060 723 5122; x_wconf 90' lang='lat' dir='ltr'><strong>habetis</strong></span> <span class='ocrx_word' id='word_1_520' title='bbox 746 5062 782 5122; x_wconf 92' lang='lat' dir='ltr'><strong>in</strong></span> <span class='ocrx_word' id='word_1_521' title='bbox 803 5063 944 5124; x_wconf 88' lang='lat' dir='ltr'><strong>ecelesia</strong></span> <span class='ocrx_word' id='word_1_522' title='bbox 998 5058 1171 5136; x_wconf 83' lang='lat' dir='ltr'><strong>presbyter</strong></span> <span class='ocrx_word' id='word_1_523' title='bbox 1183 5057 1374 5120; x_wconf 87' lang='lat' dir='ltr'><strong>cardinalis.</strong></span> 
     </span>
    </p>

    <p class='ocr_par' dir='ltr' id='par_1_8' title="bbox 147 5149 1797 5330">
     <span class='ocr_line' id='line_1_50' title="bbox 148 5149 1797 5236; baseline 0.003 -18"><span class='ocrx_word' id='word_1_524' title='bbox 148 5155 262 5218; x_wconf 85' lang='lat' dir='ltr'><strong>Sancti</strong></span> <span class='ocrx_word' id='word_1_525' title='bbox 276 5154 408 5216; x_wconf 88' lang='lat' dir='ltr'><strong>Nicolai</strong></span> <span class='ocrx_word' id='word_1_526' title='bbox 424 5156 464 5216; x_wconf 92' lang='lat' dir='ltr'><strong>de</strong></span> <span class='ocrx_word' id='word_1_527' title='bbox 479 5156 619 5230; x_wconf 76' lang='lat' dir='ltr'><strong>Salutis,</strong></span> <span class='ocrx_word' id='word_1_528' title='bbox 628 5163 660 5220; x_wconf 89' lang='lat' dir='ltr'><strong>et</strong></span> <span class='ocrx_word' id='word_1_529' title='bbox 674 5174 714 5220; x_wconf 90' lang='lat' dir='ltr'><strong>ea</strong></span> <span class='ocrx_word' id='word_1_530' title='bbox 729 5175 802 5236; x_wconf 73' lang='lat' dir='ltr'><strong>qua</strong></span> <span class='ocrx_word' id='word_1_531' title='bbox 815 5159 945 5222; x_wconf 82' lang='lat' dir='ltr'><strong>habetis</strong></span> <span class='ocrx_word' id='word_1_532' title='bbox 1037 5159 1106 5233; x_wconf 83' lang='lat' dir='ltr'><strong>ligo</strong></span> <span class='ocrx_word' id='word_1_533' title='bbox 1121 5149 1321 5220; x_wconf 81' lang='lat' dir='ltr'><strong>Octa&#39;vianus</strong></span> <span class='ocrx_word' id='word_1_534' title='bbox 1332 5159 1524 5220; x_wconf 89' lang='lat' dir='ltr'><strong>sanctorum</strong></span> <span class='ocrx_word' id='word_1_535' title='bbox 1536 5157 1645 5234; x_wconf 89' lang='lat' dir='ltr'><strong>Sergii</strong></span> <span class='ocrx_word' id='word_1_536' title='bbox 1658 5160 1691 5222; x_wconf 91' lang='lat' dir='ltr'><strong>et</strong></span> <span class='ocrx_word' id='word_1_537' title='bbox 1708 5162 1797 5222; x_wconf 88' lang='lat' dir='ltr'><strong>Bac-</strong></span> 
     </span>
     <span class='ocr_line' id='line_1_51' title="bbox 147 5250 1434 5330; baseline 0 -15"><span class='ocrx_word' id='word_1_538' title='bbox 147 5255 182 5315; x_wconf 93' lang='lat' dir='ltr'><strong>in</strong></span> <span class='ocrx_word' id='word_1_539' title='bbox 195 5252 400 5330; x_wconf 87' lang='lat' dir='ltr'><strong>summaripa</strong></span> <span class='ocrx_word' id='word_1_540' title='bbox 412 5250 453 5312; x_wconf 90' lang='lat' dir='ltr'><strong>de</strong></span> <span class='ocrx_word' id='word_1_541' title='bbox 467 5255 585 5316; x_wconf 89' lang='lat' dir='ltr'><strong>Bosoo.</strong></span> <span class='ocrx_word' id='word_1_542' title='bbox 600 5255 853 5318; x_wconf 89' lang='lat' dir='ltr'><strong>Benedictiones</strong></span> <span class='ocrx_word' id='word_1_543' title='bbox 863 5273 944 5318; x_wconf 89' lang='lat' dir='ltr'><strong>vero</strong></span> <span class='ocrx_word' id='word_1_544' title='bbox 998 5253 1052 5316; x_wconf 90' lang='grc'><strong>1111</strong></span> <span class='ocrx_word' id='word_1_545' title='bbox 1067 5254 1227 5315; x_wconf 87' lang='grc'><strong>11111111</strong></span> <span class='ocrx_word' id='word_1_546' title='bbox 1241 5254 1434 5316; x_wconf 86' lang='grc'><strong>1111111111.</strong></span> 
     </span>
    </p>

    <p class='ocr_par' dir='ltr' id='par_1_9' title="bbox 147 5349 1796 5528">
     <span class='ocr_line' id='line_1_52' title="bbox 147 5349 1796 5428; baseline 0.001 -16"><span class='ocrx_word' id='word_1_547' title='bbox 147 5350 353 5423; x_wconf 89' lang='lat' dir='ltr'><strong>monialium,</strong></span> <span class='ocrx_word' id='word_1_548' title='bbox 363 5349 590 5411; x_wconf 89' lang='lat' dir='ltr'><strong>ordinationes</strong></span> <span class='ocrx_word' id='word_1_549' title='bbox 603 5352 853 5428; x_wconf 90' lang='lat' dir='ltr'><strong>capellanorum</strong></span> <span class='ocrx_word' id='word_1_550' title='bbox 867 5371 944 5416; x_wconf 89' lang='lat' dir='ltr'><strong>ves-</strong></span> <span class='ocrx_word' id='word_1_551' title='bbox 1038 5354 1105 5427; x_wconf 82' lang='lat' dir='ltr'><strong>Ego</strong></span> <span class='ocrx_word' id='word_1_552' title='bbox 1121 5353 1301 5427; x_wconf 85' lang='lat' dir='ltr'><strong>Gregorius</strong></span> <span class='ocrx_word' id='word_1_553' title='bbox 1326 5352 1433 5413; x_wconf 89' lang='lat' dir='ltr'><strong>sancti</strong></span> <span class='ocrx_word' id='word_1_554' title='bbox 1455 5352 1621 5416; x_wconf 83' lang='lat' dir='ltr'><strong>Theodori</strong></span> <span class='ocrx_word' id='word_1_555' title='bbox 1636 5353 1796 5414; x_wconf 89' lang='lat' dir='ltr'><strong>diaconus</strong></span> 
     </span>
     <span class='ocr_line' id='line_1_53' title="bbox 147 5446 1190 5528; baseline -0.003 -19"><span class='ocrx_word' id='word_1_556' title='bbox 147 5451 273 5509; x_wconf 93' lang='lat' dir='ltr'><strong>trorum</strong></span> <span class='ocrx_word' id='word_1_557' title='bbox 294 5447 348 5524; x_wconf 87' lang='lat' dir='ltr'><strong>qui</strong></span> <span class='ocrx_word' id='word_1_558' title='bbox 369 5447 410 5509; x_wconf 91' lang='lat' dir='ltr'><strong>ad</strong></span> <span class='ocrx_word' id='word_1_559' title='bbox 434 5461 549 5508; x_wconf 88' lang='lat' dir='ltr'><strong>sacros</strong></span> <span class='ocrx_word' id='word_1_560' title='bbox 564 5447 698 5509; x_wconf 91' lang='lat' dir='ltr'><strong>ordines</strong></span> <span class='ocrx_word' id='word_1_561' title='bbox 712 5449 838 5512; x_wconf 85' lang='lat' dir='ltr'><strong>luerint</strong></span> <span class='ocrx_word' id='word_1_562' title='bbox 860 5467 942 5528; x_wconf 90' lang='lat' dir='ltr'><strong>pre·</strong></span> <span class='ocrx_word' id='word_1_563' title='bbox 997 5446 1190 5508; x_wconf 89' lang='lat' dir='ltr'><strong>cardinalis.</strong></span> 
     </span>
    </p>

    <p class='ocr_par' dir='ltr' id='par_1_10' title="bbox 148 5544 1876 5717">
     <span class='ocr_line' id='line_1_54' title="bbox 148 5544 1795 5624; baseline 0.001 -18"><span class='ocrx_word' id='word_1_564' title='bbox 148 5544 302 5607; x_wconf 86' lang='lat' dir='ltr'><strong>movendi</strong></span> <span class='ocrx_word' id='word_1_565' title='bbox 327 5560 348 5609; x_wconf 89' lang='grc'><strong>1</strong></span> <span class='ocrx_word' id='word_1_566' title='bbox 371 5545 562 5608; x_wconf 91' lang='lat' dir='ltr'><strong>dioecesano</strong></span> <span class='ocrx_word' id='word_1_567' title='bbox 587 5545 742 5623; x_wconf 89' lang='lat' dir='ltr'><strong>episcopo</strong></span> <span class='ocrx_word' id='word_1_568' title='bbox 764 5546 837 5608; x_wconf 86' lang='lat' dir='ltr'><strong>sine</strong></span> <span class='ocrx_word' id='word_1_569' title='bbox 859 5563 940 5624; x_wconf 86' lang='lat' dir='ltr'><strong>pra·</strong></span> <span class='ocrx_word' id='word_1_570' title='bbox 1036 5545 1348 5617; x_wconf 67' lang='lat' dir='ltr'><strong>neturbemini,</strong></span> <span class='ocrx_word' id='word_1_571' title='bbox 1372 5561 1432 5622; x_wconf 91' lang='lat' dir='ltr'><strong>per</strong></span> <span class='ocrx_word' id='word_1_572' title='bbox 1457 5562 1591 5608; x_wconf 89' lang='lat' dir='ltr'><strong>manum</strong></span> <span class='ocrx_word' id='word_1_573' title='bbox 1620 5545 1795 5622; x_wconf 78' lang='lat' dir='ltr'><strong>Raynerii,</strong></span> 
     </span>
     <span class='ocr_line' id='line_1_55' title="bbox 148 5641 1876 5717; baseline -0.001 -11"><span class='ocrx_word' id='word_1_574' title='bbox 148 5643 249 5706; x_wconf 88' lang='lat' dir='ltr'><strong>vitate</strong></span> <span class='ocrx_word' id='word_1_575' title='bbox 281 5641 374 5704; x_wconf 90' lang='lat' dir='ltr'><strong>vobis</strong></span> <span class='ocrx_word' id='word_1_576' title='bbox 410 5642 562 5704; x_wconf 90' lang='lat' dir='ltr'><strong>volumus</strong></span> <span class='ocrx_word' id='word_1_577' title='bbox 598 5642 761 5706; x_wconf 80' lang='lat' dir='ltr'><strong>exhiberi.</strong></span> <span class='ocrx_word' id='word_1_578' title='bbox 792 5643 940 5708; x_wconf 89' lang='lat' dir='ltr'><strong>Obeunte</strong></span> <span class='ocrx_word' id='word_1_579' title='bbox 995 5645 1119 5706; x_wconf 88' lang='lat' dir='ltr'><strong>sanctae</strong></span> <span class='ocrx_word' id='word_1_580' title='bbox 1147 5645 1304 5708; x_wconf 79' lang='lat' dir='ltr'><strong>Romanae</strong></span> <span class='ocrx_word' id='word_1_581' title='bbox 1324 5643 1481 5706; x_wconf 80' lang='lat' dir='ltr'><strong>Ecclesiae</strong></span> <span class='ocrx_word' id='word_1_582' title='bbox 1513 5643 1796 5717; x_wconf 88' lang='lat' dir='ltr'><strong>vicecancellarii,</strong></span> <span class='ocrx_word' id='word_1_583' title='bbox 1861 5671 1876 5704; x_wconf 68' lang='lat' dir='ltr'><strong>r.</strong></span> 
     </span>
    </p>
   </div>
   <div class='ocr_carea' id='block_1_5' title="bbox 0 0 2130 6404">
    <p class='ocr_par' dir='ltr' id='par_1_11' title="bbox 0 0 2130 6404">
     <span class='ocr_line' id='line_1_56' title="bbox 0 0 2130 6404; baseline 0 2"><span class='ocrx_word' id='word_1_584' title='bbox 0 0 2130 6404; x_wconf 95' lang='lat' dir='ltr'><strong> </strong></span> 
     </span>
    </p>
   </div>
  </div>
 </body>
</html>
