4248 6410
294 191 357 264 563
917 191 1093 252 HONORII
1116 193 1161 257 111
1182 193 1330 256 OPERA.
1889 201 1953 264 564

294 349 487 428 pradictum
502 349 671 430 negotium
685 351 798 412 Terras
814 349 945 412 Sanctae
959 350 1092 426 penitus
1147 348 1238 427 leges
1253 351 1400 414 audieris
1416 351 1565 417 babituni
1582 369 1648 416 non
1664 347 1847 432 portando,
1858 358 1891 419 te
1906 359 1951 420 ab

294 447 507 510 dissolvatur.
533 445 698 523 Quidquid
712 446 822 510 autem
842 463 943 524 super
957 447 1011 511 nis
1027 463 1089 524 po·
1146 450 1502 512 excommunicationis
1525 451 1672 523 vinculo,
1698 453 1784 529 quod
1812 459 1951 531 propter

294 544 402 610 teritis
417 544 613 620 intelligere,
630 542 863 606 nobiscuretis
879 545 1093 621 quamcitius
1147 545 1210 606 boo
1235 545 1427 608 incurreres
1452 547 1637 620 absolvere,
1654 565 1694 610 ac
1709 549 1948 626 irregularita-

295 641 437 704 fideliler
450 639 615 703 intimare.
633 641 750 704 Datum
770 641 939 716 Laterani,
955 643 999 702 lv
1018 641 1093 703 idus
1146 641 1190 702 tis
1214 645 1326 704 notam
1341 659 1440 721 quarn
1459 644 1583 706 exinde
1599 645 1784 708 incurrisse
1804 648 1837 710 te
1848 649 1947 710 times

295 737 496 810 novembris,
509 737 722 816 pontificatus
735 739 841 800 nostri
860 754 950 801 anno
965 739 1091 816 quinto.
1147 738 1282 800 abolere
1314 740 1578 802 misericorditer
1613 741 1840 818 dignaremur.
1877 747 1947 807 Nos

659 904 724 992 ilc

330 1040 381 1100 Ad
394 1037 618 1100 benedictum
633 1040 831 1112 episcopum
844 1039 1061 1104 scarensem..

600 1157 693 1231 lnov.
711 1157 793 1217 iaso.

412 1263 558 1330 lbiljegrem
574 1263 683 1318 Svonsltt
698 1263 771 1328 dipl,
782 1264 801 1322 l,
813 1263 868 1324 tlt,
880 1278 906 1314 n.
916 1263 982 1326 ibn]

298 1375 334 1432 tlt
358 1372 511 1433 eeclesiam
538 1372 707 1432 scarensem
739 1371 886 1430 canonicis
914 1369 1093 1444 regularibus

332 1458 489 1519 secundum
511 1459 641 1533 regulam
658 1459 734 1518 beati
753 1457 898 1518 Benedicti
920 1459 1091 1518 studeator·

333 1550 443 1608 dinare.

337 1657 504 1720 Honorius
510 1659 696 1735 episcopus,
711 1672 828 1720 servus
838 1667 1011 1719 servorum
1020 1655 1091 1728 Dei,

296 1754 480 1817 venerabili
495 1755 591 1817 tratri
603 1755 758 1831 episcopo
773 1754 1092 1834 scarensl,‚salutem

295 1853 330 1915 et
344 1852 559 1929 apostolicam
577 1851 851 1914 benedictionem.

337 1948 489 2011 Auditos
503 1949 535 2010 te
547 1944 728 2024 diligenter
744 1948 895 2010 ecclesiae
910 1951 976 2010 tuae
992 1949 1092 2019 statu,

298 2045 338 2108 de
353 2045 564 2124 providentia
577 2045 633 2106 tua
649 2046 781 2122 plenam
800 2047 836 2106 in
851 2045 990 2107 Domino
1004 2045 1092 2106 ildu-

298 2143 384 2204 ciam
410 2141 608 2211 obtinentes,
622 2141 823 2204 fraternitati
841 2144 907 2203 tuae
923 2146 1094 2219 parapos-

300 2241 401 2302 tolica
412 2240 535 2317 scripta
544 2240 749 2312 mandamus,
767 2242 930 2318 quatenus
943 2240 1093 2301 eamdem

301 2337 477 2400 ecclesiam
491 2337 532 2398 de
547 2337 718 2399 canonicis
733 2336 954 2413 regularibus,
972 2353 1094 2398 secun-

297 2436 376 2496 dum
391 2435 542 2511 regulam
555 2433 644 2496 beati
663 2435 852 2510 Augustini,
869 2435 898 2495 si
911 2434 986 2497 tleri
998 2435 1093 2512 pote-

297 2531 354 2604 rit,
369 2532 503 2594 studeas
531 2531 698 2592 ordinare.
724 2531 816 2604 Quod
841 2533 870 2593 st
888 2532 1089 2609 nequiveris,

297 2627 452 2691 instituas
463 2627 498 2689 in
519 2627 647 2699 eadem,
666 2631 764 2704 prout
783 2629 963 2691 secundum
988 2631 1091 2691 Deum

296 2726 454 2802 expedire
465 2723 600 2796 videris,
614 2725 793 2786 canonicos
804 2726 993 2799 seaculares,
1008 2726 1092 2788 tales

1146 835 1249 910 igitur
1258 837 1324 897 tuis
1337 836 1494 913 precibus
1505 838 1659 900 inclinati
1669 841 1702 901 te
1715 853 1773 914 per
1788 839 1947 904 dilectum

1147 931 1252 994 tilium
1286 934 1484 995 Gervasium
1525 935 1810 1011 poenitentiarium
1850 954 1911 1000 nos
1924 971 1943 986 -

1146 1029 1405 1094 trumtacientes
1420 1029 1559 1103 absolvi,
1571 1032 1632 1094 tibi
1643 1032 1683 1094 de
1696 1033 1939 1108 misericordia,

1147 1143 1221 1204 quae
1236 1129 1464 1205 superexaltat
1482 1128 1622 1206 judicio,
1633 1131 1846 1192 concedimus
1859 1149 1943 1209 pos-

1146 1225 1263 1297 tutata,
1287 1225 1334 1288 ita
1359 1226 1446 1303 quod
1469 1229 1604 1303 propter
1618 1227 1681 1288 hoc
1696 1243 1762 1290 non
1777 1228 1948 1306 impedia-

1148 1323 1206 1394 ris,
1223 1322 1416 1386 etretinere
1440 1325 1591 1402 receptos
1607 1326 1640 1386 et
1663 1326 1834 1403 suscipere
1859 1327 1948 1389 alios

1147 1419 1282 1482 ordines
1314 1422 1348 1482 et
1369 1421 1523 1484 bonores.
1548 1422 1666 1484 Dauum
1695 1425 1863 1496 Laterani,
1891 1440 1950 1486 se-

1147 1515 1255 1578 cundo
1270 1530 1376 1576 nonas
1389 1515 1591 1589 novembris,
1607 1517 1821 1594 pontificatus
1840 1520 1951 1581 nostri

1148 1626 1237 1680 auno
1250 1613 1378 1691 quicto.

1493 1747 1601 1837 llcll

1255 1881 1308 1943 Ad
1331 1881 1593 1944 tbesaurartum
1612 1885 1828 1945 Recensum.

1449 1995 1465 2052 l
1481 2007 1546 2050 nov.
1560 1994 1640 2052 liat.

1180 2100 1298 2163 [liegest.,
1309 2099 1354 2152 lib.
1366 2101 1396 2158 V,
1410 2099 1486 2164 epist.
1496 2099 1553 2158 ²3⁷·
1564 2101 1620 2152 llss.
1631 2101 1667 2156 La
1684 2101 1761 2152 Porto
1770 2101 1805 2152 du
1816 2101 1912 2166 Theti]

1147 2199 1319 2272 Praecipitat
1342 2205 1373 2259 ul
1383 2200 1462 2270 iuste
1480 2205 1608 2256 tenorem
1629 2199 1784 2272 apostolici
1801 2199 1940 2268 mandati,

1177 2287 1239 2360 jam
1257 2287 1293 2346 de
1316 2287 1370 2346 boc
1394 2287 1464 2355 deti,
1489 2287 1630 2362 Remigio,
1657 2287 1769 2348 saumae
1790 2290 1888 2346 bieria
1913 2289 1945 2346 in

1181 2376 1332 2435 llosmedln
1351 2375 1472 2438 diacono
1490 2375 1639 2444 cardinali,
1655 2374 1781 2437 officium
1795 2377 1944 2451 quoddam

1181 2464 1210 2522 ln
1226 2465 1315 2538 ipsius
1330 2465 1450 2525 ecclesia
1463 2463 1621 2537 provideat.

1185 2581 1363 2652 Honorius,
1378 2581 1453 2653 etc,
1470 2581 1598 2644 dilecto
1608 2580 1714 2643 tillo...
1730 2581 1945 2646 thesaurario

1147 2678 1313 2750 Remensi.
1325 2679 1479 2750 salutem,
1497 2680 1569 2742 etc.

1187 2779 1283 2854 Saepe
1301 2791 1457 2852 rogaunus
1472 2776 1508 2838 ut
1521 2791 1561 2840 en
1585 2775 1666 2842 liant
1680 2776 1849 2852 paralion,
1867 2792 1941 2853 quae

1146 2875 1188 2936 de
1208 2874 1415 2951 plenitudine
1441 2873 1614 2950 potestatis
1633 2889 1808 2950 possumus
1829 2875 1940 2936 tacere

1147 2986 1206 3046 per
1220 2985 1280 3030 nos
1294 2970 1397 3046 ipsos,
1415 2969 1580 3046 quatenus
1594 2968 1702 3043 rogati
1715 2971 1867 3032 crescant
1884 2986 1943 3047 per

1147 3066 1343 3128 obedientiae
1370 3066 1536 3137 meritum,
1560 3067 1592 3128 et
1616 3063 1652 3126 lii
1666 3082 1726 3143 pro
1745 3066 1864 3143 quibus
1878 3083 1939 3129 ro-

1146 3168 1268 3242 gantur
1280 3179 1360 3240 erga
1380 3178 1437 3226 ecs
1452 3163 1594 3227 induant
1605 3163 1743 3240 majoris
1758 3163 1943 3227 devotionis

1146 3262 1313 3334 effectum,
1328 3260 1414 3338 quod
1429 3261 1458 3322 si
1473 3260 1593 3322 melius
1609 3275 1761 3323 curasses
1772 3263 1942 3326 attendere

1146 3375 1262 3437 preces
1277 3359 1310 3420 et
1325 3357 1528 3428 mandatum,
1548 3354 1634 3434 quod
1649 3357 1709 3419 tibi
1733 3359 1942 3436 porreximus

1146 3473 1205 3533 pro
1231 3457 1351 3518 dilecto
1377 3455 1445 3516 lilio
1468 3455 1620 3532 Remigio
1645 3456 1810 3518 serviente
1833 3456 1945 3520 dilecti

1146 3554 1207 3615 tilii
1231 3553 1337 3616 nostri
1352 3555 1404 3625 R..
1427 3553 1557 3617 Sanctae
1573 3551 1688 3615 Mariae
1712 3552 1748 3614 in
1770 3555 1945 3615 Cosmedin

1146 3652 1287 3714 diacono
1311 3651 1415 3722 card,
1441 3649 1632 3714 erubuisses
1665 3649 1774 3712 surdis
1807 3649 1945 3712 attubus

332 3749 417 3812 retii,
433 3756 469 3798 θ’(
487 3755 524 3800 0⁰
543 3740 619 3814 qnod
637 3739 754 3800 altdeni
774 3742 803 3800 1¹¹
822 3742 887 3817 jure
901 3743 988 3812 civili,
1004 3758 1090 3818 tetu-
1146 3749 1328 3827 praeterire.
1341 3749 1422 3808 Cum
1435 3746 1525 3808 enim
1535 3745 1596 3808 tibi
1606 3746 1794 3808 dederimus
1804 3748 1840 3809 in
1853 3763 1943 3809 man·

331 3831 409 3900 lflfib
423 3831 585 3903 regularem
598 3828 726 3887 habitum
741 3844 798 3888 ¹¹0ss
813 3837 985 3904 Ρθΐῑθνθῐθῑ·
1146 3845 1231 3908 datis
1253 3845 1290 3908 ut
1305 3859 1406 3904 unum
1428 3858 1471 3906 ex
1497 3841 1617 3906 ciliciis
1640 3844 1816 3904 Remensis
1836 3843 1946 3906 eccle-

336 3947 514 4026 lionorius,
539 3947 616 4018 etc,
640 3945 760 4010 dilecto
789 3947 859 4012 tilio
883 3951 921 4010 o.
952 3948 1092 4012 Bertulli
1146 3943 1204 4004 slae
1220 3941 1261 4004 ad
1283 3942 1374 4003 tuam
1398 3940 1610 4003 donationem
1625 3940 1850 4016 spectantibus
1866 3958 1940 4018 quae

296 4045 711 4122 Magaloneusicancnico.
1145 4039 1241 4102 laicis
1262 4039 1479 4102 conteruntur
1504 4037 1626 4102 divinae
1649 4036 1782 4114 pietatis
1805 4039 1945 4112 intuitu,

336 4143 441 4214 llllus,
453 4142 532 4206 licet
545 4141 715 4214 immeriti,
730 4142 837 4206 vicem
852 4143 1017 4219 gerentes,
1034 4143 1092 4222 qui
1145 4139 1178 4200 et
1191 4153 1250 4214 pro
1271 4136 1461 4200 reverentia
1477 4135 1590 4197 nostra
1604 4133 1773 4198 conferres
1787 4137 1947 4216 praedicto

297 4239 462 4318 parcendo
485 4241 518 4301 et
540 4240 730 4303 miserando
758 4255 854 4300 suam
878 4241 1091 4320 omnipoten·
1146 4235 1308 4311 Remigio,
1339 4234 1366 4296 si
1394 4233 1480 4310 quod
1502 4235 1581 4294 tunc
1605 4231 1863 4306 tortevacabat,
1891 4235 1944 4296 vel

296 4339 377 4399 dam
392 4337 537 4398 maxime
552 4335 752 4407 manifestat,
774 4337 916 4400 libenter
930 4337 965 4398 in
978 4338 1090 4399 omni·
1146 4348 1244 4414 quam
1267 4333 1333 4394 cito
1353 4347 1388 4392 se
1411 4329 1551 4392 facultas
1567 4327 1716 4400 offerret,
1740 4331 1781 4392 tu
1797 4331 1884 4393 sicut
1903 4347 1944 4394 eo

295 4434 357 4498 bus
382 4431 644 4496 misericordiam
672 4433 924 4512 amplexamur,
948 4435 1091 4496 scientes
1146 4429 1313 4492 referente
1336 4428 1525 4500 didicimus,
1548 4427 1748 4509 respondisti
1762 4429 1795 4490 te
1808 4430 1945 4492 minime

296 4529 498 4608 Evangellca
519 4528 661 4592 veritate
686 4528 824 4592 docente
845 4530 930 4608 quod
954 4531 1091 4594 miseri-
1146 4526 1179 4588 id
1213 4526 1390 4598 facturum,
1433 4526 1501 4605 qui,
1540 4527 1643 4589 etiam
1677 4525 1751 4591 sine
1791 4526 1947 4604 precibus

297 4627 413 4690 cordes
433 4623 696 4688 misericordiam
722 4627 978 4704 consequantur.
1003 4629 1092 4704 Sup-
1146 4623 1349 4702 apostolicis,
1362 4623 1394 4684 id
1417 4622 1556 4686 deberes
1573 4625 1605 4686 ei
1624 4623 1808 4687 liberaliter
1827 4626 1953 4686 contu--

298 4722 446 4802 plicastis
462 4720 627 4799 siquidem
639 4721 747 4788 nobis,
763 4721 799 4782 ut
814 4738 913 4800 quum
929 4724 996 4784 mm
1012 4739 1093 4784 con-
1146 4723 1239 4793 lisse,
1250 4737 1309 4798 pro
1321 4721 1427 4797 ipsius
1442 4721 1632 4786 reverentia
1642 4721 1824 4782 cardinalis
1839 4724 1873 4785 et
1884 4721 1946 4783 ob-

295 4815 1093 4883 trainhibitionemfelicisrecordationisAlexan·
1145 4821 1238 4882 tentu
1259 4819 1354 4880 bonae
1377 4817 1545 4879 memoriae
1568 4823 1606 4880 A.
1629 4819 1803 4881 Remensis
1827 4819 1948 4880 archi-

297 4915 349 4978 dri
375 4917 485 4992 Papoe,
501 4914 757 4991 predecessoris
779 4915 885 4978 nostri
909 4917 1032 4980 editam
1056 4917 1092 4980 in
1146 4914 1312 4994 episcopi,
1352 4915 1406 4980 cui
1441 4915 1567 4978 diutius
1607 4915 1749 4979 fideliter
1791 4915 1947 4980 noscitur

266 5020 269 5028 ⁴
297 5013 441 5077 concilio
460 5014 625 5074 Toronen.
643 5028 741 5089 quam
763 5016 879 5077 contra
900 5030 1094 5078 excommu-
1146 5012 1343 5076 deservisse.
1366 5013 1524 5075 Nolentes
1537 5012 1639 5091 igitur
1652 5013 1737 5090 quod
1754 5012 1794 5075 de
1807 5013 1954 5091 praelato

296 5109 475 5174 nicationis
495 5109 736 5171 sententiama
763 5110 858 5172 bonae
883 5113 1090 5175 memoriae...
1147 5113 1185 5172 R.
1215 5109 1447 5174 inchoavimus
1476 5109 1667 5194 relinquere
1698 5109 1952 5186 imperfectum,

295 5207 477 5274 albanensi
490 5199 596 5268 electo
610 5206 808 5283 apostolice
825 5208 921 5270 Sedis
936 5209 1045 5285 legato
1057 5209 1093 5270 in
1147 5207 1340 5270 discretioni
1355 5208 1420 5268 tuae
1430 5206 1818 5284 parapostolicascripta
1832 5208 1950 5284 praeci-

296 5321 411 5370 omnes
430 5305 603 5382 regulares
624 5303 794 5367 studentes
820 5305 855 5366 in
878 5308 954 5384 jure
981 5306 1091 5378 civili,
1148 5303 1268 5382 piendo
1283 5304 1492 5376 mandamus,
1506 5307 1667 5380 quatenus
1682 5320 1785 5364 unum
1800 5303 1842 5368 de
1857 5319 1946 5380 prae-

296 5406 348 5468 vel
362 5402 549 5480 regularem
566 5400 715 5464 habiturn
737 5418 804 5464 non
821 5403 990 5480 portantes
1014 5419 1094 5480 pro·
1124 5455 1125 5458 ,
1148 5401 1225 5464 tatis
1240 5400 1360 5464 oldciis
1372 5401 1480 5462 eidem
1496 5403 1535 5464 R.
1556 5416 1654 5477 quain
1669 5401 1734 5466 cito
1749 5417 1785 5462 se
1805 5401 1950 5464 incultas

297 5503 411 5574 latam,
436 5499 542 5578 ipsius
560 5499 648 5578 juris
670 5500 819 5562 scientiae
835 5499 966 5564 illectus
980 5516 1094 5564 amore
1147 5499 1305 5561 obtulerit
1319 5503 1472 5560 conteras
1485 5499 1517 5560 et
1532 5497 1700 5574 assignes..
1720 5498 1877 5578 Alioquin
1894 5498 1953 5560 dl·-

297 2823 411 2900 utique
424 2822 481 2899 qui
505 2821 603 2897 digne
616 2821 651 2882 in
666 2837 706 2883 ea
721 2823 860 2884 Domino
878 2823 1090 2888 famulentur.

296 2920 415 2982 Datum
430 2918 597 2990 Laterani,
611 2921 756 2980 linones
775 2919 975 2993 novembris,
988 2921 1093 2998 ponti·

299 3015 417 3079 boatus
432 3015 538 3078 nostri
553 3029 641 3077 anno
653 3016 779 3094 quinto.

651 3194 738 3281 llcl

296 3329 348 3391 Ad
363 3331 400 3390 θ.
418 3328 563 3392 Bertutlt
581 3331 861 3404 magalonensem
876 3329 1090 3390 canonicum.

548 3471 550 3476 ,
591 3440 609 3499 i
628 3455 694 3498 nov.
716 3440 795 3498 liat.

312 3547 433 3612 ffiegest,
444 3546 489 3597 lib.
503 3547 534 3606 V,
547 3545 622 3611 epist.
635 3545 691 3596 att.
710 3545 767 3596 llus.
781 3547 817 3596 La
829 3546 907 3597 Porta
924 3547 958 3599 du
973 3547 1067 3613 Theti]

296 3653 425 3714 Absolvit
440 3667 506 3712 eum
528 3652 563 3711 ab
583 3653 878 3712 excommunicatione
895 3668 981 3728 qnam
995 3655 1090 3713 incur·
