4280 6404
277 226 335 284 331
894 227 1070 290 iioh'oml
1092 227 1138 288 ΙΙΙ
1160 225 1309 288 OPERA.
1864 225 1926 288 332

277 381 503 457 Aurelianen,
524 385 558 447 et
578 385 737 462 magistro
752 385 889 447 Glraldo
910 387 1072 449 canonico
1129 385 1338 453 canonicum,
1353 384 1387 446 in
1403 399 1467 462 qua
1489 383 1612 447 dicitur
1633 383 1691 447 dlu
1711 383 1925 449 laudabiliter

276 479 470 554 parisiensi,
490 483 717 549 salutemetc.
990 475 994 482 “
1129 482 1359 555 conversatus,
1387 482 1473 559 quod
1499 481 1610 544 iacere
1636 497 1702 544 non
1727 483 1925 552 chremisa

319 577 437 639 bilecti
452 577 564 641 dlii...
586 579 802 652 camerarius,
819 579 852 642 et
868 580 1002 658 quidam
1017 595 1075 642 ca·
1130 579 1260 641 dilectis
1276 579 1392 640 liliis...
1407 579 1620 648 devillariis,
1635 583 1668 642 et
1682 584 1718 641 o.
1735 581 1824 643 Glari
1843 583 1924 644 Loci

279 675 392 736 nonici
419 676 570 738 ecclesiae
604 677 717 739 Sancti
743 677 879 738 Martini
906 681 1071 739 Toronen.
1129 677 1302 738 abbatibus
1317 693 1394 738 ac...
1411 677 1928 757 cantoreTreveren.,quosmo·

277 772 373 833 nobis
400 771 571 834 insinuare
598 775 767 846 curarunt,
793 775 878 851 quod
902 775 937 835 in
951 779 1073 836 'eorum
1129 775 1255 836 nitores
1279 789 1551 836 concesseramus
1566 775 1674 836 eidem
1694 777 1796 837 semel
1823 776 1927 838 etse-

279 870 421 932 ecclesia
437 885 503 932 non
518 873 568 934 est
578 872 814 934 canonicorum
828 887 984 934 numerus
999 887 1076 934 ron·
1129 872 1256 946 cundo;
1271 872 1349 933 licet
1362 872 1512 949 tempore
1527 873 1646 949 primae
1659 873 1926 935 commonitionis

280 970 394 1028 suetus
407 967 485 1030 licet
499 971 573 1045 ejus
593 969 635 1030 ad
659 969 723 1030 hoc
736 971 915 1046 suppetant
932 969 1075 1032 iaculta·
1129 968 1214 1040 duae,
1227 968 1380 1032 secundae
1391 985 1482 1042 vero,
1496 969 1564 1031 tres
1574 971 1773 1032 vacarentin
1784 971 1925 1034 ecclesia

278 1067 328 1131 tes
341 1081 348 1126 :
361 1064 481 1126 deinde
495 1066 961 1144 quibusdamcognatossuos,
976 1083 1076 1130 reve·
1129 1067 1310 1128 memorata
1334 1066 1532 1144 praebendae,
1553 1081 1615 1130 nec
1634 1067 1759 1144 aliquid
1782 1068 1927 1132 scholari

277 1163 367 1226 lente
401 1163 465 1225 sibi
499 1180 600 1227 carne
626 1167 659 1227 et
686 1165 860 1242 sanguine,
891 1165 1075 1227 nitentibus
1129 1165 1318 1242 objiceretis
1350 1163 1469 1237 eidem,
1493 1165 1580 1226 sicul
1614 1163 1709 1226 nobis
1741 1167 1926 1243 temporum

278 1259 455 1323 instituere
473 1262 508 1323 in
523 1262 650 1334 eadem,
668 1261 746 1324 aliis
764 1277 831 1324 non
847 1263 1074 1338 satagentibus
1130 1263 1329 1323 monitorum
1357 1262 1477 1324 litterae
1503 1261 1728 1334 declararunt,
1756 1264 1788 1324 et
1814 1262 1927 1325 dilecti

263 1367 266 1379 ’
279 1357 325 1418 ibi
341 1373 502 1434 personas
516 1360 647 1422 institui
669 1376 742 1437 quae
754 1360 854 1436 digne
868 1361 996 1438 possint
1009 1360 1073 1420 ibi·
1130 1359 1191 1420 lilii
1207 1361 1242 1420 B.
1263 1359 1506 1431 thesaurarius,
1522 1361 1556 1421 et
1571 1363 1622 1432 Ρ.,
1635 1361 1684 1432 Β.,
1701 1361 1734 1422 et
1747 1363 1799 1421 W.
1815 1361 1929 1423 archi-

279 1455 352 1517 dem
373 1458 512 1519 Domino
534 1457 700 1529 temulari,
717 1472 783 1519 non
809 1459 972 1534 speratur,
988 1456 1074 1534 quod
1129 1456 1273 1528 diaconi,
1290 1457 1323 1540 et
1338 1457 1378 1516 H.
1404 1455 1626 1518 cancellarius
1650 1457 1798 1534 ejusdem
1818 1457 1928 1520 eccle-

279 1553 322 1616 de
336 1553 520 1616 ordinanda
538 1555 612 1632 ipsa
628 1555 769 1617 ecclesia
782 1554 917 1616 valeant
931 1553 971 1616 de
984 1553 1075 1615 facili
1130 1553 1189 1615 siaa
1202 1553 1326 1615 nostris
1336 1553 1490 1631 precibus
1499 1553 1693 1616 etmandato
1703 1555 1791 1633 pacti
1803 1554 1927 1617 luerint

279 1652 494 1724 concordare,
504 1653 689 1729 presertim
699 1669 773 1714 oum
786 1667 805 1714 a
816 1651 1073 1714 dilectistiliis...
1130 1649 1264 1712 obedire
1277 1653 1459 1727 gratanter,
1486 1651 1572 1713 sicut
1592 1651 1688 1714 nobis
1704 1651 1852 1714 constitit
1866 1667 1928 1729 per

277 1748 396 1812 abbate
410 1749 451 1812 de
465 1749 619 1811 oratorio
634 1751 668 1811 et
680 1749 817 1826 collegis
828 1749 945 1826 ipsius,
955 1743 1076 1825 quibus
1130 1747 1258 1809 litteras
1273 1748 1474 1810 eorumdem.
1491 1749 1574 1820 Quia
1584 1749 1687 1825 igitur
1697 1749 1738 1811 de
1748 1749 1928 1827 saepedicto

278 1861 380 1923 super
397 1845 460 1908 boc
482 1847 666 1908 direximus
679 1848 803 1924 scripta
819 1847 945 1913 nostra,
962 1845 1077 1923 elapso
1131 1845 1277 1907 scholari
1288 1845 1454 1907 laudabile
1470 1845 1798 1909 nobistestimonium
1813 1847 1929 1924 perbi-

273 1946 344 2022 jam
369 1945 437 2006 lere
458 1943 604 2018 biennio,
633 1945 750 2005 moniti
773 1944 879 2022 ipsam
900 1943 1075 2006 ecclesiam
1130 1943 1236 2014 betur,
1253 1959 1357 2019 quare
1377 1942 1462 2020 quod
1483 1942 1523 2004 de
1542 1944 1615 2020 ipso
1637 1945 1845 2021 incoepimus,
1862 1961 1928 2006 no·

277 2041 434 2104 ordinare
448 2039 665 2117 neglexerint,
683 2057 744 2102 nec
764 2056 823 2117 per
846 2040 954 2117 ipsum
974 2039 1078 2100 abba·
1132 2040 1240 2101 lumus
1255 2041 1443 2118 relinquere
1455 2041 1696 2118 imperfectum,
1713 2041 1928 2104 universitati

277 2139 355 2211 tem,
378 2141 516 2216 ejusque
537 2138 683 2215 collegas
704 2139 796 2200 illam
819 2136 961 2199 iecerint
982 2136 1076 2198 ordl-
1131 2139 1250 2198 vestrae
1264 2137 1453 2214 periterata
1469 2137 1825 2216 scriptapraecipiendo
1839 2155 1930 2200 man·

279 2251 362 2298 nare
377 2253 385 2297 :
402 2251 506 2314 quare
520 2236 617 2298 nobis
642 2235 814 2298 humiliter
834 2235 1074 2313 supplicarunt,
1132 2235 1444 2313 damus,quatenus,
1451 2235 1548 2313 juxta
1559 2235 1657 2314 primi
1667 2237 1814 2300 mandati
1823 2238 1929 2299 nostri

281 2338 431 2412 ntsuper
443 2335 506 2396 hoc
520 2336 660 2411 paterna
672 2331 1077 2411 provideresollicitudine
1131 2335 1280 2394 tenorem
1304 2333 1339 2392 in
1359 2333 1496 2395 tratrem
1510 2334 1543 2396 et
1560 2335 1757 2396 canonicum
1779 2335 1927 2396 vestrum

280 2432 505 2508 dignaremur.
525 2433 683 2494 Nolentes
700 2431 803 2508 igitur
821 2429 992 2508 prefatam
1015 2445 1076 2491 ec·
1132 2430 1302 2507 recipiatis
1317 2429 1480 2504 eumdem,
1499 2432 1532 2495 et
1555 2431 1703 2494 iratema
1726 2431 1874 2494 tractetis
1892 2432 1927 2492 in

280 2531 417 2592 clesiam
433 2545 493 2607 per
510 2530 739 2592 contentiones
761 2527 953 2606 huJusmodi
966 2527 1076 2588 debito
1133 2527 1271 2590 Domino
1288 2529 1445 2603 caritate;
1462 2529 1611 2606 alioquin
1632 2528 1799 2591 dilectis...
1817 2529 1931 2590 Sancti

279 2629 478 2690 servitorum
500 2643 638 2690 numero
663 2626 865 2696 defraudari,
883 2624 1077 2686 discretioni
1133 2625 1317 2697 Michaelis,
1334 2625 1664 2688 et...Hahonimontis
1677 2626 1850 2688 abbatibus
1858 2627 1928 2688 et...

278 2729 401 2787 vestrae
424 2741 485 2802 per
505 2723 695 2801 Apostolioa
717 2724 841 2800 scripta
869 2721 1075 2794 mandamus,
1133 2723 1234 2800 priori
1244 2723 1539 2786 SanctiMichaelis
1552 2724 1735 2786 Virdunen.
1752 2725 1784 2786 et
1796 2722 1925 2786 Tullen.
2031 2755 2034 2762 ·

281 2824 444 2900 quatenus
464 2822 613 2898 ejusdem
637 2821 788 2883 ecclesiae
810 2820 990 2897 capitulum
1006 2835 1078 2881 mo·
1134 2819 1493 2883 dioecdamusnostris
1508 2823 1628 2884 litteris
1650 2820 1873 2894 inmandatis,
1892 2821 1932 2882 ut

282 2921 403 2989 neatis,
423 2921 463 2981 ut
483 2919 571 2980 inira
591 2919 673 2980 duos
692 2933 823 2979 menses
838 2918 913 2995 post
927 2933 1078 2978 commo·
1133 2918 1199 2979 nisi
1212 2917 1337 2995 aliquid
1353 2919 1549 2980 canonicum
1564 2918 1687 2992 obviet,
1703 2933 1763 2981 vos
1775 2917 1816 2979 ad
1828 2917 1933 2994 idper

283 3019 443 3080 nitionem
456 3018 613 3089 vestram,
631 3016 806 3078 ecclesiam
823 3016 930 3091 ipsam
946 3014 987 3076 de
1002 3029 1079 3092 per·
1134 3031 1309 3077 censuram
1336 3005 1608 3088 ecclesiasticam,
1622 3015 1848 3093 appellatione
1876 3029 1935 3074 re·

283 3115 686 3192 sonisidoneiscoaptato
709 3112 920 3174 facultatibus
941 3127 1080 3173 numero
1134 3112 1458 3191 mota,compellant.
1486 3114 1604 3174 Datum
1639 3111 1796 3184 viterbii,
1833 3111 1934 3172 nonis

283 3213 439 3275 studeant
453 3213 621 3274 ordinare.
638 3209 793 3288 Alioquin
807 3225 867 3271 vos
886 3225 929 3271 ex
947 3211 1028 3272 tunc
1046 3209 1077 3270 id
1135 3211 1335 3282 novembris,
1351 3227 1440 3271 anno
1451 3213 1578 3287 quarto

283 3311 480 3374 auctoritate
495 3311 609 3372 nostra
632 3309 771 3386 exsequi
785 3307 981 3385 procuretis,
999 3322 1080 3368 con·
1176 3309 1342 3384 Scriptum
1353 3308 1514 3386 estsuper
1525 3307 1588 3370 boc
1603 3305 1739 3368 eisdem.

283 3406 482 3470 tradictores
517 3421 576 3482 per
608 3419 783 3467 censuram
818 3402 1079 3465 ecclesiasticam

283 3504 506 3582 appellatione
521 3501 704 3580 postposita
721 3501 971 3577 compescendo.
988 3498 1079 3573 Quod
1454 3457 1617 3546 XXXIX

285 3605 314 3664 si
328 3617 396 3664 non
415 3615 542 3673 omnes,
563 3601 625 3662 etc.
649 3599 767 3660 Datum
779 3597 921 3660 viterbii
935 3595 1081 3659 meando
1176 3590 1415 3652 :lambertum
1424 3591 1666 3652 Ltoootcnsmo
1679 3591 1886 3666 episcopam.

284 3716 392 3763 anonas
406 3697 595 3762 novembris
609 3713 699 3759 anno
711 3698 840 3774 quarto.
1403 3701 1568 3762 inovemb.
1585 3703 1664 3761 1²19.

1239 3808 1431 3873 [miganeviaa
1449 3809 1524 3860 linas.
1537 3807 1641 3859 Monim.
1654 3809 1673 3866 l,
1686 3808 1725 3868 m,
1736 3821 1761 3858 n.
1778 3808 1830 3872 ll.]

580 3892 786 3996 XXXVIII
1137 3909 1296 3982 Episcopus
1311 3908 1490 3965 livoniensis
1507 3907 1719 3980 supplicaverat
1742 3913 1772 3964 ut
1793 3905 1937 3964 Honorius

304 4037 805 4112 o
823 4031 857 4095 a
1173 3992 1936 4156 trinitlatimpalatinalis

516 4239 519 4246 ,
1173 4174 1266 4231 nieosi
1281 4173 1441 4241 arbitretur,
1453 4187 1484 4237 aa
1496 4172 1560 4245 eius
1579 4185 1679 4245 preces
1693 4169 1730 4228 ad
1744 4184 1872 4243 presens
1889 4183 1938 4228 ne

588 4255 606 4314 5
620 4268 687 4312 ⁰⁰V·
702 4253 781 4311 1²¹9·
1175 4263 1302 4337 quivisse
1315 4260 1461 4322 exaudire.

316 4361 436 4425 [aegest.
450 4359 494 4410 fib·
508 4361 552 4420 Ν·
563 4358 636 4425 ΨΜ
648 4359 705 4408 ⁵⁹⁷·
716 4361 775 4409 Μ’*-
786 4358 822 4408 ¹⁴⁸
831 4359 908 4408 ⁹⁰¹2⁰
919 4357 953 4408 ‘³¹¹
966 4355 1059 4420 ΜΗ
1179 4371 1347 4434 Honorius
1356 4371 1541 4448 episcopus,
1550 4384 1668 4430 servus
1680 4383 1853 4430 servorum
1862 4365 1934 4440 Dei,

287 4469 323 4527 Ut
332 4468 486 4528 vivianum
503 4463 663 4523 scholarem
686 4463 714 4520 in
730 4463 902 4522 canonicum
925 4471 954 4521 et
968 4461 1084 4520 tratrem
1141 4468 1333 4532 Livoniensi
1344 4468 1511 4547 episcope,
1522 4459 1705 4528 salutemet
1720 4465 1937 4552 apostolicam

611 4553 760 4624 siciliam·
1140 4567 1417 4630 benedictionem.
1857 4583 1860 4588 ·

329 4671 508 4743 Honorius,
529 4671 605 4744 eto,
627 4668 757 4732 dilectis
784 4668 900 4730 liliis...
929 4667 1087 4746 primice-
1180 4668 1287 4738 Quum
1310 4677 1488 4740 personam
1503 4662 1594 4724 tuam
1609 4661 1749 4739 speciali
1764 4675 1937 4738 preroga-

290 4767 701 4844 rio...decanoelcapitulo
713 4768 848 4838 Meten,
861 4767 1083 4838 salutemetc.
1140 4764 1253 4840 gativa
1274 4758 1463 4823 dilectionis
1477 4762 1511 4822 et
1529 4759 1646 4835 gratiae
1665 4757 1937 4834 complectamur,

330 4866 589 4930 Promissionem
603 4865 828 4937 habensvitae,
845 4879 1018 4943 quaenunc
1035 4863 1088 4925 est
1141 4862 1253 4937 utpote
1280 4857 1365 4935 quod
1397 4857 1521 4919 electus
1549 4872 1570 4918 a
1601 4856 1741 4918 Domino
1769 4855 1805 4917 in
1830 4854 1941 4931 genti·-

289 4967 409 5030 iuturae
431 4965 538 5042 pietas
551 4979 612 5028 nos
626 4958 771 5036 induxit,
788 4965 824 5027 ut
843 4963 939 5025 vobis
953 4977 1014 5039 pro
1035 4961 1088 5023 di·
1140 4959 1202 5020 bus
1217 4955 1427 5034 predicator,
1444 4954 1667 5017 ministerium
1680 4957 1775 5016 tuum
1795 4953 1940 5016 honoras

289 5066 376 5127 lecto
391 5063 461 5126 lilio
475 5061 617 5124 Viviano
636 5061 794 5134 scholari,
812 5061 917 5124 latore
939 5073 1088 5137 praesen·
1142 5049 1942 5129 inconfusibilemteoperariumexhibeadopre-

289 5164 385 5235 tium,
419 5159 652 5232 scriberemus,
686 5161 843 5235 rogantes
876 5156 1086 5218 devotionem
1142 5167 1197 5213 ces
1211 5152 1287 5213 tuas
1298 5150 1440 5212 libenter
1450 5139 1525 5210 cum
1538 5164 1713 5228 possumus
1731 5147 1939 5220 exaudimus,

290 5266 435 5326 vestram
447 5257 747 5336 otperhpostolioa
758 5255 983 5331 vobisscripta
993 5267 1089 5336 man·
1143 5249 1229 5310 sicut
1243 5250 1276 5312 et
1287 5248 1360 5325 ipse
1374 5249 1467 5325 potes
1484 5247 1688 5325 perpendere
1700 5260 1762 5323 per
1774 5245 1941 5317 ellectum,

291 5361 418 5430 dantes,
435 5359 472 5419 ut
493 5354 657 5426 eumdem,
671 5353 934 5416 ecclesiasticum
957 5349 1087 5412 benefl—
1143 5349 1176 5409 et
1200 5345 1309 5408 nuntii
1333 5346 1395 5420 tui,
1411 5345 1468 5422 qui
1493 5359 1553 5422 pro
1576 5346 1725 5420 tempore
1755 5342 1797 5405 ad
1824 5343 1942 5404 sedem

291 5458 378 5518 oium
401 5469 467 5516 non
489 5452 678 5520 habentem,
700 5466 759 5527 pro
788 5448 975 5512 reverentia
1001 5447 1089 5509 beati
1144 5443 1368 5520 Apostolicam
1381 5441 1605 5514 accesserunt,
1618 5439 1793 5518 perhibere
1805 5440 1943 5517 possunt

292 5554 381 5616 Petri
394 5554 427 5615 et
439 5552 563 5622 nostra,
577 5547 771 5628 reciperetis
779 5547 814 5613 in
826 5545 967 5612 ecclesia
978 5545 1089 5609 vestra
1144 5541 1369 5610 testimonium
1391 5538 1536 5607 veritati.
1557 5539 1720 5604 Caeterum
1743 5538 1822 5602 licet
1847 5536 1950 5620 nobis,
