4280 6404
316 241 379 300 3117
944 239 1119 302 HONORII
1141 241 1186 301 111
1208 243 1355 304 OPERA.
1908 249 1970 306 808

663 409 771 496 XXV

319 532 372 592 Ad
395 533 589 606 6616666666
614 533 884 604 atrebatensem,
914 533 949 593 et
980 533 1117 594 abbates

358 630 477 690 Sancti
492 629 940 702 Vemttarrecatemtce
952 633 1018 692 Las
1033 632 1117 691 Tor-

361 729 521 788 noeensts
534 729 701 789 dtoecests.

612 832 625 887 1
641 829 734 888 octob.
749 831 827 888 1119.

336 925 457 989 [licceat.
468 925 513 976 lib.
527 925 571 984 lli,
584 925 659 990 epist.
672 925 726 977 tio.
745 927 802 977 1166.
815 927 853 978 La
864 927 940 978 Porta
957 926 992 977 du
1006 925 1101 991 lircil]

321 1015 375 1071 Dat
388 1015 430 1072 eis
443 1029 594 1087 processus
607 1030 718 1084 omnes,
735 1017 783 1088 qui
808 1017 836 1073 in
849 1031 948 1086 causa,
964 1032 1028 1090 quaa
1044 1016 1117 1074 inter

357 1101 505 1160 Oddoncrn
522 1105 692 1161 canonicum
708 1103 973 1173 laudunensemet
987 1105 1114 1162 Odcnem

357 1191 449 1248 civem
463 1191 644 1250 baudoueus.
658 1190 695 1249 de
709 1199 785 1250 certa
802 1193 985 1265 pecuniarum
1001 1207 1113 1250 summa

354 1279 527 1349 vertebatur,
536 1280 624 1337 habiti
637 1279 758 1349 inerant,
770 1281 922 1351 revisendi,
935 1287 964 1338 et
973 1281 1048 1353 quod
1058 1281 1117 1354 jus·

356 1373 416 1426 tum
430 1370 522 1425 61666]
533 1367 617 1426 inerit
631 1383 729 1426 curam
744 1369 890 1426 delinitivs
903 1369 1115 1442 pronuntiandi.

362 1476 540 1549 Honorius,
557 1479 633 1549 etc,
658 1477 840 1538 venerabili
865 1477 997 1538 tratri...
1022 1478 1115 1556 epis-

321 1587 404 1650 6666
419 1574 451 1635 61
466 1573 594 1636 dilectis
607 1574 723 1636 tiliis...
741 1576 855 1636 Sancti
869 1574 1004 1636 vedasti
1025 1575 1117 1636 Atre·

320 1666 431 1731 beten.
446 1670 1117 1732 61616166(1161666166.661161661)1)611-

319 1763 382 1828 bus
395 1769 577 1828 Γ16666666.
590 1767 753 1839 diaecesis,
767 1768 919 1838 salutem,
932 1769 994 1828 616.

362 1864 577 1940 significante
596 1864 731 1926 Oddone
746 1864 1114 1925 6666616616616666.

320 1960 362 2022 61
371 1963 687 2023 nostramnoveritis
698 1961 901 2022 audientiam
913 1962 1114 2038 pervenisse,

320 2059 498 2136 quodcum
522 2059 748 2135 interipsum,
773 2059 806 2120 et
829 2058 997 2119 oddonem
1010 2059 1117 2119 civem

322 2155 516 2216 laudunen.
533 2171 682 2216 coram...
696 2154 815 2217 abbata
829 2155 941 2216 Sancti
953 2154 1116 2217 lobannis
1148 2221 1149 2230 χ

321 2253 356 2314 16
369 2253 546 2314 valencen.
562 2255 595 2315 et
606 2253 835 2331 conjudicibus
844 2253 913 2312 suis
928 2267 1031 2329 super
1039 2268 1118 2328 qua·

323 2349 399 2411 dam
435 2365 562 2411 summa
591 2350 741 2427 pecunia
771 2349 969 2411 auctoritate
1003 2350 1116 2418 nostra

321 2447 461 2525 questro
489 2449 684 2518 verteretur,
713 2449 746 2509 et
772 2447 872 2508 iidem
899 2447 1014 2508 contra
1041 2463 1116 2507 eum

321 2545 470 2621 iniquam
483 2543 692 2606 diffinitivam
705 2545 903 2606 sententiam
914 2543 1116 2621 promulgas·

321 2645 406 2713 sent,
429 2641 501 2718 ipse
529 2641 570 2702 ad
598 2641 821 2718 Apostolicam
851 2641 969 2702 sedem
995 2642 1114 2718 appel-

321 2738 431 2799 lans...
464 2737 576 2800 abbati
596 2739 709 2800 Sancti
734 2737 902 2800 vincentii
920 2739 1114 2800 laudunen.

215 2887 222 2894 .
320 2839 400 2898 tunc
412 2835 516 2914 priori
534 2835 647 2896 Sancti
661 2835 795 2896 Thomae
817 2835 1011 2896 Laudunen.
1027 2835 1114 2896 dioc-

321 2933 407 2994 cesis
431 2933 465 2994 et
489 2932 718 3010 conjudicibus
746 2933 815 2993 suis
836 2933 981 3008 cognitio
1010 2933 1116 3008 ipsius

320 3026 520 3089 sententiaa
532 3025 627 3086 nobis
640 3026 782 3088 obtinuit
791 3025 950 3102 delegari,
960 3027 1016 3103 qui
1028 3041 1112 3098 eam,

320 3123 475 3200 exigente
482 3121 626 3200 justitia,
635 3123 878 3184 sententialiter
893 3122 1113 3185 infirmarunt.

321 3221 435 3283 Dictus
449 3236 530 3282 vero
552 3220 635 3281 civis
663 3235 764 3281 66666
789 3219 985 3295 subteriugii
1001 3235 1115 3281 vocem

319 3318 360 3380 ad
376 3318 680 3395 nosappellationis
700 3317 853 3379 emittens
874 3331 913 3378 ac
930 3333 1115 3394 proponens

321 3431 357 3476 se
370 3415 443 3476 ideo
460 3414 749 3492 appellasse,quod
762 3414 893 3491 judices
910 3416 984 3475 acta
995 3413 1115 3490 judicii

316 3513 413 3590 Juxta
439 3513 605 3588 generalis
628 3512 750 3573 statuta
770 3511 910 3573 Consilii
926 3527 992 3572 non
1008 3511 1114 3572 iacie-

320 3609 400 3671 bant
427 3609 539 3681 scribi,
561 3609 733 3671 humiliter
754 3609 908 3690 requisiti
931 3625 1031 3686 super
1052 3610 1115 3670 boc

321 3707 479 3784 qrrasdam
496 3721 515 3767 a
536 3705 632 3767 nohis
647 3706 776 3768 litteras
791 3707 831 3767 ad
847 3721 934 3782 mag.
952 3708 991 3766 Η.
1009 3721 1115 3768 cano-

319 3803 430 3864 nicum
447 3802 559 3864 Sancti
584 3803 759 3880 Gangerici
775 3803 808 3863 at
827 3805 899 3880 ejus
924 3801 1115 3879 conjudices

319 3901 521 3978 impetravit,
538 3915 557 3961 6
571 3899 691 3977 quihus
705 3900 812 3962 dictus
825 3901 1006 3960 canonicus
1020 3915 1064 3960 ex
1076 3915 1115 3960 eo

320 3998 466 4060 sentiens
490 3997 638 4060 indebite
654 4015 690 4060 se
714 3998 860 4074 gravari,
875 3997 961 4076 quod
986 3997 1115 4074 copiam

319 4096 424 4158 libelli
449 4111 545 4176 quem
568 4097 683 4158 contra
709 4109 783 4157 eum
810 4095 1012 4158 formaverat
1037 4109 1115 4173 pars

317 4195 470 4266 adversa,
488 4194 594 4256 eidem
615 4192 726 4254 iacere
745 4191 963 4268 denegabant,
977 4192 1009 4254 et
1025 4195 1116 4269 post-

317 4291 462 4362 modum,
481 4289 553 4367 ipso
567 4291 714 4361 absente,
729 4305 796 4351 666
809 4291 920 4350 16666
932 4305 991 4365 per
1005 4291 1118 4351 contu·

318 4387 460 4448 maclam
472 4387 690 4447 admittebant
699 4388 800 4447 testes
811 4386 852 4446 ab
865 4385 1007 4447 adversa
1023 4389 1115 4463 parte

318 4485 505 4562 productos,
529 4485 676 4544 nostram
698 4482 902 4544 audientiam
922 4483 1113 4559 appellarit,

318 4581 375 4644 sed
385 4581 484 4642 iidem
492 4581 633 4658 judices,
643 4579 1114 4656 appellationeliujnsmodiri·

318 4681 458 4758 linense,
470 4677 620 4755 praedicti
634 4675 762 4737 abbatis
773 4677 885 4738 Sancti
896 4677 1073 4748 vincentii,
1084 4679 1116 4740 et

319 4791 454 4836 suorum
470 4774 679 4852 conjudicum
692 4789 883 4851 processum
895 4790 954 4851 per
966 4775 1114 4852 iniquam

317 4873 527 4934 diffinitivam
541 4871 737 4933 sententiam
747 4871 969 4945 infirmarunt,
982 4872 1017 4932 in
1027 4889 1116 4933 eum·

318 4971 392 5032 dem
417 4969 634 5031 nibilominus
654 4969 1006 5032 excommunicationis
1033 4986 1114 5030 sen·

318 5067 456 5130 tentiam
472 5065 686 5145 pmierentes.
713 5067 806 5128 Unde
826 5065 922 5128 nobis
944 5065 1116 5128 humiliter

316 5163 534 5244 supplicabat,
551 5164 588 5226 ut
602 5179 675 5225 cum
697 5163 739 5224 ad
751 5164 916 5226 cautelam
931 5177 992 5240 per
1005 5164 1116 5240 poeni-

316 5263 509 5328 tentiarium
524 5263 673 5323 nostrum
685 5260 843 5322 iacientes
859 5259 998 5333 absolui,
1010 5259 1116 5322 16111-

318 5375 491 5425 versarum
505 5359 744 5420 sententiarum
756 5358 1002 5420 intricationem
1012 5357 1116 5434 expli-

318 5461 389 5520 cari
413 5473 471 5536 per
495 5457 657 5519 discretos
673 5457 803 5534 aliquos
828 5455 1024 5516 faceremus.
1046 5456 1114 5516 Nos

318 5555 420 5630 igitur
436 5557 534 5617 tinem
550 5555 675 5632 imponi
689 5553 803 5615 litibus
811 5551 993 5629 cupientes,
1008 5553 1114 5614 eidem

1170 403 1332 464 canonico
1357 418 1418 480 per
1442 401 1727 479 poenitentiarium
1749 405 1899 466 nostrum
1925 407 1967 468 ed

1171 499 1335 562 cautelam
1359 499 1521 564 beneficio
1549 497 1769 564 absolutionis
1799 501 1965 577 impenso,

1171 599 1443 675 perspectores
1470 597 1565 660 robis
1594 600 1719 675 scripta
1752 599 1965 673 mandemus,

1171 696 1335 771 qnatenus
1350 695 1391 756 da
1406 695 1552 756 omnium
1563 696 1714 771 judicum
1732 696 1966 772 praedictorum

1172 807 1329 870 processu
1345 793 1487 853 veritate
1508 793 1640 868 plenius
1664 793 1833 869 indagata,
1858 794 1965 866 illurn,

1172 905 1268 966 quem
1282 890 1400 950 merito
1412 889 1833 966 rideriiisapprobendum,
1854 891 1966 953 iacia-

1170 989 1215 1048 116
1229 988 1426 1048 auctoritate
1439 989 1564 1054 nostra,
1588 987 1718 1049 sublato
1732 989 1967 1064 appellationis

1171 1083 1365 1156 obstaculo,
1394 1083 1633 1146 inviolabiliter
1666 1084 1850 1147 observari.
1883 1089 1967 1146 ’166-

1170 1183 1232 1249 166,
1248 1183 1309 1243 616.
1328 1181 1419 1253 Quod
1435 1183 1464 1242 si
1477 1197 1543 1242 non
1556 1197 1682 1253 omnes,
1695 1185 1757 1246 etc.
1773 1184 1969 1246 1161661111-

1170 1277 1280 1350 terbii,
1297 1277 1408 1339 idibus
1422 1279 1578 1352 octobris,
1590 1293 1678 1340 anno
1692 1281 1822 1356 quarto.

1505 1437 1632 1524 XXVI

1171 1571 1569 1645 Adarclrtprcsbpterum
1580 1573 1727 1644 Maioris
1744 1575 1906 1634 Ecclesiae
1931 1575 1969 1635 ai

1209 1669 1556 1730 Sancttbaurentiiet
1569 1671 1687 1731 Sancti
1697 1669 1861 1743 Stephani
1871 1675 1967 1744 6616-

1210 1780 1270 1826 res
1283 1767 1424 1827 Floreat
1428 1769 1512 1826 tuos.

1438 1869 1471 1926 ib
1492 1868 1600 1928 octobr.
1621 1869 1700 1928 1119.

1303 1973 1397 2038 [lami.
1407 1975 1473 2027 Eccl.
1487 1976 1599 2026 florent.
1612 1977 1680 2026 1166.
1691 1975 1734 2035 111,
1746 1977 1828 2042 lm]

1172 2071 1314 2128 lionorius
1345 2073 1385 2129 lll
1410 2085 1527 2129 causam
1565 2071 1680 2146 delegat
1714 2073 1961 2148 archipresbytero

1207 2160 1379 2230 Florentino,
1390 2167 1419 2217 et
1433 2161 1462 2218 S.
1480 2161 1622 2218 Laurentii
1642 2168 1672 2218 61
1686 2163 1713 2219 S.
1731 2163 1866 2235 Stephani
1886 2167 1961 2236 prio·

1206 2247 1285 2306 rrbus
1299 2249 1478 2318 Florentinis,
1502 2249 1578 2306 inter
1595 2251 1762 2323 episcopum
1779 2253 1924 2310 Lucanum
1938 2261 1967 2312 et

1208 2335 1340 2394 6116166
1356 2337 1392 2396 16
1407 2339 1524 2395 Serena.

1210 2445 1376 2506 Honorius
1387 2447 1561 2522 episcopus
1576 2461 1693 2508 servus
1708 2461 1880 2509 servorum
1893 2449 1963 2516 Dei.

1171 2541 1299 2602 dilectis
1328 2542 1405 2603 tiliis
1431 2541 1717 2619 archipresbytero
1742 2545 1966 2622 1161666116-

1171 2638 1292 2710 6166166,
1309 2641 1343 2700 61
1363 2638 1475 2700 Sancti
1499 2639 1681 2712 Laurentii,
1697 2643 1730 2702 et
1753 2641 1865 2702 Sancti
1886 2643 1963 2702 Ste-

1171 2735 1271 2812 66661
1300 2735 1482 2814 prioribus,
1509 2736 1722 2808 Florentinis,
1752 2738 1894 2800 salutern
1933 2739 1968 2800 61

1170 2833 1387 2909 apostolicam
1402 2833 1675 2896 benedictionem.

1210 2931 1420 2992 Venerabilis
1460 2931 1565 2992 irater
1604 2932 1716 2993 noster
1719 2975 1779 2992 .....
1812 2933 1965 2992 Lucanus

1171 3027 1345 3104 episcopus
1361 3029 1558 3088 transmissa
1569 3025 1691 3088 dudum
1701 3027 1794 3090 nobis
1805 3029 1965 3105 petitione

1171 3125 1377 3196 monstravit,
1390 3125 1514 3201 quod...
1529 3124 1631 3188 abbas
1649 3127 1682 3187 et
1696 3127 1876 3188 conventus
1892 3141 1967 3186 mo-

1171 3222 1308 3282 nasterii
1324 3221 1364 3284 de
1379 3225 1503 3282 Serena
1515 3237 1615 3299 super
1627 3223 1821 3299 quibusdam
1838 3237 1966 3299 posses·

1171 3319 1320 3378 sionibus
1333 3322 1365 3380 61
1379 3319 1477 3380 rebus
1494 3319 1569 3380 aliis
1584 3319 1831 3396 injuriabantur
1846 3319 1965 3391 eidem,

1170 3431 1270 3492 super
1282 3415 1401 3492 quibus
1427 3417 1505 3478 ad...
1522 3417 1673 3478 abbatem
1688 3417 1728 3478 de
1746 3417 1867 3488 Quiesa
1882 3433 1963 3478 nos-

1170 3513 1239 3573 tras
1254 3513 1290 3573 in
1306 3513 1472 3573 communi
1488 3513 1593 3574 forma
1611 3514 1739 3576 litteras
1762 3515 1963 3589 impetravit,

1171 3626 1282 3672 coram
1296 3627 1359 3687 quo
1375 3611 1523 3686 ejusdem
1538 3612 1684 3688 episcopi
1699 3613 1895 3689 procurator
1910 3611 1964 3671 16-

1170 3709 1221 3766 ter
1235 3707 1302 3768 alie
1325 3707 1419 3784 petiit
1441 3723 1554 3768 omues
1567 3710 1685 3780 terras,
1703 3707 1867 3778 homines,
1881 3725 1976 3784 pos-¹

1170 3804 1336 3864 sessiones
1362 3806 1396 3865 et
1420 3805 1579 3874 redditus,
1608 3820 1689 3881 qrros
1716 3805 1781 3880 ipsi
1804 3804 1905 3865 abbas
1930 3807 1964 3866 et

1170 3901 1351 3962 conventus
1378 3901 1419 3962 de
1448 3903 1584 3974 Serena,
1601 3901 1653 3962 rel
1677 3901 1763 3961 alius
1786 3915 1845 3977 pro
1870 3901 1967 3972 eis,a

1170 3997 1335 4058 ailrrmine
1347 3999 1475 4060 Cecinae
1488 3997 1646 4076 usquead
1661 3997 1966 4066 tricameratam

1171 4109 1275 4171 usque
1300 4093 1341 4156 ad
1367 4097 1506 4167 Arnum,
1522 4099 1562 4160 61,
1578 4095 1722 4157 maxime
1740 4097 1775 4156 in
1791 4093 1963 4167 Mollian0,

1171 4193 1382 4266 Lucagnano,
1408 4193 1598 4268 Perignano
1624 4193 1772 4266 Padulae,
1804 4195 1836 4253 S.
1854 4194 1963 4263 Petro,

1170 4291 1281 4350 Monte
1315 4289 1462 4361 Culacio,
1497 4291 1622 4351 solatio
1657 4289 1822 4361 sorculae,
1852 4289 1966 4360 Alica,

1170 4387 1333 4458 lolliano,
1351 4389 1461 4448 Monte
1475 4387 1628 4459 Castalio,
1643 4386 1733 4448 Colle
1746 4386 1881 4458 cavelli,
1897 4387 1964 4448 Ta·
2016 4384 2020 4394 '

1169 4481 1273 4554 verto,
1287 4485 1445 4546 eteorum
1458 4483 1571 4556 curiis,
1591 4499 1691 4562 supra
1707 4481 1974 4561 pretenderent„

1171 4581 1206 4642 ut
1220 4579 1359 4641 dicebat.
1375 4581 1487 4642 Dictus
1503 4596 1581 4642 vero
1592 4579 1695 4641 abbas
1707 4579 1747 4640 de
1764 4582 1872 4652 Quesa
1885 4595 1966 4656 per-

1170 4679 1235 4738 tem
1262 4677 1391 4755 praelati
1411 4679 1604 4738 monasterii
1619 4678 1777 4754 reputans
1791 4679 1974 4739 66616666--

1170 4791 1252 4848 cem,
1280 4777 1531 4850 procuratorem
1559 4775 1668 4851 ipsum
1694 4791 1754 4851 pro
1779 4778 1849 4852 jam
1878 4775 1967 4836 dicto

1170 4871 1379 4950 6616666616
1404 4873 1646 4948 possessionem
1659 4873 1806 4934 omnium
1819 4872 1965 4948 praedic-

1169 4971 1290 5038 torum,
1302 4971 1374 5044 post
1386 4967 1641 5045 appellationem
1657 4967 1702 5029 ad‘
1712 4982 1771 5030 nos
1788 4969 1968 5045 interposi-

1169 5069 1248 5138 tam,
1266 5065 1413 5129 decrevit
1430 5081 1531 5127 cause
1542 5065 1701 5128 custodiae
1723 5067 1963 5140 inducendum

1170 5167 1204 5226 et
1216 5163 1293 5224 licet
1306 5163 1437 5224 libellus
1456 5163 1593 5226 oblatus.
1613 5163 1852 5244 quodammodo
1868 5161 1967 5226 fuerit

1170 5259 1339 5321 coniectus
1355 5275 1459 5337 super
1480 5261 1628 5333 incertis,
1642 5275 1716 5322 cum
1732 5275 1832 5336 super
1844 5276 1967 5337 appre-

1170 5357 1285 5429 hensa,
1328 5374 1400 5435 quae
1435 5359 1529 5436 quasi
1568 5357 1628 5418 sub
1660 5357 1833 5419 involucro
1873 5358 1981 5434 6616--

1169 5453 1303 5522 bantur,
1326 5455 1360 5515 in
1389 5472 1429 5516 eo
1458 5455 1648 5532 specificata
1673 5469 1738 5516 non
1766 5453 1903 5527 tuerint3
1934 5457 1968 5515 et

1170 5551 1218 5611 sic
1251 5552 1357 5614 dictus
1397 5552 1498 5614 abbas
1532 5567 1631 5628 super
1664 5551 1800 5646 incertis
1831 5567 1968 5629 proces-

2128 173 2131 264 l
