4300 6392
158 323 218 384 393

158 479 317 557 suboriri,
331 481 400 544 tam
418 493 518 556 super
527 482 597 558 jam
611 477 783 556 acquisitis
798 494 898 556 quam
913 478 952 539 de

157 579 290 648 caetere,
310 577 409 638 dante
423 577 574 649 Domino,
587 576 808 653 acquirendis,
821 576 952 652 plenam

93 749 97 755 .
156 675 222 751 ipsi
236 675 345 750 legato
361 673 513 752 (Pelagio
532 675 661 744 seilicet
683 672 952 750 episcopoAlba-

157 772 265 842 nansi,
294 785 390 848 quem
410 771 509 847 paulo
533 771 610 832 aute
632 769 674 832 ob
701 769 952 831 similitudinem

156 867 305 932 muneris
318 884 382 944 quo
395 868 430 930 in
446 869 505 928 Dei
517 867 666 929 exeroItu
678 867 878 943 Apostollcae
892 869 954 928 Se-

158 965 210 1028 dis
234 966 368 1028 nomine
396 964 608 1040 fungebatur,
633 967 735 1027 Josue
763 964 954 1041 appellave-

158 1061 240 1142 rat),
256 1064 324 1125 tam
339 1063 374 1122 in
388 1061 626 1139 temporalibus
635 1076 733 1138 quam
745 1061 781 1122 in
795 1061 953 1137 spiritua-

159 1159 248 1222 libus
262 1159 487 1222 oommlsimus
504 1159 699 1235 potestatem
719 1158 765 1220 ita
780 1158 816 1219 ut
831 1173 890 1235 per
903 1173 950 1230 se,

159 1257 217 1320 aut
238 1273 297 1333 per
323 1257 407 1318 alins
428 1256 532 1318 libere
555 1256 645 1317 illam
665 1255 830 1326 exerceat,
856 1257 953 1332 prout

159 1369 214 1414 ras
235 1353 401 1416 ridebitur
419 1353 599 1430 postulare.
619 1353 762 1429 Ideoque
781 1355 952 1414 universi-

158 1453 259 1514 tatem
278 1453 424 1514 rosham
442 1465 598 1526 rogamus
617 1450 775 1512 abentius
790 1451 822 1510 et
838 1451 954 1512 horta-

157 1567 251 1622 mur,
278 1565 339 1626 per
358 1547 548 1625 apostolica
570 1545 664 1607 vobis
686 1547 810 1623 scripta
834 1547 954 1623 praeei-

160 1649 282 1724 piendo
301 1645 677 1721 mandantes,quatenus
693 1645 799 1704 eidem
814 1645 849 1705 in
864 1661 953 1722 pree·

159 1745 259 1806 dictis
286 1743 439 1805 omnibus
462 1741 580 1802 devote
608 1757 647 1802 ac
671 1741 842 1803 humiliter
862 1758 953 1803 more

159 1842 258 1902 solito
270 1840 461 1902 intendatis.
478 1841 594 1899 natum
606 1837 745 1899 viterbii
759 1839 803 1898 Vl
818 1839 950 1900 kalend.

161 1938 284 2010 martii,
301 1936 512 2015 pontificatus
528 1935 634 1996 nostri
651 1949 738 1996 anno
758 1938 812 1996 IV.

449 2113 664 2200 LXXXVII

190 2251 241 2310 Ad
261 2249 415 2351 abbatem
438 2247 471 2307 et
486 2248 691 2306 conuentum
710 2249 926 2320 Appietatem.

460 2357 495 2416 w
506 2355 562 2416 leb.
574 2358 653 2416 irio.
670 2387 672 2392 ·

185 2469 305 2532 [Regest.,
319 2467 364 2518 lib.
376 2465 418 2526 IV,
433 2466 506 2529 epist.
516 2463 570 2515 ddi.
585 2464 642 2512 llas.
654 2463 690 2514 Le
704 2465 777 2514 Porio
789 2465 824 2515 du
834 2465 928 2532 Thali]

163 2573 274 2631 inhibet
289 2587 326 2630 ne
342 2573 406 2646 qun
421 2571 629 2630 monachorum
647 2571 773 2642 ipsorum
788 2574 953 2630 monasterii

196 2661 533 2720 sineeouventuslitteris
546 2666 696 2735 pecuniam
712 2671 811 2722 mutuo
824 2662 954 2734 accipere

197 2751 299 2822 possit.

201 2860 379 2932 Honorius,
403 2862 477 2932 etc,
498 2861 628 2923 dilectis
652 2861 767 2922 filiis...
793 2859 903 2922 abbati
921 2862 955 2921 et

162 2957 338 3018 conventui
350 2957 571 3034 aquiunten„
588 2958 740 3029 salutem,
756 2960 817 3018 etc.

192 3053 651 3131 Quiameliusestintempore
660 3069 846 3124 occurrere,
855 3068 952 3130 quam

162 3152 237 3226 post
250 3153 375 3212 exitum
390 3151 571 3223 vindicare,
587 3151 794 3213 indemnitati
804 3149 953 3211 ecclesiae

162 3248 283 3316 vestrae
301 3248 437 3324 paterna
461 3249 683 3311 sollicitudine
701 3248 874 3324 providere
889 3263 953 3308 vo-

161 3345 278 3416 lentes,
294 3346 491 3407 auctoritaie
512 3347 726 3422 praesentium
751 3345 951 3414 inhibemus,

161 3457 204 3502 na
218 3441 319 3503 alicui
334 3443 571 3504 monachorum
591 3443 783 3504 monasterii
799 3442 901 3504 vestri
916 3441 954 3500 li·

162 3540 237 3600 eeat
250 3539 425 3615 pecuniam
446 3540 599 3615 accipere
622 3541 735 3600 mutuo
764 3539 836 3599 sine
867 3553 952 3599 oon-

161 3639 281 3698 veutus
296 3635 427 3706 fitteris
437 3637 471 3697 et
484 3651 635 3708 assensu,
648 3637 682 3698 et
696 3636 725 3696 si
738 3635 851 3697 forsan
862 3637 955 3711 quis·

163 3747 261 3809 quam
281 3732 396 3794 contra
418 3731 650 3794 inhibitionem
684 3735 831 3794 nostram
853 3747 953 3794 aece-

162 3829 269 3906 perit,
312 3829 521 3896 decernimus
562 3831 799 3892 monasterium
834 3817 974 3891 exinde

161 3926 297 3989 minime
311 3917 463 4002 obligati.
480 3927 572 3988 Nulli
587 3942 678 4003 erge,
694 3929 770 3994 etc„
787 3927 873 3987 hanc
895 3941 956 4002 pa-

161 4024 276 4098 ginam
291 4024 413 4084 nostrae
426 4023 646 4094 inhibitionis,
671 4026 733 4085 etc.
751 4024 786 4083 Si
805 4023 878 4100 quis
894 4039 956 4083 au·

161 4121 240 4188 tem,
256 4120 317 4181 etc.
335 4121 407 4180 Dat.
431 4119 582 4190 viterbii,
608 4121 723 4196 quinto
741 4120 808 4180 kal.
830 4119 953 4192 martii,

162 4215 373 4292 pontificatus
384 4216 490 4279 nostri
501 4232 591 4280 anuo
606 4217 735 4294 quartu.

160 4537 212 4598 Ad
223 4539 380 4611 priorem
392 4537 425 4598 ei
440 4536 814 4610 transcurreremus&
829 4537 956 4598 Martae

463 4636 505 4694 de
531 4636 657 4698 Vinets,

457 4747 491 4804 2¹!
511 4745 566 4803 leb.
585 4745 663 4804 lm

261 4849 377 4916 [liipollt
388 4850 456 4902 ltull.
466 4853 522 4902 ord.
535 4851 650 4910 ProedIc,
662 4851 717 4911 llll,
729 4861 795 4913 ngr·
804 4850 856 4916 db]

162 4953 243 5022 ipsos
268 4949 367 5006 laudnt¹
388 4947 462 5021 quod
488 4947 587 5007 iratres
606 4949 713 5007 ordinis
736 4949 955 5008 Prndicatorum

196 5039 227 5094 io
240 5051 320 5095 saara
337 5038 443 5111 pagina
455 5037 602 5096 studentes
620 5037 695 5111 apud
714 5039 841 5098 Parisios
856 5035 954 5096 conlo·

196 5133 293 5186 neunt.

201 5235 379 5307 lionorlus,
396 5235 471 5306 etc,
488 5234 617 5295 dilectis
633 5234 711 5294 filiis
725 5235 830 5311 priori
844 5236 876 5297 et
893 5235 956 5298 fra·

162 5331 267 5394 tribus
282 5333 463 5394 conventus
480 5333 512 5392 S.
532 5331 647 5392 Mariae
670 5331 840 5393 devincis
860 5334 955 5394 extra

162 5429 295 5492 Portam
329 5431 491 5490 Parisien.
523 5428 722 5500 constitutis,
754 5429 895 5491 salutem
923 5431 956 5492 et

162 5527 376 5603 apostolicam
391 5525 666 5588 benedictionem.

204 5627 339 5685 Gratum
354 5625 499 5700 gerimus
515 5623 599 5702 prod
620 5623 756 5685 dilectos
780 5623 865 5684 tilios
888 5623 956 5684 fra-

778 321 1005 381 EPISTOLAE.
1029 323 1106 381 LIB.
1131 321 1184 381 iv.
1248 381 1250 386 ,

1742 321 1800 381 394

1008 479 1075 540 tres
1091 479 1217 540 ordinis
1239 481 1497 543 rraeoioalorum
1516 481 1550 540 in
1566 495 1661 542 sacra
1677 479 1798 557 pagina

1008 575 1176 638 studentes
1192 576 1277 654 apud
1293 577 1441 638 Parisios
1453 578 1489 638 in
1503 575 1687 641 visceribus
1708 575 1799 636 cari-

1007 672 1084 732 tatis
1108 673 1239 742 vestrae,
1270 673 1401 750 pletatis
1439 671 1557 735 officiis
1585 671 1800 734 laudabiliter

1008 767 1222 842 confoveatis
1248 773 1310 831 etc.
1328 772 1483 832 Datum...
1515 771 1558 832 1v
1582 769 1650 831 kal.
1671 767 1796 841 Martii,

1008 853 1219 941 pontificatus
1233 866 1340 929 nostri
1356 881 1443 929 anno
1459 867 1588 945 quarto.

1309 1061 1501 1147 LXXXIX

1006 1191 1060 1252 Ad
1093 1195 1260 1254 decanam
1285 1195 1402 1256 Sancti
1436 1195 1610 1268 Stephani,
1645 1197 1802 1268 priorem

1046 1290 1166 1351 Sancti
1175 1294 1288 1362 Pauli,
1300 1293 1333 1352 et
1344 1293 1523 1353 curatorem
1537 1293 1655 1352 Scrtctt
1670 1293 1801 1353 lobora-

1046 1389 1102 1447 nts
1116 1388 1386 1448 Bienniinensts.

1308 1509 1342 1566 28
1362 1505 1417 1568 feb.
1439 1509 1518 1567 lino.

991 1634 994 1641 ’
1033 1620 1151 1686 [Regest.,
1163 1622 1208 1675 lib.
1220 1623 1262 1679 IV,
1274 1623 1348 1688 epist.
1361 1623 1416 1674 fill.
1432 1625 1489 1674 lise.
1502 1625 1539 1676 La
1552 1625 1627 1677 Porto
1637 1623 1672 1674 du
1682 1623 1777 1690 Thali]

1008 1735 1138 1822 intelam
1160 1735 1310 1798 abbanssae
1338 1742 1367 1794 et
1390 1744 1550 1794 conventus
1588 1736 1800 1794 homericensis

1106 1823 1244 1884 adversus
1253 1825 1439 1882 molestantes
1454 1825 1496 1882 eis
1510 1819 1703 1882 commendat.

1049 1940 1227 2012 Honorius,
1272 1940 1329 2013 to,
1371 1941 1500 2005 dilectis
1531 1941 1647 2002 illlis...
1676 1941 1801 2002 decano

1010 2037 1123 2099 Sancti
1144 2037 1340 2114 Stephani...
1363 2038 1468 2114 priori
1487 2039 1595 2099 sancti
1610 2038 1706 2100 Pauli
1729 2040 1798 2098 et...

1009 2135 1137 2194 cantori
1172 2135 1284 2197 Sancti
1311 2134 1474 2198 iohannis
1505 2135 1682 2204 Bisuuhu..
1710 2134 1803 2196 salu-

1007 2232 1085 2302 tem,
1102 2231 1165 2294 etc.

1051 2331 1229 2400 Suessano,
1243 2328 1335 2390 velut
1346 2328 1435 2404 ignis
1445 2329 1598 2404 impietas
1612 2327 1704 2390 tanto
1722 2344 1803 2389 oon·

1008 2425 1060 2488 tra
1075 2425 1246 2497 ecclesias,
1268 2427 1302 2486 et
1315 2439 1475 2502 personas
1490 2425 1799 2490 ecclesiastmasva·

1009 2521 1109 2582 lidius
1123 2521 1358 2592 inflammatur,
1373 2523 1495 2598 quanto
1508 2521 1654 2584 rariores
1672 2523 1726 2599 qui
1743 2538 1801 2582 ees

1009 2617 1129 2678 eruant
1151 2617 1280 2682 invenlt
1302 2617 1497 2694 objectores.
1520 2620 1628 2688 Quare
1650 2633 1722 2690 nos,
1744 2618 1801 2694 qui

1009 2715 1203 2790 disponente
1227 2715 1378 2786 Domino,
1402 2714 1481 2776 licat
1505 2715 1661 2776 immeriti
1688 2731 1801 2780 curam

1007 2813 1160 2872 tenemur
1171 2826 1288 2886 gerere
1302 2812 1503 2886 generalem,
1534 2811 1579 2872 ibi
1597 2811 1715 2873 fortine
1735 2827 1795 2873 re-

1009 2908 1128 2976 sistere
1152 2908 1312 2982 cogimur,
1337 2908 1393 2968 ubi
1415 2909 1665 2984 persecutorum
1682 2907 1801 2970 imma-

1008 3004 1096 3065 nitas
1122 3004 1342 3080 periculosius
1357 3005 1569 3068 exoandescIt
1591 3009 1623 3065 ei
1650 3005 1801 3081 objectus

1008 3101 1149 3165 debilior
1161 3101 1340 3164 invenitur.
1358 3103 1437 3164 Cum
1453 3102 1555 3178 igitur
1565 3102 1653 3164 sicui
1671 3101 1800 3164 dilectae

1008 3200 1043 3258 in
1067 3199 1198 3260 GhrIsto
1222 3199 1336 3259 iiliae...
1372 3198 1540 3263 abbatIssa
1560 3202 1594 3262 et
1618 3200 1801 3262 conventus

1008 3296 1217 3359 Romaricen.
1259 3295 1354 3356 nobis
1393 3295 1536 3358 feliciter
1585 3297 1799 3367 intimarunt,

1009 3393 1109 3455 flante
1123 3392 1254 3455 turbine
1267 3393 1433 3469 aquilonis
1446 3394 1715 3470 persecutionum
1732 3393 1803 3456 for-

1008 3505 1077 3550 nax
1099 3489 1259 3550 adversus
1276 3505 1332 3552 aas
1352 3490 1386 3552 et
1399 3505 1513 3553 earum
1527 3491 1705 3552 ecclesIam
1722 3505 1801 3566 sep-

1009 3587 1136 3663 tuplum
1152 3602 1249 3662 quam
1277 3586 1433 3648 succendi
1450 3587 1555 3649 soleat
1580 3587 1801 3650 succendatur

1009 3681 1041 3744 ot
1051 3683 1178 3760 jugIter
1190 3684 1385 3756 invalescat,
1402 3700 1477 3746 cum
1496 3701 1539 3746 ex
1553 3701 1656 3748 sexus
1671 3684 1804 3760 fragili·

1008 3781 1076 3844 tate
1089 3780 1286 3842 Imbecillior
1298 3782 1342 3842 sit
1355 3781 1403 3842 eis
1423 3782 1568 3856 potentia
1581 3783 1800 3858 repugnandi,

1008 3877 1803 3954 neantequameeclesiamipsamomninoexhau·

1009 3975 1085 4047 riat,
1101 3975 1134 4038 et
1148 3975 1277 4045 extuat,
1292 3975 1323 4035 ei
1334 3989 1528 4036 succurrere
1548 3975 1756 4042 intendentes
1771 3977 1805 4036 et

1009 4071 1275 4148 persecutoribus
1286 4071 1386 4134 etiam
1397 4071 1573 4133 consulere
1585 4071 1803 4136 nihilominus
1836 4135 1853 4163 ἡ

1009 4167 1219 4239 arbitrantes,
1237 4182 1280 4228 ne
1295 4183 1314 4228 a
1329 4167 1475 4228 fornacis
1485 4183 1582 4244 quam
1597 4167 1803 4232 succendunt

1009 4265 1168 4340 voragine
1192 4280 1266 4325 cum
1289 4263 1453 4324 Chaldaeis
1478 4267 1636 4342 perpetuo
1660 4281 1802 4330 succen-

1009 4362 1140 4433 dantur,
1164 4361 1357 4422 discretioni
1379 4365 1500 4422 vestrae
1533 4377 1593 4439 per
1612 4363 1803 4440 apostolica

1010 4458 1132 4536 scripta
1155 4457 1379 4536 praecipIendo
1399 4459 1610 4533 mandamus,
1640 4464 1803 4538 quatenus

1010 4553 1197 4627 ecclesiam,
1216 4555 1249 4616 et
1268 4571 1428 4632 personas
1449 4557 1625 4633 praedictas
1646 4573 1707 4634 pro
1721 4557 1804 4618 uiri-

1010 4652 1071 4713 bus
1086 4651 1309 4719 defendentes,
1335 4653 1487 4729 quotIens
1508 4651 1549 4713 ab
1570 4652 1653 4729 ipsis
1673 4651 1803 4716 fueritis

1010 4748 1162 4826 repulsiti
1175 4748 1349 4826 quoslibet,
1373 4749 1429 4826 qui
1445 4749 1493 4810 eis
1513 4749 1548 4810 in
1570 4751 1732 4826 personis,
1749 4751 1802 4811 vel

1010 4846 1109 4908 rebus
1124 4845 1398 4924 praesumpserint
1413 4844 1582 4908 molestias
1598 4847 1802 4925 velinjurias

1010 4943 1173 5018 irrogare,
1187 4942 1223 5004 ut
1237 4941 1277 5004 ab
1289 4955 1403 5003 eorum
1418 4941 1563 5004 indebita
1574 4943 1803 5007 molestatione

1011 5039 1181 5110 desistant,
1203 5041 1236 5100 et
1259 5037 1299 5100 de
1322 5039 1426 5100 illatis
1445 5039 1579 5117 injuriis
1600 5041 1803 5103 satisfactio-

1011 5152 1086 5198 nem
1098 5137 1147 5198 els
1159 5137 1338 5198 exhibeant
1353 5137 1603 5214 competentem,
1622 5139 1802 5200 monitione

1011 5234 1192 5311 praemisso,
1203 5247 1262 5310 per
1278 5249 1453 5294 censuram
1466 5235 1727 5296 ecelesiasticam
1743 5251 1804 5312 ap-

1011 5331 1188 5408 pellatione
1209 5331 1335 5391 remota
1361 5331 1490 5392 ratione
1511 5333 1636 5408 praevia
1658 5333 1803 5408 compel-

1011 5429 1097 5489 latis.
1113 5427 1202 5500 Quod
1219 5427 1248 5487 si
1259 5443 1325 5487 non
1338 5443 1462 5500 omnes,
1477 5430 1552 5500 etc,
1568 5429 1798 5499 ducrestrum‚

1010 5528 1072 5588 etc.
1097 5525 1214 5586 batum
1236 5523 1388 5597 Viterhii,
1413 5526 1558 5586 secundo
1582 5525 1648 5586 kal.
1677 5527 1799 5599 martii,

1012 5621 1222 5699 pontificatus
1237 5623 1340 5684 nostri
1356 5639 1443 5684 anno
1459 5624 1587 5700 quarto.
