4248 6410
1772 345 1831 408 712

191 346 248 412 741
815 341 1043 406 EPISTOLAE.
1066 343 1144 404 LIB.
1167 343 1206 402 V.

192 507 340 571 dexteras
357 503 558 570 venerabilis
575 505 678 567 irater
691 505 842 567 noster...
856 505 987 582 episco·
1038 501 1222 565 venerabili
1234 503 1367 564 fratri...
1379 503 1629 582 archiepiscopo
1641 506 1827 582 Dubiinen.,

193 601 987 682 pusostiensis,quidexteradivinatanquamce-
1039 601 1224 662 salutemet
1235 599 1450 676 apostolicam
1462 601 1738 664 benedictionem.

193 703 273 764 drus
287 699 403 764 Libani
414 701 581 779 plantatus
596 701 631 760 in
643 699 800 760 Ecclesiae
813 697 984 776 paradiso;
1079 699 1158 770 Quae
1187 710 1246 776 pro
1271 697 1488 760 ecclesiarum
1512 698 1632 761 decore
1660 715 1699 762 ac
1727 699 1832 762 divini

193 799 369 862 altitudine
385 798 672 875 contemplationis
689 797 811 868 rectust,
826 795 986 858 virtutum
1040 793 1184 854 nominis
1199 794 1289 856 cultu
1307 795 1443 871 provide
1460 795 1669 884 ordinantor,
1690 798 1834 873 Aposto-

193 897 296 958 odore
315 898 438 968 suavis,
455 896 552 958 famae
567 894 760 956 sinceritate
774 893 906 970 penitus
922 891 987 953 im·
1039 891 1105 952 lico
1120 889 1214 953 decet
1228 892 1411 953 munimine
1426 891 1589 963 roborari,
1605 891 1831 957 utinconcus-

194 994 373 1071 putribilis,
398 1009 466 1054 non
494 993 601 1054 solnm
636 1005 696 1051 sua
722 987 917 1052 fortitudine
944 987 986 1049 ad
1040 1004 1111 1050 sam
1139 988 1312 1051 obtineant
1335 989 1535 1051 firmitatem.
1563 993 1644 1050 Cum
1670 992 1774 1067 igitur
1797 992 1832 1052 in

194 1090 468 1150 sustentationem
480 1087 597 1148 domus
607 1085 738 1148 Domini
753 1087 920 1163 operatur,
935 1099 988 1146 ve·
1040 1085 1183 1146 ecclesie
1197 1086 1256 1147 tua
1267 1087 1476 1159 decanatum,
1485 1089 1751 1163 praesentariam,
1764 1090 1850 1150 the·

196 1199 270 1248 rum
283 1187 381 1248 etiam
397 1184 582 1246 honestatis
598 1183 742 1244 candore
757 1181 862 1259 ipsius
877 1194 988 1258 super
1041 1181 1240 1252 saniarium,
1255 1182 1489 1246 cancellariam
1500 1187 1533 1246 at
1543 1184 1626 1246 31133
1637 1189 1834 1261 personatus

197 1281 305 1344 ficiem
329 1282 557 1344 convenustat.
584 1280 648 1341 Sed
671 1279 750 1342 licet
769 1280 875 1356 ipsius
901 1289 988 1356 prae-
1041 1279 1177 1356 provide
1192 1279 1370 1351 ordinaris,
1387 1280 1485 1341 certis
1501 1281 1683 1342 redditibus
1699 1283 1762 1355 iris,
1777 1283 1835 1360 quui

195 1381 302 1443 sentia
315 1395 393 1441 cara
408 1395 475 1440 nou
488 1378 586 1440 valde
599 1393 751 1439 caremus
765 1377 874 1448 inviti,
888 1375 925 1436 ut
935 1387 989 1436 cn·
1041 1376 1250 1438 sustinebunt
1262 1393 1345 1437 onus
1361 1374 1545 1438 officiorum
1561 1378 1760 1455 hujusmodi,
1776 1380 1836 1440 de-

192 1479 248 1554 jus
266 1474 585 1538 auxilioetoonsiiio
598 1473 776 1552 plurimum
788 1473 986 1549 indigemus,
1041 1473 1164 1555 putatis
1179 1495 1187 1535 ε
1203 1473 1685 1551 333131333331333133113311,
1700 1476 1836 1538 ordina·
1917 1475 1923 1486 '

196 1574 363 1636 notamen
378 1573 501 1635 Christi
525 1573 693 1648 negotium
711 1571 833 1634 nostris
849 1571 987 1646 postpo-
1041 1571 1166 1632 tionem
1180 1572 1298 1647 ipsam,
1311 1571 1396 1632 sicut
1411 1567 1659 1649 pieacprovida
1673 1565 1759 1635 iacta
1773 1574 1834 1645 est,

196 1686 277 1732 nere
314 1670 494 1732 commodis
527 1670 726 1740 videremur,
755 1667 897 1730 eumad
926 1667 989 1728 hoc
1042 1667 1239 1730 auctoritate
1252 1667 1442 1744 1333131133
1456 1667 1702 1742 confirmanius,
1712 1671 1745 1732 et
1754 1685 1835 1746 prae·

196 1766 403 1844 providimus
427 1766 665 1843 deputandum,
683 1767 719 1827 ut
733 1763 873 1840 iungens
892 1762 989 1840 plene
1043 1765 1147 1828 sentis
1159 1765 1274 1842 scripti
1288 1765 1472 1842 patrocinio
1480 1767 1732 1828 communimus.
1742 1767 1837 1827 Nulli

196 1864 374 1940 legationis
400 1863 511 1926 oiitcio
543 1879 603 1939 pro
627 1863 758 1924 Christo
784 1860 990 1937 evangelizet
1042 1877 1134 1938 ergo,
1159 1861 1234 1933 eto„
1263 1863 1386 1923 nostrae
1421 1862 1683 1924 confirmationis
1710 1863 1837 1924 inirin-

196 1961 473 2039 populisverbum
484 1961 604 2032 crucis
616 1960 649 2022 et
661 1959 745 2020 alios
758 1962 848 2020 recte
860 1971 987 2033 regere,
1042 1973 1133 2034 gere,
1147 1960 1210 2020 etc.
1234 1959 1270 2020 Si
1287 1959 1361 2034 quis
1375 1959 1498 2030 autem,
1519 1961 1582 2023 etc.
1604 1961 1724 2024 Datum
1738 1961 1838 2024 Lute-

197 2074 237 2120 33
247 2057 412 2120 indirecta
428 2057 572 2133 dirigere
587 2057 754 2132 satagens,
770 2069 889 2131 aspera
908 2069 991 2116 con·
1043 2055 1128 2126 rum,
1139 2057 1169 2116 11
1178 2055 1254 2116 idus
1269 2054 1393 2128 martii,
1403 2056 1615 2131 pontificatus
1628 2057 1734 2119 nostri
1748 2073 1840 2120 auno

196 2155 306 2218 vertat
328 2155 364 2215 in
384 2155 494 2234 plana,
512 2153 710 2230 extirpando
730 2152 812 2213 vitia
836 2151 869 2214 et
889 2151 989 2227 plan·

197 2250 298 2314 tando
326 2252 477 2322 virtutes,
499 2251 628 2312 firmam
657 2265 748 2325 spem
770 2247 990 2324 fiduciamque

197 2350 359 2420 tenentes,
388 2348 474 2425 quod
503 2347 674 2419 Dominus,
702 2346 759 2423 qui
783 2344 814 2406 ei
840 2341 990 2421 linguam

198 2444 338 2508 contulit
348 2443 522 2514 eruditam,
536 2445 620 2506 dans
631 2443 706 2505 voci
715 2445 788 2520 ejus
802 2456 917 2503 vocem
927 2441 992 2504 vir·

197 2542 277 2605 tutis
302 2557 371 2603 snae
390 2541 427 2602 in
452 2539 661 2618 heneplacito
686 2551 746 2600 suo
771 2535 892 2615 cinget
918 2539 991 2600 vias

198 2639 281 2718 ejus,
307 2639 413 2716 ipsius
440 2638 608 2698 ioecundia
634 2637 761 2698 mentes
785 2636 991 2698 audientium

200 2735 431 2798 ioecundando.
456 2733 619 2795 Caeterum
642 2733 706 2794 etsi
730 2736 801 2810 ejus
827 2731 990 2810 exemplo,

199 2836 294 2912 cujus
308 2831 467 2895 immeriti
481 2833 588 2894 vicem
606 2831 752 2908 gerimus
766 2831 851 2906 quod
872 2830 930 2890 uni
950 2843 993 2891 ex

1043 2151 1170 2228 quinto.

1350 2329 1535 2417 uuxulv

1080 2472 1149 2557 ,At
1163 2471 1459 2546 urenteptsccpum
1472 2475 1790 2550 umuomopensem.

1330 2591 1459 2651 1531311.
1476 2593 1556 2652 liii.

1078 2705 1198 2771 [liegest.,
1212 2705 1258 2758 lib.
1271 2707 1303 2768 V,
1314 2708 1387 2774 epist.
1400 2707 1456 2757 lau.
1467 2709 1524 2758 1133.
1536 2710 1572 2760 Le
1583 2711 1658 2762 Poste
1667 2711 1703 2762 du
1712 2711 1809 2778 Tbeil.]

1088 2822 1220 2896 Praecipit
1229 2823 1258 2880 31
1266 2830 1298 2882 ut
1308 2824 1340 2882 u.
1352 2823 1389 2880 de
1399 2825 1495 2882 laune
1510 2825 1646 2886 clericum
1662 2825 1802 2886 beneflcio

199 2931 347 2992 minimis
367 2931 493 2993 nostris
510 2929 556 3000 iit,
575 2929 670 2990 nobis
695 2929 768 2989 lieri
788 2929 991 3005 reputemus,
1270 2911 1445 2985 prebendati
1458 2913 1617 2988 provident.

200 3022 403 3104 quietamen
426 3027 514 3088 sicut
536 3027 634 3088 stella
661 3025 773 3087 differt
795 3041 815 3086 a
837 3025 935 3086 stella
958 3025 994 3115 in
1025 3104 1026 3113 ἵ
1087 3030 1844 3112 1131333133,313.,3333331111113331333113313·

200 3125 361 3196 claritate,
379 3124 425 3186 ita
440 3125 596 3185 intereos
610 3126 664 3185 est
680 3124 836 3185 discretio
856 3123 995 3184 merito-
1047 3142 1130 3204 3333
1145 3127 1383 3204 Rotliomegcn.

200 3234 274 3282 rum
291 3243 298 3282 ε
315 3233 376 3282 nos
391 3221 562 3297 cupientes
584 3217 778 3297 praedictum
801 3220 993 3295 episcopum
1086 3226 1126 3287 nt
1144 3226 1174 3286 si
1192 3241 1236 3286 ex
1254 3227 1416 3302 susceptu
1437 3227 1608 3290 servitutis
1634 3227 1745 3290 eiiicio
1762 3229 1844 3292 iacti

199 3335 240 3381 eo
252 3320 449 3396 propensius
462 3319 632 3390 honorari,
648 3334 712 3395 quo
727 3331 788 3394 per
800 3333 875 3378 eum
892 3315 993 3378 Sedes
1026 3355 1028 3367 ,
1048 3322 1153 3382 simus
1173 3322 1326 3384 omnibus
1346 3322 1523 3395 debitores,
1540 3325 1707 3386 universis
1729 3327 1841 3388 tamen

198 3418 389 3494 apostolica
412 3416 587 3476 sublimius
608 3416 802 3487 honoratur,
825 3413 995 3476 universi·
1026 3495 1027 3502 ἵ
1048 3419 1843 3501 311111331331331133333333331313333333-

198 3517 302 3577 tatem
315 3516 461 3576 vestram
476 3527 644 3588 rogamus,
662 3525 834 3574 monemus
855 3513 888 3574 et
909 3512 992 3571 hor·
1026 3552 1027 3559 1
1048 3516 1179 3580 cialiter
1200 3516 1373 3592 obligatos,
1404 3519 1437 3580 et
1461 3519 1530 3580 illis
1556 3521 1752 3596 praesertim,
1783 3523 1845 3600 qui

199 3614 311 3674 tamur
325 3610 477 3683 ¹attente,
503 3625 543 3672 ac
569 3625 629 3687 per
653 3609 842 3686 apostolica
869 3609 994 3685 scripta
1047 3615 1220 3676 honestate
1244 3630 1284 3676 33
1305 3615 1445 3676 33133113
1469 3617 1611 3692 praediti,
1642 3619 1792 3680 ecclesiis
1821 3635 1842 3682 a

199 3707 679 3786 vobisiirmiterprtecipiensio
695 3706 995 3784 mandemusque·
1048 3711 1166 3789 quibus
1175 3711 1336 3774 beneficia
1347 3711 1842 3790 obtinuerint,possuntutiliter

198 3805 298 3866 tenus
317 3805 469 3866 eumdem
493 3804 648 3879 legatum,
664 3801 717 3864 Vel
739 3803 849 3879 3011118
874 3817 935 3863 110³
958 3802 994 3862 in
1047 3809 1227 3872 deservire.
1245 3812 1351 3880 Quum
1370 3809 1474 3884 igitur
1485 3811 1626 3872 dilectus
1642 3812 1732 3874 iilius
1747 3817 1786 3878 R.
1800 3815 1841 3876 de

199 3899 995 3978 ipso,recipienieshilariteretdevoteacdebita
1048 3908 1164 3967 Leuna
1192 3907 1345 3978 clericus,
1374 3906 1460 3968 sicut
1488 3908 1617 3980 asserit,
1646 3909 1770 3970 dudum
1798 3912 1840 3972 ad

200 3998 377 4059 devotione
400 3998 596 4070 tractantes,
622 3997 779 4060 eidemin
795 3993 947 4057 omnibus
962 3995 996 4058 et
1049 4003 1396 4064 serviiiumtuumate
1405 4005 1543 4066 vocatus
1553 4004 1715 4066 accedens
1726 4023 1838 4068 cum...

201 4107 262 4170 per
277 4094 389 4154 omnia
404 4093 564 4155 studeatis
583 4093 765 4154 efficaciter
787 4093 933 4164 obedire,
949 4091 995 4153 ita
1048 4094 1185 4156 officiali
1209 4097 1279 4165 tuo,
1301 4096 1396 4172 cujus
1421 4095 1512 4159 vices
1539 4097 1733 4175 plerumque
1756 4115 1840 4177 sup-

202 4191 288 4267 quod
308 4203 384 4252 eum
408 4191 587 4267 propitium
610 4190 643 4251 et
668 4203 730 4250 nos
751 4188 846 4250 vobis
874 4189 996 4251 exinde
1048 4189 1159 4268 plebat
1172 4189 1208 4252 in
1223 4189 1333 4253 oidcio
1348 4193 1540 4265 assessoris,
1554 4193 1685 4256 etalias
1699 4193 1864 4259 tibiser·

201 4285 349 4348 reddatis
371 4285 572 4346 favorabiles
595 4286 629 4346 et
645 4284 806 4359 benignos
823 4305 831 4345 ε
847 4285 995 4362 alioquin
1048 4288 1147 4351 vierit
1171 4288 1343 4351 humiliter
1372 4289 1405 4350 et
1430 4288 1573 4365 devote;
1601 4293 1703 4368 tuque
1731 4293 1840 4370 ipsum

201 4383 411 4454 sententiam,
428 4395 527 4459 quam
541 4381 630 4442 idem
648 4381 764 4443 tulerit
783 4381 818 4442 in
839 4380 993 4454 rebelles,
1048 4386 1256 4463 postmodum
1270 4386 1306 4446 in
1320 4383 1559 4448 subdiaconum
1580 4389 1739 4452 ordinans
1754 4393 1840 4467 quod

201 4481 310 4542 ratam
334 4482 367 4544 31
387 4477 517 4540 iirmam
542 4475 747 4549 habebimus,
769 4481 802 4540 et
822 4477 992 4552 iaciamus,
1048 4483 1241 4561 provideres
1262 4483 1369 4545 eidem
1390 4483 1455 4545 sibl
1478 4497 1569 4562 spem
1590 4485 1722 4548 dederis
1745 4491 1842 4565 quasi

201 4579 338 4640 3331333
365 4576 516 4648 Domino,
546 4573 785 4637 inviolabiliter
810 4575 992 4639 observari.
1049 4580 1185 4652 certam,
1201 4580 1303 4658 idque
1316 4581 1395 4644 licet
1415 4584 1563 4658 potueris
1579 4584 1724 4645 nondum
1740 4585 1844 4648 effec-

201 4674 320 4735 Datum
333 4673 501 4744 Laterani,
515 4675 544 4733 11
559 4670 635 4733 idus
647 4670 769 4745 martii,
784 4667 994 4749 pontificatus
1048 4678 1096 4740 tui
1112 4677 1307 4754 mancipari,
1327 4690 1525 4756 quamquam
1545 4679 1586 4740 ad
1609 4679 1674 4742 hoc
1693 4683 1761 4744 tam
1779 4695 1841 4744 ra·-

202 4770 307 4832 nustri
322 4785 410 4833 anne
425 4771 552 4848 quinto.
1048 4775 1139 4837 tione
1152 4775 1385 4848 ordine-tionis,
1402 4786 1501 4852 quam
1521 4776 1672 4854 obsequii
1688 4793 1708 4840 a
1730 4795 1767 4841 se
1783 4779 1843 4841 tibi

1049 4872 1189 4934 exhibiti
1228 4872 1393 4950 obligatus
1432 4874 1570 4946 existas,
1600 4875 1843 4940 maternitatem

503 4955 690 5043 GGXGHI
1049 4972 1139 5034 tuam
1163 4971 1346 5046 rogandam
1367 4971 1524 5032 duximus
1543 4973 1701 5036 attentius
1718 4978 1751 5038 et
1766 4991 1842 5036 rno-

1051 5069 1193 5130 nendum
1214 5083 1274 5146 per
1299 5069 1489 5145 apostolice
1517 5067 1577 5132 tibi
1592 5073 1724 5149 scripte
1748 5087 1844 5133 man-

1050 5165 1353 5243 lentescentem
1368 5167 1410 5228 ad
1424 5167 1598 5230 servitium
1609 5169 1682 5245 ejus
1697 5167 1843 5230 debitum

1050 5249 1177 5324 babens
1191 5261 1378 5340 respectum
1393 5263 1458 5341 ipsi
1475 5265 1622 5326 nondum
1641 5265 1774 5342 aliquod
1787 5281 1844 5328 eo·

1050 5359 1274 5422 clesiasticum
1299 5360 1498 5424 beneficium
1526 5364 1698 5435 assecuto,
1729 5363 1784 5423 cui
1812 5365 1846 5426 et

1050 5458 1128 5519 vitae
1145 5457 1310 5530 meritum,
1327 5460 1360 5520 et
1374 5458 1534 5520 talentum
1558 5460 1707 5521 scientiae
1723 5461 1846 5522 suffra-

1051 5553 1123 5630 gari
1148 5555 1314 5624 dicuntur,
1335 5555 1376 5616 ob
1403 5556 1626 5618 reverentiam
1647 5557 1846 5633 Apostolicao

1053 5652 1148 5712 Sedis
1164 5651 1197 5712 et
1212 5654 1358 5714 nostram
1375 5653 1411 5713 in
1432 5653 1593 5714 beneflcio
1610 5653 1761 5716 ecclesiae
1780 5658 1846 5716 tuae

277 5097 329 5155 Ad
349 5099 643 5172 archiepiscopum
665 5103 917 5163 uceticensem.

489 5218 521 5275 ll
533 5227 617 5278 murt.
635 5221 714 5279 liii.

247 5331 378 5396 [Theinen
392 5333 484 5386 Vetera
493 5334 607 5384 Menum.
618 5334 722 5386 llibern.
736 5337 849 5396 318331,
862 5351 888 5402 p.
902 5338 953 5402 ua]

202 5437 349 5497 Ordinatio
363 5437 551 5512 quarumdam
573 5439 745 5514 dignitatum
760 5444 790 5499 in
804 5458 855 5502 sua
875 5443 997 5502 ecclesie

459 5527 532 5585 iectu
546 5529 740 5587 confirmatur.

242 5645 410 5706 Honorius
416 5646 602 5724 episcopus,
613 5661 730 5710 servus
743 5663 914 5710 servorum
924 5650 995 5722 Dei,
