4248 6410
290 251 349 332 eor

607 420 765 520 ‘novin‘

292 573 344 630 Act
362 571 642 642 archiepiscopos,
668 568 851 640 episcopos,
875 565 1082 638 ceterosque

484 667 704 726 ecclesiarum
717 661 890 736 prolatos.

586 775 619 831 18
631 775 692 846 jan.
711 774 788 830 1111.

393 882 508 947 [111ρο111,
521 881 588 931 Bull.
601 879 808 935 Praedicatorum,
824 879 844 937 l,
854 893 884 939 ιι,
897 889 925 927 n·
936 875 986 942 la]

293 979 478 1040 Commendat
498 979 678 1036 Dominicum
701 977 869 1033 canonicum
898 972 1005 1032 ordinis
1026 973 1082 1032 ira-

503 1075 577 1125 trum
593 1065 811 1124 Praedicatomm
827 1063 878 1136 (i).

333 1176 501 1238 Honorius
509 1173 695 1250 episcopus,
705 1186 820 1234 servus
830 1186 999 1232 servorum
1012 1171 1082 1237 Dei,

294 1271 540 1336 venerabilibus
570 1269 728 1332 iratribus
765 1268 1023 1344 archiepiscopis
1053 1269 1086 1328 et

296 1370 472 1447 episcopis,
495 1370 528 1428 et
543 1367 677 1428 dilectis
695 1366 773 1427 filiis
794 1364 978 1435 abbatibus,
995 1363 1086 1440 prio-

295 1465 388 1526 ribus
401 1465 433 1527 et
448 1465 525 1526 aliis
540 1465 756 1526 ecclesiarum
771 1460 928 1538 praelatis.
945 1461 986 1521 ad
1003 1475 1085 1536 quos

294 1562 413 1624 litterae
432 1562 506 1622 istae
529 1560 752 1637 pervenerint,
774 1559 926 1628 salutem,
942 1557 1003 1618 etc.

260 1671 263 1688 ·
334 1659 494 1729 Quoniam
503 1656 848 1732 abundavitiniquitas
858 1657 891 1716 et
900 1654 1086 1729 refrigescit

294 1754 416 1818 caritas
445 1755 674 1830 plurimorum.
704 1767 780 1814 ecce
808 1752 958 1814 ordinem
981 1752 1085 1812 dilec-

293 1837 566 1913 torum'htiorum
589 1850 726 1911 fratrum
743 1849 1001 1909 Praedicatorum
1016 1850 1084 1909 Do·

294 1948 406 2008 minus
420 1946 604 2016 suscitavit,
617 1949 672 2022 qui
688 1960 753 2004 non
765 1959 838 2020 quas
853 1960 924 2016 sua,
942 1944 998 2004 sed
1013 1960 1085 2020 qua

177 2121 180 2130 .
294 2048 373 2104 sunt
391 2043 514 2104 Christi
535 2044 731 2118 quaerentes,
749 2042 817 2102 tam
838 2041 951 2102 contra
971 2040 1086 2116 proili-

294 2139 419 2215 gandas
441 2139 596 2208 haereses,
618 2152 715 2213 quam
736 2138 850 2197 contra
872 2136 980 2212 pestes
1001 2137 1085 2197 alias

195 2220 199 2233 ⁸
293 2233 714 2309 mortiferasextirpandas
725 2249 760 2293 se
775 2231 969 2293 dedicarunt
983 2247 1086 2294 evan-

293 2331 484 2406 gelisationi
501 2329 594 2390 verbi
615 2329 685 2416 Dei,
700 2330 734 2390 in
755 2329 939 2406 abjectione
962 2329 1084 2390 volun-

293 2427 389 2489 tariae
413 2427 626 2504 paupertatis
647 2427 715 2488 Nos
733 2426 834 2502 igitur
852 2441 966 2487 eorum
988 2441 1086 2486 sanc-

294 2525 363 2586 tum
373 2524 577 2600 propositum
587 2525 621 2584 et
630 2524 854 2584 necessarium
864 2523 1084 2585 ministerium

294 2619 409 2682 lavore
439 2620 600 2682 benevolo
634 2622 881 2696 prosequentes,
914 2621 1084 2682 caritatem

293 2718 437 2778 vestram
451 2733 607 2792 rogamus
621 2717 654 2778 et
668 2717 884 2778 exhortamur
897 2717 932 2776 in
946 2717 1085 2780 Domino

292 2828 332 2876 ac
347 2829 407 2891 par
419 2814 608 2890 apostolica
628 2813 721 2874 vobis
739 2813 861 2888 scripta
878 2813 1084 2884 mandamus,

293 2912 456 2986 quatenus
477 2909 631 2971 dilectum
651 2909 756 2970 tilium
780 2909 915 2970 tratrem
937 2910 1087 2970 Domini-

294 3005 1085 3082 cum,latorempraesentiumcanonicumnrdinis

292 3103 476 3174 memorati,
486 3118 543 3178 pro
552 3102 739 3164 reverentia
750 3101 873 3174 divine,
886 3102 928 3162 ad
941 3101 1084 3164 osticium

293 3199 507 3275 praedicandi,
515 3199 556 3258 ad
565 3198 651 3275 quod
661 3199 836 3274 deputatus
844 3202 903 3268 est.
916 3200 1085 3275 recipiatis

292 3294 434 3370 benigne
455 3310 495 3356 ac
510 3295 647 3371 populos
662 3295 755 3356 vobis
770 3297 974 3366 commissos,
990 3299 1029 3358 ut·
1043 3311 1086 3356 aa

293 3407 353 3453 ore
382 3391 488 3467 ipsius
511 3391 603 3453 verbi
629 3391 686 3452 Dei
709 3407 823 3452 samen
844 3391 961 3453 devote
980 3394 1087 3454 susci·

294 3489 397 3565 piant,
409 3487 523 3549 sedulo
537 3487 761 3550 admonentes
775 3491 954 3564 pronostra
963 3491 1086 3566 ethpo·

293 3585 418 3646 stolicae
434 3583 529 3645 Sedis
542 3585 743 3656 reverantia,
760 3585 795 3644 in
810 3585 880 3646 suis
892 3585 923 3647 ai
936 3587 1084 3648 necessi·

293 3681 414 3744 tatibus
437 3681 621 3742 liberaliter
644 3681 808 3744 assistatis
837 3683 1010 3758 quatenus,
1042 3683 1083 3743 ad

292 3777 373 3840 illud
395 3777 641 3854 suscipiendum
658 3779 778 3840 vestris
797 3779 1083 3842 exhortationibus

292 3875 403 3950 populi
416 3875 595 3952 preparati
605 3878 760 3952 tauquam
775 3873 860 3938 bona
872 3876 905 3936 et
913 3875 1084 3938 fructifera

290 3971 380 4034 tarra
399 3987 459 4048 pro
473 3971 629 4034 vitiorum
651 3971 784 4036 tributis
802 3972 963 4048 incipiant
984 3987 1082 4048 sege-

291 4070 355 4132 tem
379 4069 568 4145 germinare
597 4069 766 4141 virtutum,
788 4070 821 4130 at
845 4069 952 4132 dictus
982 4085 1084 4132 cano-

291 4166 385 4226 nieus
405 4181 463 4241 per
481 4165 749 4242 cooperationem
764 4167 919 4236 vestram,
937 4166 1083 4242 suscepti

290 4264 467 4324 ministerii
491 4279 625 4324 cursum
650 4262 781 4324 felicius
810 4264 1081 4334 consummanda,

291 4362 438 4436 optatum
462 4361 608 4435 reportet
638 4359 689 4420 sui
720 4358 846 4420 laboris
876 4358 1019 4422 fructum
1051 4361 1084 4422 at

291 4456 400 4528 linem,
414 4456 554 4518 salutem
570 4454 724 4516 videlicet
745 4455 942 4516 animarum.
965 4457 1082 4518 natum

291 4553 456 4624 Laterani,
478 4553 536 4614 XV
552 4551 619 4614 kal.
633 4549 729 4620 febr..
751 4551 961 4626 pontificatus
976 4553 1082 4614 nostri

290 4665 379 4710 anno
393 4649 519 4726 quinto.

627 4763 741 4850 dclx

578 4899 629 4958 Ad
643 4899 788 4958 eosdem.

586 5018 619 5076 19
630 5018 690 5091 jan.
707 5019 787 5076 1111.

458 5119 593 5187 [Strehlka
607 5124 626 5174 l.
641 5137 673 5183 c.,
689 5137 714 5186 p.
726 5123 782 5182 199,
798 5136 824 5172 n.
839 5121 907 5186 dib]

289 5221 442 5282 Confirmat
464 5220 556 5278 ordini
582 5219 758 5278 theutonico
786 5219 890 5276 liberas
908 5216 1081 5290 contratrum

333 5311 507 5383 sepulturam
522 5309 824 5382 eleemosynarumque
839 5306 1035 5378 questionem.

328 5427 495 5488 Honorius
503 5424 688 5500 episcopus,
701 5437 815 5484 servus
827 5436 998 5484 servorum
1009 5423 1079 5494 Dei,

901 265 1075 325 HONORII
1098 265 1142 324 111
1164 267 1311 328 OPERA.

1870 269 1931 328 668

1136 423 1383 485 venerabilibus
1418 424 1576 486 iratribus
1607 425 1868 504 archiepiscopis
1897 425 1931 488 et

1137 520 1300 596 episcopis
1322 524 1354 582 et
1375 521 1505 582 dilectis
1528 521 1607 582 filiis
1631 522 1815 594 abbatibus,
1840 521 1933 598 prio-

1137 616 1240 686 ribus,
1265 616 1412 688 decanis,
1442 617 1700 686 archidiaconis,
1732 619 1927 695 praepositis,

1137 711 1434 790 archipresbyteris
1456 716 1489 776 et
1507 715 1584 776 aliis
1602 709 1819 776 ecclesiarum
1840 731 1929 792 prae-

1138 808 1225 880 latis,
1242 809 1283 869 ad
1300 825 1382 886 quos
1402 810 1520 871 litteras
1542 812 1616 872 istae
1637 813 1859 888 pervenerint,
1876 829 1932 874 sa-

1138 905 1239 966 lutem
1254 908 1288 968 et
1301 907 1516 982 apostolicam
1530 907 1804 970 benedictionem.

1178 1003 1257 1064 Cum
1270 1004 1459 1080 apostolica
1472 1005 1572 1065 Sedes
1582 1005 1714 1066 dilectis
1727 1005 1804 1066 liliis
1819 1005 1932 1068 iratri-

1138 1099 1200 1159 bus
1217 1100 1333 1160 domus
1351 1101 1531 1178 Hospitalis
1552 1104 1681 1162 Sanctae
1701 1105 1816 1163 Mariae
1828 1103 1933 1163 'Phau-

1139 1198 1324 1257 touicorum
1354 1197 1647 1275 hierosolymitani
1678 1199 1864 1270 indulserit,
1897 1203 1933 1260 ut

1139 1310 1277 1370 corpora
1293 1294 1431 1356 fratrum
1447 1313 1581 1356 suorum
1599 1297 1835 1358 ecclesiasticae
1851 1314 1930 1374 pos-

1140 1391 1206 1452 sint
1219 1392 1351 1454 tradere
1372 1393 1561 1467 sepultura,
1583 1394 1719 1469 dignum
1741 1395 1930 1465 651111511-

1140 1504 1199 1563 per
1212 1488 1274 1549 hoc
1286 1490 1473 1564 apostolica
1492 1491 1613 1550 statuta
1636 1491 1819 1551 serventur.
1836 1493 1932 1551 Man-

1140 1585 1256 1644 damus
1270 1586 1381 1662 itaque
1393 1586 1486 1646 vobis
1499 1589 1597 1662 atque
1609 1588 1831 1663 precipimus,
1849 1603 1931 1664 qua-

1140 1683 1236 1742 tenus
1245 1683 1435 1743 memoratis
1445 1683 1602 1744 iratribus
1615 1684 1739 1743 nullam
1746 1684 1929 1745 molestiam

1140 1779 1290 1840 inieratis
1312 1779 1364 1840 vel
1388 1795 1407 1839 a
1430 1779 1570 1840 subditis
1591 1779 1710 1841 vestris
1735 1781 1930 1856 permittatis

1141 1875 1267 1946 inferri,
1285 1877 1461 1952 quominus
1477 1875 1661 1937 contraires
1681 1891 1770 1948 suos,
1785 1877 1851 1937 nisi
1866 1893 1930 1937 ex-

1140 1973 1371 2034 communicati
1394 1974 1447 2033 yet
1468 1973 1663 2034 nominatim
1684 1973 1852 2034 interdicti
1873 1974 1933 2034 de-

1140 2069 1310 2140 cesserint,
1341 2069 1568 2130 liberemore
1601 2070 1742 2130 aliorum
1773 2070 1929 2141 fidelium,

1140 2165 1401 2242 quandocunque
1427 2167 1518 2242 ipsos
1544 2167 1627 2226 mori
1654 2167 1842 2242 contigerit,
1867 2183 1930 2228 va-

1140 2262 1230 2322 leant
1257 2263 1407 2338 sepelire.
1436 2263 1574 2324 Eosdmn
1600 2279 1730 2341 quoque
1753 2263 1871 2326 iratres
1890 2263 1931 2324 ad

1139 2359 1333 2434 quaerendas
1368 2359 1595 2436 eleemosynas
1631 2375 1812 2437 pauperum
1834 2363 1932 2437 jnxta

1140 2455 1377 2530 indulgentiam
1405 2458 1551 2518 nostram
1581 2457 1616 2517 in
1641 2457 1792 2518 ecclesiis
1813 2450 1939 2518 vestris‘

1140 2553 1243 2628 recipi
1258 2551 1387 2614 iactatis
1404 2556 1446 2624 et,
1464 2555 1492 2614 si
1513 2555 1569 2630 qui
1585 2553 1790 2615 subditorum
1805 2557 1933 2615 vestro-

1141 2663 1212 2708 rum
1228 2650 1276 2710 eis
1292 2665 1391 2726 super
1406 2649 1468 2711 hoc
1484 2650 1753 2726 impedimentum
1768 2651 1933 2727 praestite-

1139 2745 1217 2817 rint,
1241 2745 1371 2807 sublato
1394 2747 1626 2824 appellationis
1648 2747 1829 2820 obstacula,
1853 2763 1932 2809 ceu·

1140 2857 1217 2903 sura
1229 2845 1387 2904 canonica
1400 2845 1625 2921 compescatis.
1637 2847 1753 2906 Datum
1765 2846 1929 2914 Laterani,

1139 2941 1214 3000 XIV
1228 2939 1295 3000 hal.
1312 2940 1481 3012 februarii,
1501 2942 1710 3018 pontificatus
1727 2943 1830 3004 nostri
1843 2957 1931 3003 anno

1141 3037 1265 3113 quinto.

1489 3145 1583 3232 CCX
1708 3143 1709 3148 '

1428 3281 1480 3340 ad
1493 3283 1639 3341 eosdem.

1438 3391 1472 3448 19
1481 3390 1541 3463 ian.
1560 3392 1639 3452 liii.

1322 3495 1456 3560 [amulae.
1470 3497 1489 3546 l.
1500 3511 1532 3554 c..
1545 3511 1572 3561 p.
1582 3496 1638 3555 ³00.
1652 3509 1678 3546 n.
1691 3495 1759 3561 832]

1139 3593 1223 3652 Vetat
1238 3593 1369 3665 praelatos
1383 3592 1419 3652 de
1433 3592 1516 3652 bonis
1529 3593 1621 3652 ordini
1633 3593 1809 3652 saeuientes
1820 3595 1932 3654 collatis

1174 3695 1225 3752 pro
1245 3680 1473 3753 expeditionibus
1493 3689 1521 3739 et
1544 3683 1671 3740 excubiis
1692 3681 1829 3742 iaciendis
1852 3685 1928 3741 vice·

1173 3768 1276 3826 simam
1292 3769 1336 3826 vet
1350 3770 1422 3826 alias
1433 3769 1597 3828 exactiones
1609 3778 1788 3844 extorquere.

1178 3876 1847 3954 Honoriusepiscopus,servusservorum
1858 3880 1928 3950 bei,

1138 3971 1383 4034 venerabilibus
1415 3973 1573 4035 iratribus
1605 3974 1865 4051 archiepiscopis
1897 3977 1930 4038 at

1138 4070 1302 4145 epismpis
1321 4073 1355 4132 et
1377 4070 1507 4133 dilectis
1528 4071 1606 4132 tiliis
1627 4069 1811 4144 abbatibus,
1834 4073 1929 4148 prio·

1137 4165 1241 4237 ribus,
1273 4165 1419 4238 decanis,
1447 4167 1702 4238 archidiaconis,
1729 4171 1928 4244 praepositis,

1137 4262 1434 4340 archipresbyteris
1458 4265 1492 4326 et
1509 4264 1586 4325 aliis
1607 4265 1823 4330 ecelesiarum
1844 4281 1931 4342 prae·

1137 4359 1224 4430 latis,
1243 4359 1282 4420 ad
1300 4375 1381 4436 quos
1400 4359 1519 4424 litteras
1542 4360 1613 4424 istae
1631 4363 1852 4437 pervenerint
1869 4375 1929 4424 sa·

1137 4455 1238 4517 tutem
1251 4458 1287 4518 at
1298 4457 1515 4532 apostolicam
1529 4455 1802 4520 benedictionem.

1177 4554 1257 4614 Cum
1269 4553 1311 4614 de
1325 4554 1408 4614 viris
1422 4553 1670 4626 ecclesiasticis,
1687 4555 1806 4632 quibus
1823 4555 1929 4632 pluri·

1137 4664 1225 4710 mum
1238 4649 1395 4726 expedire
1407 4649 1622 4726 dignoscitur,
1637 4652 1720 4714 utin
1735 4652 1863 4716 cunctis
1877 4668 1929 4716 ac·

1137 4745 1224 4806 tibus
1244 4747 1314 4806 suis
1335 4747 1467 4808 modum
1484 4747 1700 4824 ordinemque
1718 4751 1926 4820 conservent,

1137 4840 1232 4904 nobis
1254 4843 1366 4919 aliqua
1384 4841 1585 4912 referuntur,
1612 4857 1685 4921 qnae
1712 4845 1788 4908 illos
1809 4861 1927 4922 repre·-

1136 4939 1316 5000 hensibiles
1330 4939 1480 5011 reddant,
1492 4943 1631 5016 paterno
1645 4941 1794 5004 dolemus
1806 4942 1929 5004 affectu

1061 5034 1066 5046 ’
1136 5038 1169 5097 at
1185 5036 1225 5098 de
1241 5036 1389 5111 ipsorum
1403 5037 1633 5099 emendatione
1647 5045 1761 5099 curam
1775 5040 1927 5100 volumus

1135 5145 1253 5207 gerere
1266 5132 1479 5208 pastoralem.
1495 5133 1765 5209 Significantibus
1781 5151 1863 5197 sane
1876 5135 1929 5197 di·

1136 5229 1230 5292 lectis
1267 5228 1356 5300 illlis,
1396 5229 1553 5294 iratribus
1595 5230 1710 5292 domus
1747 5233 1928 5308 Hospitalis

1136 5327 1265 5388 Sanctae
1289 5326 1404 5386 Mariae
1431 5327 1711 5388 Tbeutonioorum
1735 5329 1928 5405 Hierosoly-

1136 5421 1262 5492 mitani‚
1280 5421 1478 5500 accepimus,
1494 5423 1578 5500 quod
1593 5424 1634 5484 de
1649 5425 1925 5500 possessionibus,

325 5555 365 5628 (1)
382 5552 421 5613 Ci.
439 5553 564 5624 Epistola
580 5551 688 5622 CXXV,
704 5549 739 5608 ad
754 5551 999 5624 arehiepiscopum
1013 5553 1182 5624 Tarragom,
1199 5551 1247 5608 lib.
1265 5553 1313 5620 tv,
1327 5552 1380 5608 cot.
1397 5551 1457 5608 iit.
