4250 6404
770 259 998 319 aristeum.
1023 262 1100 319 Die.
1125 262 1180 320 111.
1261 253 1263 260 ¹
1762 271 1801 331 82

483 425 620 510 LXXX
678 464 684 479 ·

155 550 207 608 Ad
229 547 384 608 abbatem
410 549 673 610 cisterciensem
701 551 734 612 et
746 621 751 630 ,
769 555 951 614 urrioersos

193 645 371 706 coabbates
399 647 432 706 et
454 647 587 718 fratres
605 650 666 707 sub
688 651 806 709 eedem
830 651 950 710 ordine

194 745 265 803 Dee
280 742 484 802 servientes.

417 845 451 903 tt
464 845 594 903 decemb.
613 848 690 906 luto.

291 951 444 1016 [Maurique
457 951 527 1000 Xnu.
538 951 684 1003 cistercien.
697 955 739 1012 lv,
753 953 819 1018 tte]

157 1052 197 1107 De
212 1050 392 1124 regularibus
404 1058 433 1108 et
444 1051 657 1108 transeuntibus
668 1051 703 1108 ad
718 1053 886 1126 religionem
897 1053 948 1126 (Ι).

198 1159 373 1219 Constituti
392 1159 489 1234 juxta
509 1159 646 1221 verbum
670 1160 850 1237 prophetae,
874 1162 951 1222 licet

157 1255 434 1316 insufficientibus
463 1256 604 1328 meritis,
639 1273 738 1334 super
764 1259 890 1333 gentes,
920 1260 952 1320 et

156 1368 272 1428 regna,
289 1353 389 1414 offleii
404 1355 511 1414 nostri
522 1351 667 1416 debitum
683 1355 839 1417 decenter
853 1372 953 1419 exse-

156 1451 300 1527 quimur,
318 1466 417 1527 quum
430 1451 601 1512 evellimus
613 1452 796 1524 evellenda,
808 1458 839 1514 et
851 1454 950 1530 plan-

157 1547 258 1608 tanda
274 1548 473 1624 plantamus
495 1551 586 1610 recta
607 1550 764 1624 regimus,
782 1552 814 1612 et
829 1551 951 1624 dirigi-

156 1663 231 1705 mus
247 1645 421 1706 indirecta.
434 1646 655 1720 Significastis
669 1647 831 1724 siquidem
843 1649 949 1718 nobie,

156 1743 243 1819 qued
256 1743 290 1803 in
303 1742 500 1818 quibusdam
515 1743 664 1818 partibus
679 1744 882 1805 consuetudo
899 1745 951 1804 de-

156 1840 320 1901 testabilis
335 1841 484 1909 inolevit,
499 1841 665 1912 videlieet,
680 1842 766 1916 quod
783 1859 882 1918 quum
894 1843 953 1902 ali-

157 1937 214 2014 qui
227 1938 421 1998 aemulantes
437 1937 639 1998 charismata
654 1938 951 2008 melioramenas-

150 2033 243 2105 ,teria
257 2034 360 2096 vestri
371 2033 497 2096 ordinis
509 2034 635 2106 volunt,
650 2049 751 2095 causa
765 2035 948 2112 religionis,

156 2131 297 2202 intrare,
312 2133 348 2192 ut
372 2131 419 2192 ihi
435 2131 574 2192 Domine
593 2130 812 2208 temulentum
837 2133 951 2209 capel-

156 2227 225 2288 lani
239 2243 365 2299 eorum,
383 2227 487 2289 denec
508 2227 549 2288 ab
572 2227 655 2304 ipsis
674 2227 861 2304 pecuniam,
878 2246 951 2306 quse

156 2324 602 2400 mortuariumnmrcupatur,
616 2327 846 2402 extorqueant,
855 2327 952 2403 prout

157 2439 177 2482 a
198 2423 411 2498 parochianis
426 2423 495 2483 suis
517 2422 753 2485 decedentibus
768 2439 953 2486 consueve-

156 2521 236 2580 runt
256 2520 424 2595 accipere,
449 2519 519 2582 illis
543 2522 668 2582 temere
694 2537 730 2582 se
754 2521 949 2598 opponunt:

156 2633 259 2694 quare
276 2632 375 2693 super
400 2617 463 2678 hoc
474 2619 596 2678 nostrae
611 2619 826 2694 providentiae
839 2635 951 2680 reme-

155 2714 248 2774 dium
281 2713 475 2790 tiagitastis3
501 2715 650 2777 volentes
678 2716 783 2790 igitur
812 2715 951 2777 abusum

157 2811 356 2887 corruptelae
378 2811 567 2888 hujusmodi
592 2811 730 2883 aboleri,
755 2813 952 2874 auctoritate

155 2906 953 2984 ventspraesentiumindulgemnsmteapellane-

155 3019 229 3065 rum
241 3005 502 3066 contradictione
513 3004 949 3082 hujusmodinonebstante,

157 3101 282 3162 liberas
297 3116 458 3178 personas
471 3102 511 3163 ad
527 3119 586 3162 vos
602 3118 620 3162 e
635 3102 758 3164 saecule
772 3103 949 3178 fugientes

156 3198 264 3260 libere
301 3199 449 3275 recipere
475 3200 627 3262 valeatis.
658 3201 750 3261 Nulli
774 3216 863 3276 erge,
888 3200 949 3261 etc.

156 3297 275 3357 Datum
290 3297 447 3358 Laterani
462 3297 787 3374 kalendasjanuarii,
796 3297 950 3374 pontica-

155 3396 209 3454 tus
221 3393 327 3455 nestri
342 3408 430 3454 anne
445 3393 553 3455 tertio.

474 3543 630 3632 LXXXI

154 3677 207 3736 Ad
216 3679 475 3738 norwicensem
489 3678 631 3738 eteetnrn
643 3679 951 3751 apostolicaesedis

467 3775 629 3850 tegetum.

419 3886 687 3946 antecedente.
776 3942 779 3954 ,

324 3991 452 4053 Πὴοίηοῐ,
466 3992 533 4042 lllen¹
548 3991 682 4051 Hibernia,
695 3993 719 4051 ll,
733 3993 784 4056 tt]

201 4089 316 4148 Mandat
331 4097 362 4147 ut
375 4089 501 4147 inhibent
510 4090 623 4162 judiees
635 4091 663 4147 iu
679 4106 766 4148 eausa
778 4092 906 4164 episcopi

310 4179 337 4236 S.
354 4178 478 4236 Andreae
494 4180 616 4250 amplius
630 4177 794 4252 precedere.

197 4288 362 4347 Honorius
377 4288 563 4363 episcopus,
584 4287 705 4348 dilecto
726 4288 794 4348 ltlie
817 4287 951 4347 Norwi-

156 4384 249 4444 censi
268 4384 384 4456 eleeto,
408 4383 607 4460 apostelicae
634 4384 729 4444 Sedis
751 4385 871 4458 legate,
896 4400 952 4444 sa-

157 4479 269 4541 lutem.
678 4499 688 4536 r

197 4577 289 4638 Licet
301 4576 403 4638 Sedes
417 4576 607 4653 apostolica
630 4592 679 4648 aa,
697 4593 770 4653 quae
790 4577 950 4638 attentata

156 4677 272 4734 centra
296 4675 398 4734 Deum
425 4675 638 4750 perferuntur
658 4674 698 4733 ad
715 4675 834 4751 ipsam,
851 4674 953 4734 dissi-

157 4772 285 4832 mulare
300 4787 366 4831 nen
389 4772 517 4842 debeat,
531 4788 571 4832 ne
591 4773 640 4832 sic
663 4773 867 4833 incentivum
889 4773 953 4832 tri-

156 4869 274 4929 bueret
287 4867 511 4945 delinquendi,
522 4869 884 4930 excommunicatorum
894 4870 950 4930 ta-

157 4979 351 5026 menvocem
362 4965 474 5041 utpote
487 4965 650 5026 funestam
659 4965 812 5028 interdici
823 4966 952 5041 eportet

157 5063 378 5139 potiusquam
390 5061 511 5122 audiri.
527 5064 621 5124 Unde
632 5063 839 5140 quum,sicut
849 5078 953 5123 vene-

157 5160 256 5220 rabili
269 5159 372 5220 iretre
384 5161 498 5220 uestro
511 5159 665 5236 episeopo
682 5163 714 5220 S.
736 5159 876 5220 Andreae
892 5175 950 5220 re-

158 5259 284 5319 ferente
308 5255 509 5332 accepimus,
532 5257 699 5317 Dustatius
720 5257 900 5318 eanonicus
917 5258 950 5317 S.

156 5350 797 5414 Andreaevinculeexeommunleatienis
810 5352 954 5413 adstrie-

156 5453 211 5513 tus
226 5449 267 5510 ad
280 5447 548 5510 Dunkeldensem
561 5449 762 5524 episcopum,
779 5452 812 5510 et
833 5451 952 5524 eonju-

1006 418 1096 479 dices
1109 431 1186 480 suos
1202 421 1547 484 excommunicatione
1563 423 1683 500 ligatos
1699 444 1801 506 super
1883 501 1886 514 ,

1005 515 1117 578 multis
1155 515 1336 579 obtinuerit
1374 518 1634 582 denuntiationis
1671 523 1800 586 litteras

1005 616 1120 674 contra
1131 613 1255 690 ipsum;
1273 629 1333 675 nes
1347 615 1498 677 nolentes
1509 619 1659 680 eumdem
1671 621 1802 697 episeo-

1006 726 1082 786 pum
1096 726 1116 771 a
1131 712 1190 772 tali
1209 711 1242 773 et
1262 727 1374 773 coram
1393 714 1517 775 talibus
1533 717 1717 789 conveniri,
1733 719 1802 779 dis-

1005 808 1145 869 cretioni
1157 810 1223 871 tuae
1237 825 1297 886 per
1314 811 1503 887 Apostolica
1525 813 1648 889 scripta
1664 815 1803 876 manda-

1005 921 1091 974 mus,
1107 907 1269 982 quatenus
1291 908 1320 968 si
1340 909 1399 969 tibi
1425 911 1612 972 constiterit
1641 912 1686 974 ita
1713 927 1798 986 esse,

1005 1003 1256 1078 inquisitoribus
1267 1005 1393 1066 eisdem
1407 1008 1605 1069 auctoritate
1616 1009 1729 1071 uestra
1743 1011 1799 1070 iu-

1006 1099 1132 1172 hibeas,
1148 1115 1190 1161 ue
1205 1103 1385 1178 precedere
1399 1119 1499 1180 super
1513 1105 1669 1182 praedieta
1682 1108 1798 1184 inqui-

1006 1197 1127 1258 sitione
1142 1200 1356 1275 praesumant.
1379 1202 1496 1262 Datum
1519 1205 1674 1264 Laterani
1691 1207 1720 1264 X
1737 1206 1801 1265 ka-

1006 1293 1120 1354 lendas
1143 1297 1311 1373 januarii,
1340 1299 1551 1374 pontificatus
1581 1301 1684 1362 nostri
1713 1318 1801 1363 auno

1007 1392 1116 1453 nme

1318 1500 1497 1589 LXXXH

1066 1634 1118 1692 An
1143 1636 1435 1708 archiepiscopum
1457 1637 1743 1700 cantuariensem

1120 1733 1281 1790 Ecclesiae
1295 1735 1461 1794 Romanae
1474 1737 1697 1796 cardinalem.

1269 1843 1446 1902 resecent.
1465 1847 1543 1904 ltlss.
1804 1915 1807 1924 ,

1034 1947 1152 2011 [Regest.,
1167 1948 1212 1998 lib.
1223 1949 1266 2006 ΙΙΙ,
1282 1949 1488 2013 episimone.
1504 1954 1541 2002 La
1550 1953 1627 2002 Porta
1636 1952 1671 2003 (lu
1684 1953 1777 2018 Theti]

1016 2044 1182 2103 Exhortatio
1195 2046 1230 2104 ad
1246 2048 1560 2120 magnificentissimam
1575 2049 1791 2110 translationem

1100 2135 1228 2206 corporis
1244 2135 1339 2192 Sancti
1353 2137 1471 2196 'illerum
1483 2139 1706 2198 centuariensis.

1045 2243 1225 2315 Honorius
1239 2245 1314 2314 ete„
1332 2247 1364 2305 S.
1383 2247 1595 2308 cantuarien.
1612 2248 1802 2326 archiepis-

1006 2355 1088 2416 cope
1103 2343 1225 2402 sanctae
1240 2344 1397 2403 Remanae
1412 2344 1569 2405 Ecclesiae
1585 2345 1758 2407 cardinali.
1800 2377 1802 2392 =

1046 2439 1118 2497 Rex
1132 2438 1276 2499 coelestis
1287 2439 1446 2498 Dominus
1456 2441 1650 2515 angelorum
1662 2457 1801 2516 regnum

1006 2533 1133 2608 Angliae
1160 2535 1289 2595 caeteris
1310 2536 1422 2606 altius,
1438 2538 1560 2599 nostris
1582 2539 1799 2615 temporibus,

1007 2631 1182 2693 honoravit
1207 2633 1238 2692 et
1258 2633 1395 2708 speciali
1417 2635 1558 2710 quadam
1581 2635 1801 2712 praerogativa

1006 2727 1146 2799 decoris,
1173 2731 1304 2803 gentem
1327 2729 1492 2804 anglicam
1517 2731 1700 2806 insignivit,
1724 2733 1800 2792 dum

1007 2825 1129 2885 mundo
1152 2827 1259 2901 posite
1274 2826 1308 2885 in
1322 2827 1480 2902 maligno,
1501 2829 1534 2888 et
1548 2828 1675 2890 malitia
1693 2829 1803 2891 heml-

1007 2939 1085 2982 num
1112 2924 1335 2995 excrescente,
1365 2925 1473 2984 virum
1500 2925 1565 2985 sibi
1586 2926 1705 2988 exinde
1729 2929 1803 2988 siue

1008 3019 1136 3080 macula
1152 3020 1332 3096 praeelegit,
1342 3021 1398 3097 qui
1410 3038 1476 3082 nou
1489 3023 1595 3083 solum
1606 3025 1641 3084 in
1651 3028 1800 3100 tempere

1008 3117 1188 3178 iracundiae
1203 3119 1432 3180 reconciliatio
1447 3121 1552 3181 lactus
1567 3125 1618 3181 est
1633 3124 1669 3182 ut
1684 3137 1800 3182 sacer·-

1007 3213 1076 3285 dos,
1094 3230 1208 3275 verum
1223 3215 1376 3276 etiamad
1391 3217 1524 3278 coeleste
1538 3219 1727 3280 convivium
1742 3220 1799 3280 in-

1006 3312 1139 3382 vitatus,
1164 3311 1258 3372 illum
1278 3328 1437 3388 superare
1470 3315 1601 3385 meruit,
1628 3326 1724 3391 quem
1745 3315 1800 3376 bi-

1006 3407 1099 3470 berat
1117 3409 1275 3469 Dominus
1300 3410 1437 3470 calicem
1460 3413 1638 3486 passienis,
1665 3413 1697 3472 et
1720 3413 1799 3488 quia

1006 3505 1160 3567 inventus
1193 3509 1244 3567 est
1274 3506 1393 3582 dignus
1419 3510 1496 3578 Deo,
1525 3510 1699 3572 coronavit
1724 3525 1800 3570 eum

1006 3603 1164 3663 Dominus
1179 3603 1286 3678 gloria
1299 3604 1485 3678 etheuere;
1501 3621 1657 3666 corenam
1669 3607 1801 3683 quidem

1007 3700 1110 3776 ipsius
1134 3701 1235 3776 capiti
1259 3716 1485 3778 superponens
1507 3701 1548 3762 de
1582 3702 1692 3780 lapide
1720 3719 1801 3780 pre-

1005 3797 1106 3871 tiose;
1134 3800 1170 3858 ut
1191 3797 1240 3858 sie
1260 3815 1345 3858 unus
1364 3815 1407 3858 ex
1425 3799 1566 3874 anglicis
1584 3800 1672 3861 inter
1686 3800 1803 3876 angles

1006 3910 1107 3970 super
1128 3911 1229 3971 opera
1254 3911 1411 3956 manuum
1436 3895 1567 3956 Domini
1591 3897 1800 3969 constitutus,

1006 4007 1065 4068 pro
1089 3991 1233 4067 peccatis
1251 3993 1445 4069 populorum
1467 3993 1614 4054 omnium
1632 3994 1725 4055 tieret
1743 3995 1801 4054 in·
1909 4000 1914 4007 “

1005 4090 1182 4150 tarcesser.
1195 4090 1311 4148 Cantet
1323 4089 1425 4162 igitur
1437 4105 1559 4150 novum
1570 4090 1708 4150 Domino
1721 4106 1803 4150 can-

1005 4185 1108 4246 ticum
1142 4183 1225 4244 telix
1252 4183 1502 4245 cantuariensis
1526 4185 1679 4256 ecelesia,
1706 4189 1802 4261 eujus

1006 4296 1099 4342 aram
1134 4297 1194 4341 sue
1226 4280 1422 4357 purpuravit
1455 4280 1600 4356 pretioso
1638 4283 1804 4357 sanguiue

1006 4380 1133 4452 martyr
1143 4377 1306 4450 Thomas3
1328 4377 1407 4452 quin
1423 4376 1489 4438 imo
1505 4377 1623 4440 civitas
1638 4379 1710 4454 ipsa
1732 4379 1801 4440 teta

1006 4479 1073 4536 Deo
1086 4476 1192 4551 petest
1204 4473 1237 4535 et
1248 4473 1342 4534 debet
1358 4475 1393 4534 in
1406 4473 1622 4536 exultationis
1636 4491 1718 4538 vece
1732 4493 1799 4538 nen

1005 4572 1171 4652 immerite
1188 4571 1349 4648 Juhilare;
1376 4587 1460 4648 quae,
1485 4586 1604 4633 eruere
1627 4588 1725 4633 roseo
1747 4575 1801 4635 sui

1006 4669 1161 4746 martyris
1188 4669 1369 4741 rubricata,
1397 4668 1535 4745 pulchra
1564 4667 1651 4730 lacta
1678 4671 1738 4742 est,
1768 4672 1802 4732 et

1006 4765 1159 4843 apparuit
1174 4767 1336 4842 speciosa,
1353 4765 1440 4825 uude
1454 4765 1661 4826 diversarum
1681 4767 1798 4828 multi-

1005 4863 1119 4925 tudine
1135 4863 1282 4937 gentium
1296 4877 1338 4922 ex
1352 4862 1443 4921 omni
1463 4861 1543 4932 lere,
1557 4877 1630 4938 quae
1644 4862 1704 4922 suh
1717 4864 1801 4923 ceelo

1006 4962 1066 5029 est,
1083 4959 1229 5029 natione,
1239 4957 1464 5018 celebritatem
1475 4957 1581 5034 ipsius
1593 4974 1803 5036 summepere

1006 5057 1196 5124 venerante,
1222 5053 1364 5129 quedam
1394 5053 1488 5129 quasi
1517 5053 1607 5114 selim
1635 5057 1800 5132 praesagio

1007 5169 1117 5214 secum
1139 5152 1365 5212 videturesse
1390 5150 1508 5211 sortita
1536 5151 1732 5212 vocabulum
1758 5168 1802 5212 ex

1006 5251 1138 5320 eventu,
1164 5264 1203 5308 ac
1228 5249 1256 5307 si
1289 5247 1419 5308 dicetur
1443 5263 1601 5324 expresse
1625 5247 1799 5308 cantuaria

1007 5343 1799 5420 cantusarae.Tu,inquam‚diligenterattendens

1007 5450 1165 5522 quantum
1178 5445 1210 5504 te
1225 5440 1340 5502 deceat
1351 5443 1480 5502 tantum
1498 5441 1678 5516 martyrem
1693 5455 1799 5502 vene-

194 5580 235 5652 tl)
250 5577 372 5637 center:
390 5581 495 5645 Quinte
509 5577 683 5648 compilatio,
701 5577 746 5634 lib.
765 5579 814 5644 ΙΙΙ,
829 5593 892 5650 cap.
914 5577 941 5647 t,
962 5587 1030 5635 tom.
1047 5579 1069 5644 l,
1089 5574 1143 5631 cel.
1160 5573 1221 5631 sel.
