4248 6410
174 329 232 390 713

174 489 282 546 torum
304 502 438 547 suorum
456 487 598 556 veniam,
610 486 725 547 contisi
741 487 781 547 de
796 485 966 548 beatorum

176 584 267 644 Petri
282 586 313 644 et
334 583 427 644 Pauli
444 585 669 660 apostolorum
683 584 820 654 meritis
831 584 967 658 pollice-

176 695 260 739 mur.
273 679 320 740 Ob
332 681 554 740 reverentiam
567 696 695 756 quoqne
711 681 814 755 ipsius
827 695 968 740 venera-

176 776 256 836 bilis'
275 777 391 836 domus
413 777 610 838 anctoritate
631 777 818 852 apostolica
841 777 967 837 consti-

174 873 310 943 tuimus,
326 875 361 935 ut
375 874 440 941 his,
452 872 508 950 qui
524 889 638 934 eorum
654 873 893 934 fraternitatem
912 891 969 934 as·

176 971 387 1046 sumpserint,
405 971 433 1030 si
449 971 532 1032 forte
548 971 709 1041 ecclosiae,
727 971 766 1030 ad
788 986 870 1046 quas
886 986 965 1045 per-

174 1067 281 1128 tinent
306 1083 326 1127 a
355 1067 477 1128 divinis
503 1066 626 1128 suerint
652 1067 771 1128 officiis
799 1067 966 1128 interdicti

176 1179 298 1240 eosque
323 1165 406 1224 mori
424 1165 611 1240 contigerit,
629 1165 802 1225 dummodo
823 1181 883 1224 nec
902 1181 965 1225 ex-

175 1261 409 1321 communicati
430 1277 491 1322 neo
505 1262 700 1322 nominatim
716 1262 840 1324 fuerint
857 1263 966 1323 inter-

174 1358 254 1418 dicti
270 1361 327 1419 aut
349 1359 447 1418 etiam
469 1359 599 1434 publice
622 1360 779 1430 usurarii,
797 1358 965 1435 sepultura

175 1455 403 1515 ecclesiastica
416 1471 480 1514 non
493 1458 642 1530 negetur,
658 1456 721 1517 hoc
732 1457 831 1516 etiarn
842 1457 964 1526 addito,

175 1552 966 1628 utreoeptoresfraternitatisejusdemseuctiam

176 1648 400 1719 collectarum,
411 1649 504 1708 salvo
512 1652 588 1724 jure
599 1649 806 1709 dominorum
818 1666 964 1721 suorum,

175 1745 236 1804 suh
249 1745 336 1805 beati
346 1746 435 1806 Petri
448 1749 481 1805 et
491 1749 603 1806 nostra
620 1748 823 1822 protectione
839 1748 967 1807 consis-

174 1842 255 1910 tant,
271 1841 465 1916 adjicientes
485 1842 633 1918 insuper,
651 1845 697 1910 ut,
715 1843 814 1919 siqui
835 1859 967 1904 eorum-

173 1939 246 1998 dem
270 1938 425 2010 fratrum,
452 1939 507 2014 qui
532 1939 573 1999 ad
600 1939 807 2015 recipiendas
834 1941 966 2000 easdem

173 2033 398 2096 fraternitates
419 2037 513 2096 missi
533 2036 657 2097 fuerint
675 2037 727 2098 vel
750 2037 916 2106 collectas,
931 2039 965 2096 in

173 2134 354 2208 quamlibet
378 2135 555 2205 civitatem,
578 2135 748 2195 castellum
780 2136 832 2195 vel
857 2136 965 2196 vicum

173 2231 380 2302 advenerint,
394 2231 422 2291 si
438 2231 521 2292 forte
532 2233 624 2291 locus
639 2232 711 2306 ipse
723 2247 742 2291 a
756 2231 877 2291 divinis
894 2233 967 2291 fue·

172 2327 217 2388 rit
243 2327 362 2388 officiis
385 2327 591 2398 interdictus
617 2329 651 2387 in
681 2344 795 2389 eorum
822 2329 965 2388 adventu

173 2424 967 2500 semelinannoaperiantureeclesiae,etexcom·

172 2521 349 2581 municatis
360 2523 487 2598 ejectis
499 2521 610 2582 divina
623 2521 667 2581 ibi
679 2523 788 2582 officia
800 2521 966 2583 celebren-

175 2622 237 2676 tur.
260 2617 307 2676 Ad
329 2621 488 2694 majorem
512 2632 641 2693 quoqne
664 2618 784 2678 vestrae
804 2618 964 2678 mercedis

172 2713 339 2773 cumulum
350 2713 566 2774 nihilominus
577 2713 670 2774 vobis
683 2714 869 2774 mandando
879 2731 965 2790 prae-

172 2811 324 2887 cipimus
342 2813 504 2888 qnatenus
523 2811 610 2871 hanc
632 2813 778 2872 nostram
798 2813 963 2872 constitu-

170 2908 295 2969 tionem
311 2923 371 2982 per
383 2909 510 2967 vestras
526 2907 701 2983 parochias
719 2908 866 2968 nuntiari
882 2923 962 2983 pro-

171 3003 256 3079 priis
271 3003 391 3064 litteris
406 3003 548 3064 faciatis.
572 3003 766 3063 Mandamus
787 3004 897 3076 etiam,
915 3007 960 3074 ut,

171 3101 201 3160 si
226 3099 348 3178 quide
373 3101 505 3162 clericis
537 3100 751 3161 ecclesiarum
777 3101 962 3162 vestrarum

171 3196 300 3276 praefati
324 3197 500 3274 hospitalis
530 3197 699 3270 fratribus,
725 3214 799 3258 oum
827 3199 962 3260 licentia

170 3295 298 3370 praevau
313 3295 375 3366 sui,
389 3285 505 3370 sponte
525 3311 564 3356 ac
574 3297 678 3369 gratis
694 3311 753 3371 per
771 3311 893 3356 annum
909 3297 961 3358 vel

169 3391 341 3453 biennium
364 3392 490 3453 servire
512 3392 729 3460 decreverint,
754 3408 961 3470 nequaqnam

169 3488 393 3566 impediantur
414 3490 447 3550 et
470 3489 603 3551 interim
634 3505 693 3549 sua
722 3489 883 3550 beneficia
910 3491 961 3552 vel

169 3585 413 3652 ecclesiasticos
446 3586 594 3647 redditus
623 3601 689 3646 non
720 3587 883 3649 amittant.
912 3587 960 3648 Ad

169 3682 252 3755 haee,
265 3683 514 3744 universitatem
527 3683 671 3744 vestram
685 3683 805 3744 litteris
821 3700 963 3761 praesen·

168 3779 257 3841 tibus
278 3780 506 3850 exhortamur,
523 3783 558 3843 ut
573 3781 614 3841 ad
634 3781 882 3842 subventionem
905 3799 963 3844 eo·

168 3877 315 3939 rurndem
331 3877 470 3939 fratrum
490 3877 608 3939 debitae
624 3879 772 3943 caritatis
788 3879 962 3940 affectibus

168 3973 359 4045 intendentia,
369 3979 402 4037 et
414 3977 481 4036 tam
495 3976 546 4035 his
560 3991 657 4052 quam
673 3975 749 4036 aliis
761 3977 878 4043 modis,
893 3977 962 4054 qui-

167 4069 228 4131 bus
250 4071 374 4130 eisdem
401 4072 508 4132 servis
533 4072 591 4132 Dei
617 4073 773 4148 prodesse
799 4075 959 4149 poteritis,

167 4167 257 4243 ipsos
268 4169 391 4244 juvare
405 4170 438 4229 et
450 4167 562 4228 fovere
578 4169 711 4229 curetis.
730 4170 847 4231 Datum
863 4172 962 4232 Late-

167 4263 253 4335 rani,
276 4263 401 4324 vidus
424 4263 594 4336 februarii,
620 4265 831 4341 pontificatus
854 4269 959 4329 nostri

167 4376 257 4422 anno
272 4361 398 4439 quinto.

473 4540 656 4627 CCLXIV

295 4683 346 4743 Ad
356 4683 550 4757 episcopum
566 4686 832 4745 Korteotertscm.

465 4803 482 4858 9
497 4800 567 4859 febr.
587 4803 666 4860 frat.

364 4917 492 4976 silleium,
505 4917 572 4966 lton.
587 4917 698 4974 Hibero,
714 4917 763 4982 lu]

165 5019 280 5080 Mandat
304 5023 447 5078 llonorius
484 5029 514 5078 ut
537 5023 741 5080 concessiones
773 5025 957 5080 ecclesiarum

200 5115 297 5167 eontra
311 5116 415 5167 statuta
431 5109 548 5167 Consilii
563 5113 708 5183 generalis
721 5114 750 5168 in
761 5113 853 5170 scotia
869 5111 958 5169 factas

199 5197 377 5255 revocandas
389 5204 478 5254 curet.

203 5315 370 5377 Honorius
381 5315 693 5392 episcopusservus
708 5331 877 5378 servorum
886 5319 955 5388 liei,

163 5410 347 5474 venerabili
382 5409 515 5472 fratri...
552 5413 709 5489 episcopo
734 5414 955 5485 Karleolensi,

164 5509 303 5572 salutem
319 5511 352 5570 et
366 5509 583 5586 apostolicam
601 5509 875 5572 benedictionem.

152 5661 155 5668 .
205 5607 396 5667 Insinuante
437 5606 556 5666 dilecto
589 5607 657 5668 illio
661 5650 721 5666 .....
764 5607 882 5670 abbate
918 5609 957 5670 de

801 327 1029 394 EPISTOLAE.
1053 329 1129 386 LlB.
1154 327 1191 386 V.

1754 329 1813 388 714

1023 485 1137 546 lederd
1154 484 1367 560 Glasguensis
1380 486 1543 554 dilecesis,
1555 487 1676 548 nostris
1688 488 1740 549 est
1752 503 1814 548 au-

1022 582 1114 642 ribus
1130 583 1328 652 intimatum,
1346 582 1580 659 quodquidam
1596 584 1813 660 praedecesso·
1905 607 1912 622 ι

1022 695 1094 740 rum
1111 695 1247 740 suorum
1264 680 1422 755 quasdam
1440 679 1599 740 ecclesias
1615 681 1680 741 tuae
1695 681 1814 743 dioece-

1022 777 1067 836 sis
1087 777 1256 846 vacanteS,
1280 775 1469 838 viventibus
1498 777 1606 837 adhuc
1627 778 1812 838 rectoribus

1022 873 1224 942 earumdem,
1255 873 1333 932 filiis
1358 873 1506 948 ipsorum
1532 873 1567 934 in
1592 875 1688 934 aetate
1703 875 1813 936 minus

1022 970 1168 1045 legitima
1196 970 1381 1054 constitutis
1404 970 1518 1031 eontra
1534 971 1657 1032 statuta
1673 972 1813 1032 Latera·

1021 1067 1134 1127 nensis
1154 1067 1294 1128 concilii
1314 1067 1558 1138 concesserunt,
1574 1068 1606 1128 et
1622 1047 1813 1131 authentico

1021 1164 1144 1240 scripto
1161 1163 1358 1240 suicapituli
1370 1165 1648 1226 confirmaruntin
1662 1166 1813 1227 ecclesiae

1022 1277 1090 1322 suae
1124 1261 1354 1338 praejndicium
1383 1261 1415 1322 et
1439 1277 1628 1336 gravamen.
1653 1263 1814 1332 Quocirca

1021 1357 1222 1418 fraternitati
1234 1359 1299 1418 ture
1316 1374 1375 1434 per
1386 1358 1575 1433 apostolica
1585 1359 1708 1436 scripta
1723 1374 1814 1420 man·

1022 1454 1149 1526 damus,
1163 1460 1326 1531 quatenns
1340 1456 1573 1516 concessiones
1590 1456 1623 1516 et
1637 1457 1815 1516 confirma-

1021 1553 1128 1614 tiones
1138 1552 1536 1628 hujusmodicontradieti
1547 1553 1668 1614 statuta
1675 1553 1813 1614 Concilii

1021 1650 1144 1710 temere
1163 1651 1351 1719 attentatae,
1373 1650 1532 1725 inquisita
1550 1651 1583 1710 et
1603 1650 1736 1724 cognita
1751 1666 1812 1711 ve-

1021 1747 1129 1816 ritate,
1147 1762 1242 1806 cures
1260 1747 1418 1808 canonice
1434 1762 1603 1807 revocare.
1621 1747 1815 1808 Contradic-

1020 1844 1122 1915 tores,
1134 1844 1196 1903 etc.
1218 1845 1331 1904 Testes
1346 1845 1467 1913 autem,
1480 1843 1509 1902 si
1519 1843 1644 1915 favore,
1656 1844 1709 1904 vel
1725 1845 1811 1916 odio,

1020 1940 1073 2000 vel
1098 1941 1216 2000 timore
1244 1956 1279 2000 se
1302 1938 1538 2010 subtraxerint,
1555 1955 1614 2016 per
1639 1955 1813 2002 censuram

1021 2035 1291 2106 ecclesiasticam,
1318 2035 1541 2111 appellatione
1565 2039 1703 2107 remota,
1717 2053 1812 2097 com-

1020 2132 1125 2207 pellas
1140 2133 1291 2192 veritatis
1307 2133 1531 2192 testimonium
1541 2131 1815 2207 perhibere.Nul·

1020 2228 1062 2287 lis
1079 2229 1200 2289 litteris
1217 2229 1350 2288 veritati
1365 2230 1396 2289 et
1406 2229 1545 2304 justitiae
1564 2229 1815 2306 praejudicanti-

1021 2325 1093 2396 buS,
1111 2325 1172 2386 etc.
1188 2327 1305 2385 Datum
1321 2326 1488 2397 Laterani,
1499 2329 1527 2386 V
1542 2326 1616 2386 idus
1638 2326 1810 2400 februarii,

1020 2423 1233 2498 pontificatus
1250 2423 1355 2483 nostri
1371 2438 1459 2483 anno
1475 2424 1601 2498 quinto.
1629 2427 1630 2432 ’

1335 2607 1497 2693 CCLXV

1018 2752 1070 2810 Ad
1080 2751 1238 2822 priorem
1252 2749 1370 2808 Sovtctt
1391 2750 1534 2810 Victoris
1555 2750 1589 2811 et
1603 2754 1642 2812 R.
1659 2754 1811 2825 fratrem

1188 2846 1323 2906 vrttlttioe
1342 2846 1646 2919 temporarium.

1319 2967 1336 3024 9
1358 2965 1413 3023 feb.
1431 2969 1509 3025 tall.

1048 3080 1167 3144 [liegest.,
1180 3080 1223 3130 lib.
1238 3081 1268 3141 V,
1279 3081 1351 3146 epist.
1363 3081 1419 3130 589.
1434 3083 1492 3132 ilss.
1505 3083 1540 3133 La
1550 3083 1626 3134 Porto
1638 3085 1673 3134 du
1685 3085 1777 3151 Theti]

1018 3186 1149 3258 Praecipit
1164 3188 1205 3243 eis
1218 3194 1250 3244 ut
1271 3187 1445 3245 Clementem
1465 3187 1628 3259 diaconum,
1639 3190 1718 3262 juxta
1734 3200 1811 3250 tene

1052 3289 1112 3330 rem
1128 3275 1255 3331 mandati
1268 3276 1425 3348 Apostolici
1445 3275 1480 3333 de
1500 3274 1555 3334 hoc
1576 3278 1636 3349 J'am
1651 3279 1718 3350 dati,
1735 3296 1806 3353 pne-

1051 3362 1144 3422 bende
1154 3363 1184 3419 in
1196 3364 1317 3420 ecclesia
1328 3364 1493 3422 belvacensi
1508 3365 1686 3438 provideant.

1056 3479 1235 3552 Honorius,
1252 3481 1327 3552 etc„
1344 3480 1474 3542 dilectis
1486 3481 1563 3543 liliis
1579 3483 1683 3560 priori
1697 3487 1809 3548 Sancti

1016 3577 1160 3638 Victoris
1186 3578 1220 3640 et
1248 3581 1286 3639 R.
1310 3578 1405 3640 fratri
1429 3579 1556 3642 militiae
1582 3581 1695 3657 templi
1713 3585 1810 3644 Pari-

1017 3673 1099 3734 sien.

1057 3772 1221 3832 Laborem
1241 3774 1405 3849 angustiae
1421 3791 1503 3852 quas
1521 3776 1689 3849 sustinuit,
1702 3779 1734 3839 et
1749 3794 1810 3839 ex-

1016 3883 1195 3943 pensarum
1223 3871 1418 3946 gravamina
1444 3887 1517 3947 quae
1539 3872 1640 3935 subiit
1662 3889 1721 3950 pro
1748 3892 1808 3936 sua

1016 3965 1207 4040 provisione
1222 3965 1361 4027 dilectus
1377 3966 1464 4027 filins
1481 3968 1631 4029 Clemens
1647 3969 1807 4031 diaconus

1017 4059 1056 4120 de
1073 4061 1179 4131 Passi,
1197 4060 1390 4121 Laudunen.
1421 4062 1586 4134 dioecesis,
1603 4064 1659 4140 qui
1675 4065 1716 4125 ab
1735 4066 1808 4141 ipso

1016 4157 1111 4232 quasi
1126 4157 1248 4217 nostrae
1274 4159 1490 4232 promotionis
1510 4159 1618 4232 initio,
1646 4161 1733 4237 apud
1747 4177 1807 4222 nos

1015 4253 1135 4314 institit
1153 4254 1191 4314 ut
1210 4253 1452 4330 providerimus
1469 4255 1587 4328 eidem,
1605 4272 1647 4318 ex
1666 4259 1807 4334 quadam

1015 4351 1224 4422 necessitate,
1241 4367 1315 4411 cum
1344 4367 1383 4413 eo
1410 4353 1592 4416 clementer
1618 4371 1718 4431 agere
1747 4372 1807 4417 nos

1016 4447 1226 4524 compellunt.
1239 4448 1319 4509 Cum
1335 4450 1423 4510 enim
1437 4450 1500 4511 sibi
1514 4453 1638 4527 petenti
1648 4455 1809 4529 provisio·

1015 4559 1122 4605 nema
1143 4545 1248 4618 nobis,
1266 4562 1362 4622 quem
1378 4563 1438 4623 per
1454 4548 1632 4610 multorum
1647 4550 1711 4610 fide
1728 4550 1805 4626 dig-

1015 4655 1132 4700 norum
1157 4643 1377 4716 comperimus
1403 4644 1592 4705 testimonia
1618 4647 1758 4707 scientia
1775 4649 1807 4708 et

1014 4737 1161 4798 moribus
1183 4739 1346 4815 adjuvari,
1372 4740 1596 4802 exauditionis
1613 4745 1736 4804 nostrae
1747 4747 1806 4821 ja·

1014 4851 1080 4895 uua
1100 4835 1225 4911 pluries
1252 4837 1426 4912 patuisset,
1444 4853 1487 4898 ex
1508 4829 1600 4911 casu',
1614 4855 1680 4901 non
1700 4842 1805 4917 ipsius

1013 4931 1105 5002 viiie,
1118 4947 1248 5008 semper
1258 4933 1396 5008 contigit
1410 4935 1497 5010 quod
1511 4937 1702 5012 provisione
1714 4955 1807 5016 repe·
1869 4959 1872 4969 ·

1013 5028 1058 5088 rit
1076 5045 1111 5091 se
1133 5029 1338 5102 frustratum,
1360 5033 1494 5107 propter
1517 5033 1602 5109 quod
1625 5035 1748 5096 multos
1765 5037 1807 5096 ad

1013 5141 1073 5185 nos
1084 5127 1206 5188 iterare
1233 5125 1362 5188 labores
1385 5128 1555 5204 etgraves
1580 5135 1807 5207 expensasest

1013 5223 1125 5284 subire
1151 5226 1297 5285 coactus.
1320 5225 1413 5286 Unde
1435 5226 1642 5302 supplicante
1654 5230 1726 5305 ipso
1742 5229 1814 5289 hu·-

1013 5319 1136 5383 militer
1157 5320 1277 5381 dudum
1306 5321 1413 5388 nobis,
1431 5323 1466 5384 ut
1500 5324 1531 5384 ei
1559 5323 1744 5388 faceremus
1769 5327 1805 5387 in

1013 5417 1186 5477 Belvacen.
1203 5415 1344 5478 ecclesia
1362 5419 1539 5494 provideri.
1557 5437 1656 5496 quum
1672 5421 1824 5484 obtenta·

1012 5514 1201 5590 provisione
1227 5513 1349 5575 ibidem
1378 5517 1513 5591 paratus
1537 5517 1581 5578 sit
1603 5519 1687 5595 quod
1704 5519 1803 5582 nabet

1012 5611 1273 5672 ecclesiasticum
1305 5611 1501 5674 beneficium
1541 5615 1722 5689 resignare,
1745 5633 1811 5679 nos¹
