4230 6388
329 275 389 337 759

330 433 595 498 nino-hominum
615 431 714 493 liceat
727 431 813 491 hano
828 429 983 506 paginam
999 428 1121 490 nostrae

942 253 1119 331 000000
1141 269 1186 328 111
1207 269 1355 330 ornan.

1928 265 2010 326 760

1215 426 1352 488 Anobis
1371 423 1536 499 indulgeri
1552 425 1672 502 petisti,
1692 423 1898 486 utecclesiae
1917 423 2006 484 tuae

330 527 1123 603 00000001100010000000,0101000000-
1176 522 1403 584 matricularic
1429 522 1497 591 uni,
1516 521 1690 583 dumtaxat
1719 537 1786 582 non
1820 521 2005 582 obstante

328 627 419 689 rario
435 627 610 689 contraire.
625 625 659 686 Si
675 627 748 701 quis
763 623 945 685 autemhoc
957 623 1121 684 attentare
1176 619 1261 696 quod
1285 619 1434 680 ecclesiae
1454 619 1518 694 ipsi
1537 619 1756 694 personaliter
1776 619 1913 679 servire
1927 619 2000 678 te-

330 821 390 880 Dei
404 821 436 880 et
450 819 620 880 beatorum
642 817 731 879 Petri
745 818 778 878 et
788 817 885 878 Pauli
897 816 1121 894 apostolorum

330 919 402 994 ejus
412 933 447 976 se
467 915 599 977 noverit
612 917 836 976 incursurum.

368 1015 487 1075 Datum
501 1013 668 1084 Laterani,
685 1014 729 1072 IV
746 1027 852 1072 nonas
867 1011 994 1089 aprilis,
1012 1011 1123 1088 ponti-

330 1109 446 1172 ficatus
461 1111 566 1172 nostri
579 1125 665 1172 anno
682 1109 807 1186 quinto.

631 1286 819 1374 00000
910 1221 923 1240 ’

348 1422 400 1480 Act
428 1421 463 1482 0.
490 1422 663 1481 rectorem
695 1421 728 1482 et
753 1419 946 1493 fratreas.
977 1419 1103 1478 Morte

654 1521 693 1578 tn
704 1520 794 1594 Stap.

619 1639 637 1698 ²
655 1639 735 1712 april.
753 1639 831 1696 1211.

360 1754 451 1816 [liugn
465 1753 579 1804 Annales
591 1753 856 1812 Pramoustratenses,
865 1759 885 1802 t.
897 1752 929 1811 11,
940 1751 1012 1817 prob.
1023 1752 1090 1815 ³68]
1153 1775 1154 1782 .

382 1861 432 1917 Eis
445 1861 597 1917 ecclesiam
618 1861 647 1917 S.
662 1860 760 1917 110010
778 1860 807 1916 10
823 1859 891 1932 Slag
908 1859 1066 1916 00011000.

369 1977 536 2036 Honorius
546 1977 731 2052 episcopua,
743 1993 858 2037 servus
868 1991 1038 2037 serrorum
1049 1977 1119 2048 Dei,

329 2072 458 2133 dilectis
474 2073 551 2133 111110
568 2076 603 2136 0.
619 2075 742 2135 rectori
761 2075 793 2134 et
817 2073 975 2134 iratribus
992 2075 1121 2134 Sanctae
1152 2065 1153 2068 ’

329 2169 444 2230 Mariae
467 2169 501 2230 in
524 2170 613 2245 Slag,
635 2171 963 2232 Praemonstratensis
982 2170 1121 2242 ordinis,

330 2265 517 2329 salutemet
536 2268 750 2343 apostolicam
765 2267 1040 2330 benedictionem.

372 2364 462 2424 Solet
472 2379 619 2425 annuere
637 2365 736 2426 Sedes
752 2365 943 2441 Apostolica
958 2365 1023 2441 piis
1035 2365 1121 2426 votis

328 2460 361 2521 at
391 2459 538 2522 honestis
575 2463 756 2538 petentium
785 2462 938 2540 precibus
974 2461 1120 2524 tererem

328 2557 525 2619 benevolum
549 2559 723 2636 impertiri.
748 2561 845 2632 Sane,
867 2561 953 2622 sicut
967 2575 1010 2622 ex
1027 2561 1125 2636 parte

327 2657 438 2718 vestra
463 2655 526 2718 init
539 2657 726 2733 expositum
749 2673 860 2718 coram
888 2657 995 2730 nobis,
1021 2674 1121 2734 quum

327 2752 530 2814 venerabilis
555 2753 658 2814 irater
676 2756 789 2815 noster
809 2754 1018 2815 pataviensis
1033 2755 1123 2830 epis-

329 2865 432 2926 copus
447 2850 622 2911 ecclesiam
642 2851 772 2912 Sanctae
791 2851 904 2912 Mariae
928 2851 963 2910 in
984 2851 1063 2928 Slag
1081 2851 1121 2912 de

328 2946 498 3007 voluntate
507 2947 638 3023 patroni
647 2950 675 3024 ej
681 2947 794 3007 usdem
810 2947 970 3018 ecclesiae,
984 2947 1122 3024 capituli

328 3041 382 3102 sui
397 3043 576 3104 accedente
596 3059 772 3116 consensu,
790 3044 883 3105 robis
904 3045 958 3121 pie
980 3061 1019 3105 ac
1042 3061 1122 3122 pro-

327 3139 403 3200 vide
424 3141 555 3202 duxerit
571 3140 820 3214 conserendam,
835 3141 870 3202 in
885 3157 924 3202 ea
940 3143 1120 3203 secundum

327 3238 654 3300 Prasmonstratensis
670 3239 797 3300 ordinis
812 3239 963 3301 instituta
981 3241 1119 3301 Domino

326 3335 515 3406 servituris,
539 3351 599 3396 nos
620 3337 742 3396 vestris
768 3336 922 3413 precibus
948 3337 1117 3409 inclinati,

326 3429 412 3506 quod
439 3447 498 3506 per
523 3433 674 3493 eumdem
710 3433 899 3510 episcopum
930 3451 1030 3511 super
1057 3435 1120 3496 1100

326 3524 463 3602 provide
488 3529 597 3589 actum
626 3531 685 3598 est,
715 3530 912 3592 auctoritate
931 3531 1119 3608 apostolica

326 3622 571 3696 confirmamus,
594 3627 626 3686 et
644 3628 818 3702 praesentis
842 3628 955 3703 scripti
975 3629 1121 3703 patroci-

327 3719 384 3781 nio
396 3722 648 3782 communimus.
666 3723 758 3784 Nulli
770 3739 848 3799 ergo
864 3725 998 3786 omnino
1011 3725 1123 3786 homi-

326 3833 406 3878 num
420 3817 520 3880 liceat
534 3818 621 3880 hanc
638 3821 792 3896 paginam
809 3822 931 3883 nostrae
942 3822 1121 3882 conflrma-

326 3915 427 3977 tionis
467 3915 659 3992 infringere,
696 3917 748 3979 rel
773 3919 804 3979 ei
830 3934 913 3979 ausu
941 3919 1120 3982 temerario

326 4014 503 4074 contraire.
522 4014 644 4090 Siquis
660 4017 769 4076 autem
780 4016 843 4077 boc
854 4017 1016 4078 attentare
1027 4033 1117 4094 prae-

326 4111 521 4187 sumpserit,
573 4111 835 4188 indignationem
884 4113 1119 4189 omnipotentis

325 4209 395 4278 Dei,
411 4211 442 4270 et
451 4209 622 4270 beatorum
634 4210 723 4270 Petri
734 4211 767 4272 et
782 4211 878 4270 Pauli
892 4211 1117 4287 apostolorum

325 4307 408 4381 ejus,
426 4321 462 4365 se
475 4306 606 4366 noverit
620 4307 843 4367 incursurum.

365 4403 481 4463 Datum
499 4403 666 4475 Laterani,
685 4406 727 4465 IV
740 4421 845 4465 nonas
863 4405 991 4482 aprilis,
1008 4407 1119 4483 ponti-

324 4499 441 4560 ficatus
457 4501 562 4560 nostri
579 4515 666 4562 anno
681 4501 805 4578 quinte.

631 4679 814 4767 CCCXIV
863 4745 867 4756 .

402 4814 454 4872 Aet
476 4815 771 4888 archiepiscopalia
789 4818 1035 4877 senonensem.

614 4937 630 4994 3
646 4938 726 5010 april.
743 4939 820 4995 1111.

360 5051 480 5116 [Regest.,
492 5049 537 5102 lib.
548 5051 661 5114 V,epist.
677 5052 733 5102 1113.
745 5053 802 5101 llss.
814 5053 849 5102 La
859 5053 935 5100 Porta
948 5051 981 5102 dn
995 5051 1088 5116 Theil.]

325 5155 532 5232 indulgeretur
546 5160 675 5216 00010010
687 5175 746 5216 suae
766 5156 959 5215 matriculario
974 5157 1057 5215 liceat
1070 5173 1119 5230 per

359 5248 497 5306 vicarium
511 5247 666 5316 deservire,
688 5246 756 5304 dum
776 5248 803 5302 in
828 5247 918 5318 ipsius
936 5247 1052 5304 servitio
1072 5261 1117 5304 er·

360 5336 536 5409 chlepiscopi
550 5335 733 5394 detineretur.

365 5454 543 5526 Honorius,
575 5454 649 5524 etc,
677 5453 861 5514 venerabili
885 5454 982 5517 fratri
1008 5455 1121 5517 arehi-

326 5550 480 5628 episcopo
497 5552 660 5611 Senonen.

217 789 219 796 ,
330 723 594 800 praesumpserit,
611 721 873 797 indignationem
888 720 1121 796 omnipotentis
1176 717 1273 777 netur
1297 731 1356 792 per
1383 716 1538 776 idoneum
1558 717 1593 776 in
1618 732 1657 776 ea
1677 717 1794 777 liceret
1808 715 2001 776 vicarium

1177 813 1254 874 dum
1268 813 1371 875 intuo
1382 815 1604 875 commoratur
1616 813 1773 889 obsequio
1788 813 1995 872 deservire.

1177 911 1244 972 Nos
1264 911 1373 970 autem
1394 909 1461 969 tuis
1477 908 1676 970 inclinantes
1692 908 1998 986 postulationibus

1177 1021 1275 1068 aures
1310 1008 1441 1068 nostras
1468 1006 1501 1065 id
1525 1005 1722 1067 auctoritate
1754 1005 1997 1082 praesentium

1177 1103 1331 1163 duximus
1367 1102 1623 1166 concedendum.
1658 1102 1775 1162 Datum
1801 1103 1992 1174 Laterani,

1177 1201 1222 1260 111
1244 1215 1348 1260 nonas
1384 1199 1515 1276 aprilis,
1532 1198 1743 1276 pontificatus
1758 1199 1865 1260 nostri
1880 1215 1992 1260 anno

1178 1297 1303 1372 quinto.
1397 1294 1400 1316 '

1495 1411 1657 1498 CGGXV

1176 1547 1228 1608 Ae
1250 1545 1441 1614 Ebrotcen„
1467 1547 1624 1618 priorem
1652 1545 1772 1605 Sancti
1799 1546 1988 1604 Barbarae

1215 1645 1416 1712 Laconica..
1431 1642 1640 1716 magistram
1656 1644 1704 1702 W.
1721 1644 1762 1702 ele
1774 1641 1981 1715 cartapeta,

1216 1742 1460 1800 cencettartnrn
1473 1737 1791 1813 concameratam.

1468 1859 1485 1914 3
1501 1859 1580 1930 april.
1596 1859 1674 1916 1111.

1210 1973 1327 2037 [Regum
1338 1973 1382 2024 lib.
1396 1973 1425 2036 V,
1441 1973 1515 2038 epist.
1527 1973 1581 2021 tlt.
1593 1974 1650 2022 1100.
1664 1973 1699 2022 La
1709 1973 1784 2022 Parte
1796 1972 1830 2022 du
1843 1973 1942 2038 Theti]

1176 2079 1232 2136 Dat
1249 2081 1291 2137 eis
1313 2079 1489 2152 provinciam
1505 2077 1540 2136 dc
1559 2079 1632 2150 jure,
1648 2077 1724 2150 quod
1739 2077 1856 2136 abbatos
1872 2080 1976 2137 Sancti

1211 2167 1326 2224 Taurini
1347 2166 1497 2224 Ebroicen.
1517 2174 1545 2223 et
1564 2167 1658 2224 Sancti
1680 2165 1803 2224 Leuiridi
1824 2166 1860 2224 de
1879 2169 1975 2225 Cruce

1213 2253 1435 2327 protendebant,
1452 2255 1603 2312 assistendi
1624 2255 1659 2311 ad
1674 2255 1841 2312 electionem
1858 2255 1974 2313 abbatis
2082 2259 2083 2302 1

1212 2344 1361 2400 Fiscunen.
1375 2350 1567 2416 cognoscant;
1580 2350 1715 2415 praeterea
1731 2343 1808 2415 quod
1819 2343 1855 2400 de
1867 2343 1972 2400 Erardi
2082 2329 2083 2338 ¹

1211 2431 1241 2487 in
1256 2432 1368 2488 Fiscan.
1379 2431 1511 2488 abbatem
1524 2431 1662 2488 electione
1677 2432 1830 2503 inquirunt,
1842 2439 1872 2488 et
1881 2433 1906 2488 si
1919 2447 1969 2489 ca-

1211 2520 1387 2578 nonicavisa
1400 2517 1492 2588 luerit,
1509 2519 1589 2575 illam
1598 2518 1776 2578 confirment.

1216 2637 1394 2707 Honorius,
1417 2636 1491 2707 etc,
1516 2635 1645 2696 dilectis
1667 2635 1745 2695 tiliis
1766 2634 1968 2697 Ehroicen...

1176 2734 1281 2810 priori
1297 2733 1426 2794 Sanctae
1441 2732 1597 2793 Barbarae
1612 2733 1790 2794 Lexorien.
1811 2733 1922 2805 dioec,
1936 2735 1971 2794 et

1176 2831 1335 2906 magistro
1344 2833 1397 2892 W.
1410 2831 1451 2891 de
1462 2830 1625 2906 Canapett,
1633 2829 1835 2891 cancellario
1847 2830 1973 2893 Retho-

1177 2944 1306 3004 magen.
1408 2951 1415 2963 ·

1216 3025 1409 3087 constitutis
1431 3025 1466 3084 in
1481 3025 1659 3100 praesentia
1673 3025 1787 3086 nostra
1802 3039 1965 3101 procura-

1176 3121 1308 3184 toribus
1328 3123 1523 3184 dileciorum
1539 3123 1684 3183 filiorum
1698 3122 1810 3183 Sancti
1831 3123 1967 3182 Taurini

1176 3219 1347 3282 Ehroicen.
1365 3221 1433 3281 et...
1452 3221 1564 3281 Sancti
1580 3219 1728 3281 Leunidi
1743 3219 1967 3282 (1011000001)-

1174 3317 1296 3391 batum,
1319 3333 1358 3380 ac
1383 3317 1578 3379 monasterii
1601 3318 1789 3388 Fiscanen„
1811 3316 1965 3377 dilectum

1175 3415 1279 3474 illium
1297 3414 1446 3476 nostrum
1460 3417 1509 3486 Β.,
1525 3413 1615 3475 111011
1629 3414 1823 3474 Sanctorum
1840 3415 1857 3475 J
1861 3413 1966 3473 ohan-

1175 3505 1627 3588 01001Ῥο011000011010000
1647 3510 1861 3582 cardinalem,
1879 3509 1965 3570 dedi-

1174 3624 1247 3669 mus
1270 3607 1471 3680 auditorem,
1493 3623 1604 3670 coram
1631 3623 1695 3684 quo
1724 3608 1965 3684 proposuerunt

1174 3706 1406 3782 procuratores
1417 3706 1650 3782 praedictorum
1663 3706 1696 3766 et
1704 3703 1870 3775 abbatum,
1878 3706 1962 3780 quod

1173 3803 1313 3866 vacante
1334 3801 1471 3879 praelato
1500 3802 1712 3874 monasterio,
1737 3802 1824 3878 qnod
1848 3802 1963 3863 imme-

1174 3900 1262 3960 diate
1277 3901 1318 3960 ad
1333 3903 1515 3962 Romanam
1530 3899 1713 3961 Ecclesiam
1728 3899 1883 3976 pertinet,
1899 3915 1963 3960 mo-

1173 3998 1274 4058 nachi
1306 3998 1453 4075 ejusdem
1482 3998 1562 4069 loci,
1591 3997 1787 4074 contemptis
1818 3997 1961 4074 praetatis

1173 4094 1358 4167 abbatibus,
1377 4095 1431 4172 qui
1448 4094 1622 4156 commode·
1635 4095 1797 4170 poterant,
1815 4094 1848 4155 et
1862 4093 1966 4154 debe*

1172 4192 1252 4254 bant
1276 4194 1316 4254 de
1336 4195 1419 4270 Jure-
1439 4193 1564 4263 vocari,
1588 4193 1710 4252 omissa
1735 4191 1835 4252 etiam
1860 4191 1960 4252 torma

1173 4290 1313 4350 Concilii
1337 4289 1516 4365 generalis,
1540 4303 1580 4350 ac
1603 4289 1691 4350 iacta
1717 4289 1957 4364 conspiratione

1172 4387 1212 4447 de
1228 4387 1330 4448 certis
1346 4387 1498 4463 personis
1514 4387 1554 4446 ad
1570 4387 1676 4462 ipsius
1696 4386 1887 4447 monasterii
1905 4403 1958 4446 re-

1172 4485 1282 4560 gimen
1302 4484 1527 4554 nominandis,
1551 4483 1591 4544 ad
1617 4483 1811 4544 electionem
1835 4483 1956 4544 abbatis

1172 4583 1295 4642 temere
1326 4581 1562 4657 procedentes,
1593 4581 1769 4654 Erardum,
1800 4581 1959 4658 quondam·

1173 4679 1323 4740 abbatem
1336 4679 1447 4740 Sancti
1463 4678 1591 4748 Judoci,
1602 4679 1644 4739 ad
1656 4680 1803 4755 ejusdem
1815 4679 1956 4754 regimen

1173 4777 1282 4836 minus
1302 4776 1457 4837 idoneum
1470 4776 1583 4852 utpote
1592 4791 1709 4852 parum
1721 4775 1787 4835 imo
1801 4775 1883 4835 nihil
1893 4775 1955 4835 iere

1172 4873 1347 4944 videntem,
1372 4889 1412 4933 ac
1441 4874 1541 4933 certis
1571 4872 1775 4947 argumentis
1797 4872 1955 4948 dilapida-

1172 4971 1262 5030 tione
1289 4971 1477 5045 suspectum
1510 4969 1634 5044 eligere
1663 4968 1955 5044 praesumpserunt;

1174 5081 1276 5142 qrrare
1298 5066 1453 5142 petebant
1472 5066 1668 5127 electionem
1691 5065 1881 5141 hujusmodi
1905 5081 1958 5140 pe-

1174 5164 1262 5225 nitus
1275 5164 1412 5224 irritari.
1430 5167 1494 5224 Pro
1504 5154 1604 5239 ‘parte
1618 5179 1698 5224 vero
1713 5163 1821 5239 ipsius
1838 5178 1958 5223 monas-

1173 5261 1250 5321 terii
1262 5261 1323 5322 init
1338 5261 1540 5337 propositum
1557 5275 1599 5320 ex
1612 5260 1764 5332 adverso,
1782 5260 1868 5336 quod
1884 5260 1960 5320 elec·

1174 5358 1220 5418 tio
1230 5359 1301 5434 ipsa
1313 5359 1352 5418 de
1366 5373 1507 5434 persona
1519 5357 1638 5418 idonea
1649 5357 1758 5418 iuerat
1769 5357 1960 5432 regulariter

1175 5455 1351 5526 celebrata,
1363 5454 1582 5532 quareipsius
1598 5454 1792 5516 monasterii
1807 5469 1963 5532 procura-

1175 5553 1263 5614 tores
1273 5568 1345 5614 eam
1359 5551 1550 5615 confirmari
1561 5551 1733 5614 humiliter
1742 5550 1960 5628 postulabant.
