4280 6404
186 369 190 378 ,
313 299 372 360 333
760 373 767 380 ,
928 299 1103 364 999999
1126 302 1171 364 111
1193 304 1340 366 ornas.
1851 289 1958 368 'aar

315 459 369 531 sit,
395 456 488 522 salrc
511 458 547 524 in
570 455 724 520 omnihus
745 460 823 536 jure
841 473 881 520 ac
906 459 1109 536 proprietate
1162 476 1233 522 rem
1258 477 1354 524 suum
1381 462 1575 540 reliquerat,
1603 461 1712 528 fuerat
1734 463 1956 529 confirmata:

289 555 471 619 'Romauae
483 555 652 628 Ecclesiae,
677 555 718 618 ad
744 571 841 632 quam
854 554 946 616 nullo
966 556 1109 632 pertinet
1161 558 1959 638 undeposhutavitinstanter,utpreefatumintru·

315 652 490 716 mediante.
514 653 585 715 Nos
600 667 730 730 quoque
753 651 840 730 quod
865 651 989 720 facturn
1007 652 1108 716 fuerit
1160 670 1234 716 sum
1251 659 1459 719 removentes
1480 656 1523 723 ab
1543 657 1688 722 eeclesia
1707 659 1904 730 memorata,
1925 661 1959 720 et

315 767 374 828 per
388 750 539 814 eumdem
551 750 743 830 episcopum
762 749 994 826 approbantes,
1009 749 1107 824 robis
1161 766 1306 827 prosuae
1331 753 1601 830 praesumpiionis
1626 770 1768 818 excessu
1796 755 1957 818 canonice

314 848 438 910 uostris
451 847 603 926 dedimus
623 846 744 909 litteris
766 846 801 906 iu
816 847 994 918 mandatis,
1015 846 1106 910 ulad
1154 848 1336 924 ,punientes
1348 849 1525 926 episcopos
1535 851 1733 924 antedictos,
1747 853 1958 915 confirmare·

313 945 581 1006 reformationem
597 943 701 1022 ipsius
717 944 910 1006 monasterii
925 944 1037 1005 taliter
1053 943 1108 1005 in·
1161 959 1234 1004 mus
1249 945 1445 1009 electionem
1458 946 1501 1008 de
1515 947 1588 1024 ipso
1608 947 1847 1013 archidiacono
1868 949 1958 1012 cele·

310 1043 447 1104 tendere
466 1041 641 1113 curaretis,
663 1041 750 1118 quod
768 1041 888 1102 exinde
908 1039 1108 1102 sortierunt·
1159 1040 1301 1105 bratam.
1330 1042 1423 1106 Licet
1446 1045 1557 1106 autem
1580 1045 1671 1108 idem
1699 1045 1957 1108 archidiaconos

312 1139 537 1218 nemrestram
550 1154 721 1216 possemus
734 1139 851 1202 merito
863 1137 1104 1201 commendare.
1160 1139 1282 1202 multas
1295 1139 1912 1220 999131111993993111999911,9999933
1924 1143 1959 1206 et

315 1237 404 1299 Unde
418 1236 503 1314 quod
519 1237 553 1297 id
573 1235 786 1298 laudabiliter
807 1236 893 1297 sicut
916 1235 1105 1296 audivimus
1160 1235 1399 1311 perhibebatur·
1413 1233 1638 1300 testimouium
1661 1240 1703 1301 de
1725 1239 1905 1316 praedictis,
1922 1239 1956 1302 et

311 1334 487 1408 inchoatis,
504 1335 800 1410 gretumgerentes
813 1332 989 1394 admodum
1003 1333 1034 1394 et
1049 1348 1107 1394 99-
1161 1347 1234 1408 quae
1254 1331 1362 1408 ipsum
1384 1332 1426 1394 de
1442 1333 1511 1396 vita
1532 1335 1567 1396 et
1585 1334 1726 1398 99199119
1743 1334 1958 1399 commenda-

311 1433 452 1508 oeptum,
482 1434 519 1493 ut
538 1444 582 1492 ex
599 1431 776 1493 iteratione
794 1429 941 1492 mandati
956 1431 1105 1491 nostrum
1159 1427 1257 1503 bant;
1279 1429 1357 1506 quia
1379 1430 1490 1490 tamen
1510 1419 1569 1506 p'ro
1595 1432 1688 1507 parte
1715 1431 1821 1495 altera
1842 1431 1957 1496 nullus

311 1529 442 1606 plenius
472 1528 662 1605 agnoscatis
693 1527 867 1600 affectum,
894 1525 1125 1588 universitatil
1161 1525 1588 1601 comparuitcoramnobis,
1602 1527 1958 1592 contraitlamahsen·

310 1627 430 1689 restrae
444 1641 505 1704 per
518 1626 638 1687 iterata
654 1625 777 1701 scripta
797 1623 1003 1695 mandamus,
1018 1639 1107 1702 prae-
1160 1623 1269 1684 temet
1283 1621 1489 1684 indefensam
1505 1639 1572 1684 non
1584 1623 1740 1686 duximus
1754 1625 1869 1686 taliter
1881 1641 1958 1702 pro·

311 1723 462 1802 cipiendo
483 1725 646 1801 quatenus
665 1721 847 1783 reformare
867 1721 1105 1783 monasterium
1160 1719 1706 1798 cedendumvolentestamenipsi
1718 1721 1961 1784 archidiacono

310 1823 417 1898 ipsum
447 1821 553 1882 modis
577 1818 729 1881 omnibus
752 1813 929 1890 studeatis,
953 1811 1104 1896 ponendo
1159 1816 1292 1894 injure
1318 1832 1390 1889 suo,
1412 1817 1572 1894 quantum
1607 1818 1694 1880 ratio
1732 1818 1955 1896 permittebat,

310 1918 430 1980 ibidem
456 1932 618 1996 personas
642 1915 801 1978 honestas
826 1916 859 1977 et
885 1917 995 1986 utiles,
1020 1915 1127 2005 siout,
1159 1913 1287 1985 adesse,
1314 1929 1449 1976 causam
1480 1915 1670 1992 husjusmodi
1707 1916 1957 1978 venerabilibus

309 2016 460 2078 sideritis
480 2014 649 2091 expedire,
666 2013 714 2075 tta
728 2013 813 2091 quod
827 2014 861 2076 et
873 2016 978 2075 Deum
990 2012 1106 2089 propi·
1124 2012 1127 2068 ἒ
1159 2009 1316 2072 fratribus
1331 2013 1489 2074 nostris...
1507 2011 1757 2089 archiepiscopo
1772 2013 1955 2076 Tuamensi

304 2113 402 2185 tium,
420 2112 524 2173 etuos
543 2110 620 2170 inde
637 2109 890 2171 vobisreddatis
903 2097 1128 2173 favorabiles}
1159 2108 1192 2168 et
1194 2149 1253 2169 .....
1286 2107 1539 2170 Cluamfertensi
1573 2111 1607 2174 et
1609 2151 1670 2170 .....
1700 2110 1954 2174 Enechdunensi

309 2211 343 2271 et
361 2208 538 2284 benignos.
567 2209 684 2268 Datum
715 2205 856 2268 viterbii
879 2209 908 2268 V
943 2198 1128 2268 kalendas'
1159 2203 1323 2282 episcopis
1360 2204 1515 2270 ¹dussimus
1549 2205 1828 2278 committendam,
1853 2223 1954 2272 mau-

315 2305 503 2369 norembris
517 2303 729 2382 pontificatus
750 2303 856 2368 nostri
873 2319 961 2366 9999
972 2303 1101 2382 quarto,
1159 2301 1274 2362 dantes
1290 2301 1425 2374 eisdem,
1449 2304 1485 2368 ut
1505 2303 1642 2376 vocatis,
1667 2319 1749 2381 quos
1770 2319 1957 2379 cognosce-

1158 2401 1232 2460 rent
1255 2399 1451 2472 evocandos,
1468 2399 1502 2464 et
1527 2399 1661 2474 auditis,
1681 2416 1755 2477 quae
1782 2400 1956 2464 hincinde

653 2500 760 2587 XXX
1151 2495 1599 2590 Ι(199999919999999993,31
1626 2497 1707 2560 fides
1729 2499 1778 2560 eis
1796 2498 1892 2570 deret
1912 2499 1955 2564 de

1158 2593 1351 2670 praemissis,
1378 2593 1525 2656 humano
1564 2610 1678 2658 amore
1705 2609 1746 2658 uo
1785 2597 1956 2658 mundano

1158 2691 1277 2752 timore
1296 2692 1499 2768 postpositis,
1521 2691 1694 2768 praefatum
1719 2693 1886 2756 intrusum
1909 2693 1952 2756 ab

702 2869 704 2874 Δ
1158 2788 1232 2864 ipsa
1247 2788 1388 2850 ecclesia
1403 2789 1535 2866 penitus
1558 2791 1762 2864 amoventes,
1778 2791 1956 2854 examina-

589 2861 625 2919 30
639 2858 732 2918 ⁰⁰¹⁰b·
745 2859 824 2918 ¹²¹⁹·
1159 2886 1233 2947 rent
1255 2885 1453 2949 electionem
1487 2885 1609 2949 laetam
1639 2886 1680 2950 de
1718 2887 1954 2952 archidiacono

372 2965 885 3030 999399,1199.1111933.939919199,
900 2965 937 3023 ¹¹·
952 2979 977 3014 ¹¹·
988 2963 1041 3029 ἦ]
1159 2985 1351 3072 memorato,
1368 2985 1402 3046 et
1414 2983 1442 3045 si
1457 2998 1532 3047 eam
1544 2984 1733 3052 inpedirent
1745 2985 1786 3046 de
1806 3001 1954 3063 persons

306 3073 533 3148 archiepiscopo
543 3071 720 3140 Dssblfflfflssl,
740 3077 905 3129 1101119119
926 3071 1009 3128 electi
1029 3073 1102 3128 11⁸0·
1157 3079 1277 3141 idonea
1292 3081 1451 3144 canonice
1466 3080 1678 3155 celebratam,
1695 3083 1792 3144 illam
1804 3083 1954 3146 auctori·-

415 3161 524 3220 ntensh
538 3167 698 3219 1611311111
706 3168 739 3218 ³1
750 3161 888 3218 ⁰⁸⁰⁰⁰¹⁰0
906 3159 996 3217 finiet.
1158 3177 1226 3239 tate
1235 3178 1363 3247 nostra,
1377 3177 1506 3240 sublato
1522 3178 1699 3256 cujuslibet
1712 3180 1902 3241 contractus
1920 3182 1957 3247 et

349 3279 516 3342 Honorius
553 3277 740 3356 episcopus,
782 3291 898 3338 servus
930 3291 1104 3338 serrorum
1158 3273 1393 3350 appellationis
1415 3274 1597 3348 obstaculo,
1634 3275 1879 3348 confirmarent,
1912 3293 1955 3340 ao

311 3378 382 3450 Dei,
398 3374 583 3438 venerabili
600 3374 733 3436 fratri...
756 3373 1007 3452 archiepiscopo
1032 3375 1103 3434 Du·
1160 3369 1318 3435 facientes
1329 3373 1441 3449 ipsum
1464 3372 1602 3450 pacifica
1628 3372 1776 3449 eiusdem
1801 3374 1955 3438 ecclesiae

309 3473 464 3546 blinensi,
478 3471 675 3549 Apostolioae
690 3469 784 3532 Sedis
807 3470 934 3548 legate,
964 3469 1104 3532 salutem
1160 3469 1369 3546 possessione
1406 3470 1563 3545 gaudere,
1594 3470 1855 3532 contradictores
1894 3485 1956 3548 per

310 3573 343 3634 et
357 3569 572 3648 apostolicam
589 3565 865 3629 benedictionem.
1160 3582 1335 3629 censuram
1351 3567 1611 3630 ecclesiasticam
1633 3566 1884 3644 compescendo,
1900 3567 1956 3630 in-

349 3667 518 3729 Accedens
543 3663 624 3725 olim
648 3663 689 3724 ad
718 3663 930 3741 praesentiam
957 3664 1105 3726 99319919
1157 3664 1336 3740 iungerent
1355 3665 1426 3740 jam
1448 3663 1536 3726 dioto
1557 3663 1808 3740 archiepiscopo
1824 3664 1957 3726 cassel-

310 3765 450 3826 dilectus
465 3762 554 3822 titius
569 3759 888 3834 1).,archidiaconus
909 3761 1105 3822 Laouieneis
1160 3759 1256 3833 lensi,
1285 3762 1321 3822 ut
1341 3761 1448 3828 eidem
1471 3775 1592 3825 munus
1614 3761 1874 3824 consecrationis
1891 3761 1956 3824 im·

312 3860 473 3934 ecclesia,
502 3857 597 3920 nobis
625 3857 796 3922 humiliter
824 3849 1001 3931 intimavit,
1018 3858 1104 3936 quod
1160 3857 1328 3934 penderet,
1346 3857 1432 3920 siout
1446 3857 1487 3918 sd
1502 3873 1580 3920 eum
1601 3858 1752 3920 noscitur
1775 3858 1952 3935 pertinere.

311 3958 453 4020 ecclesia
474 3957 547 4036 ipsa
562 3957 696 4033 pastore
710 3956 862 4028 vacante,
876 3955 983 4034 ipsius
1005 3956 1104 4033 capi·
1161 3955 1322 4018 Praefatos
1346 3971 1425 4018 vero
1447 3955 1631 4034 episcopos,
1648 3955 1677 4016 si
1696 3955 1745 4019 eis
1775 3956 1954 4030 constaret.

309 4058 414 4119 tulum
428 4052 580 4118 eumdem
592 4053 625 4114 in
636 4054 932 4130 episcopumsuum
945 4055 1106 4115 canonice
1160 4053 1235 4112 11193
1245 4053 1319 4129 post
1326 4051 1508 4128 legitimam
1520 4053 1777 4129 appellationem
1788 4053 1955 4117 intrusum

311 4171 350 4216 ac
365 4151 574 4216 concorditer
589 4151 774 4227 elegerunt,
791 4165 891 4228 super
911 4167 976 4228 quo
1005 4151 1105 4213 etiam
1161 4164 1374 4213 consecrasse
1398 4149 1604 4228 praedictum,
1621 4165 1681 4226 pro
1696 4150 1797 4212 tantae
1816 4149 1956 4215 temeri·

401 2645 454 2706 Ad
467 2645 761 2721 arehiepiscopum
774 2643 1015 2706 dublinensem

573 2744 613 2805 A·
630 2742 664 2801 S.
681 2739 842 2816 mactum.

311 4250 463 4313 exhibuit
482 4250 652 4312 decretum
675 4247 823 4326 ejusdem
838 4248 975 4325 capituli
990 4249 1107 4324 singu·
1159 4245 1237 4316 tatis
1247 4263 1388 4308 excessu
1398 4262 1577 4322 suspensos
1590 4246 1631 4308 ad
1646 4248 1795 4310 nostram
1808 4261 1958 4324 praesen·
2042 4245 2044 4250 '

312 4349 419 4410 lorum
443 4345 723 4422 suscriptionibus
749 4343 951 4406 roboratum.
982 4347 1105 4407 Verum
1159 4344 1240 4407 tiam
1255 4345 1470 4408 destinarent.
1487 4345 1603 4422 Nuper
1616 4344 1727 4406 autem
1742 4343 1830 4406 idem
1843 4344 1957 4408 arohi-

312 4442 605 4513 waterfordensis,
622 4441 820 4502 Imtlicensis
835 4443 868 4502 et
878 4441 1105 4504 limiricensis
1160 4440 1320 4506 diaconus
1348 4443 1478 4504 litteras
1506 4441 1603 4506 nohis
1630 4441 1783 4504 exhibuit
1804 4441 1956 4518 judicum

201 4579 206 4586 -
312 4540 458 4620 episcopi
476 4537 656 4602 Robertum
675 4539 828 4608 Travers,
845 4553 906 4618 per
924 4539 1105 4614 potentiam
1160 4539 1394 4614 praedictorum
1418 4539 1637 4611 continentes,
1668 4537 1754 4615 quod
1780 4537 1855 4613 ipsi,
1880 4553 1956 4600 cum

313 4643 350 4702 G.
369 4639 410 4708 de
429 4636 585 4708 Marisco,
600 4633 778 4712 justitiarii
797 4633 979 4702 Hiberniae,
999 4649 1106 4696 avon·
1160 4633 1200 4693 de
1215 4635 1397 4696 idoneitate
1408 4652 1558 4712 personae
1570 4637 1603 4697 et
1617 4633 1778 4696 canonica
1793 4634 1957 4698 electione

312 4736 458 4808 9911391,
474 4731 687 4810 violenteriu
710 4730 887 4792 ecclesiam
912 4731 1107 4812 ipsampost
1161 4729 1292 4808 praefati
1314 4731 1554 4800 archidiaconi,
1583 4746 1622 4792 39
1646 4729 1821 4793 manifesta
1846 4731 1958 4794 intru-

312 4836 384 4911 ejus
412 4827 608 4893 electionem
643 4829 821 4899 intrusum,
851 4843 1048 4902 consecrare
1071 4829 1106 4894 iu
1161 4826 1255 4898 sione
1263 4828 1424 4904 jamdicti
1445 4831 1483 4890 R.
1500 4827 1550 4890 eis
1570 4827 1720 4904 plenarie
1740 4829 1955 4902 constitisset,

312 4929 586 5008 ejusepiscopum
601 4925 1107 5004 praesumpseruntpostappel-
1161 4921 1356 4992 electionem
1383 4925 1424 4989 de
1452 4924 1525 5002 ipso
1546 4923 1784 4990 archidiacono
1804 4924 1956 4988 celebra-

312 5006 471 5092 ¹tationem
497 5023 539 5086 ad
566 5039 626 5090 993
649 5021 798 5099 legitime
827 5021 1045 5098 interjectam,
1070 5023 1106 5086 in
1160 5019 1240 5094 tam,
1269 5022 1380 5087 amoto
1410 5021 1587 5098 saepedicto
1615 5023 1669 5095 tt,
1693 5021 1733 5084 de
1757 5022 1956 5100 prudentum

313 5123 563 5196 excusationem
604 5120 874 5202 praesumptionis
916 5119 1105 5197 huJusmodi
1161 5121 1309 5186 virorum
1328 5119 1469 5182 consilio
1494 5119 1744 5192 confirmarunt,
1760 5121 1957 5182 mandantes

311 5219 569 5310 praetendentes,
580 5216 665 5298 quod
676 5217 796 5280 electio
807 5217 847 5277 de
857 5217 950 5283 ¹dicto
963 5217 1106 5288 Roberto
1162 5217 1360 5280 cassellensi
1374 5218 1603 5294 praedictosut
1628 5217 1780 5282 eumdem
1809 5217 1846 5280 in
1869 5219 1959 5280 Lao-

313 5318 513 5402 praesumpta
543 5329 604 5395 per
636 5313 812 5390 quemdam
851 5313 1104 5388 subdiaconum,
1161 5315 1312 5376 nieusem
1334 5316 1527 5394 episcopum
1552 5316 1776 5379 consecraret.
1798 5315 1958 5376 Exhibuit

313 5411 622 5500 quemvenerabilis
638 5411 741 5474 frater
755 5414 905 5480 993199...
919 5411 1107 5476 cassellen·
1162 5428 1291 5497 quoque
1319 5412 1414 5476 nobis
1438 5411 1525 5474 idem
1547 5413 1804 5478 archidiaconus
1828 5412 1957 5474 litteras

314 5509 1105 5590 sisarohiepisoopusmetropolitanustoci‚tuuc
1161 5511 1267 5588 ipsius
1293 5509 1536 5588 archiepiscopi
1576 5509 1807 5582 cassellensis,
1838 5508 1957 5586 quibus

314 5615 353 5677 ad
369 5609 590 5694 apostolicam
601 5607 718 5667 Sedem
731 5608 899 5678 39919993,
911 5609 1107 5686 procurato·
1161 5603 1336 5680 fatebatur,
1350 5611 1385 5668 39
1399 5607 1439 5667 de
1455 5609 1512 5668 illo
1528 5607 1752 5670 consecrando
1766 5607 1958 5670 mandatum
