4280 6404
346 257 403 332 loa
954 263 1130 338 nononu
1153 261 1197 322 111
1219 263 1367 324 ornas.
1482 239 1484 244 ’
1571 331 1587 340 ,
1936 262 1995 322 1oo

345 417 405 485 sub
416 422 717 500 consanguinitatis
728 423 890 500 pretextu
903 421 990 484 lnlra
1003 437 1137 494 monas·
1168 421 1247 486 ¹ila
1281 421 1318 485 ln
1349 418 1589 500 spiritualibus,
1618 421 1656 498 ei·
1678 415 1920 498 temporalibus
1947 419 1994 497 ad

341 518 419 582 terii
434 517 595 594 ambitum
607 519 808 600 colloquium
823 519 947 595 babere
966 535 1041 590 curn
1063 535 1137 600 mu·
1168 502 1170 513 ¹
1190 516 1298 590 iorum
1310 517 1399 596 trabi
1416 533 1483 590 non
1499 516 1787 592 iecialsaeculare,
1801 515 1859 583 sed
1875 516 1917 580 ad
1932 533 1991 594 ec·

341 614 642 704 lteribusjuniores
656 617 811 678 monaehi
826 615 1058 696 permittantur
1070 615 1136 679 nisi
1168 613 1169 624 ’
1190 614 1414 680 clesiasticum
1437 615 1559 694 potius.
1579 629 1621 692 ne
1641 614 1786 694 patiatur
1800 613 1992 677 sacristiam

340 713 571 788 presentibus
600 713 645 780 ad
671 714 785 790 minus.
809 713 937 792 duobus
962 713 1135 792 monacbis
1166 779 1167 788 χ
1190 711 1232 788 ab
1260 713 1309 774 eis
1344 713 1479 788 exigere
1505 712 1593 789 ultra
1619 711 1704 786 duas
1735 711 1991 791 procurationes

342 809 487 884 senibus,
504 810 704 882 albonestis.
1166 798 1168 858 Ῑ
1190 809 1225 872 in
1240 826 1339 896 auno,
1352 811 1443 886 sicut¹
1453 809 1533 880 olim
1548 809 1621 872 fleri
1635 808 1820 880 consuerit.

378 906 427 979 Ad
442 907 667 986 imitationem¹
685 923 817 990 quoque
837 907 946 986 felicis
966 909 1135 990 memoriae
1166 903 1167 912 ’
1229 908 1397 984 Praeterea
1427 923 1501 980 cum
1532 906 1674 982 consino
1702 907 1905 994 cenventus,¹
1931 907 1990 977 vel

338 1003 431 1064 Lucii
447 1019 543 1084 papae
553 1004 809 1082 praedecessoris
821 1005 930 1070 nestri
945 1005 1132 1079 statuimus,

338 1101 373 1162 ut
387 1100 489 1163 abbas
504 1103 734 1178 possessiones
756 1103 926 1167 demanias
941 1103 1134 1188 monasterii
1189 1102 1271 1182 ipso,
1300 1103 1355 1186 qui
1386 1103 1490 1181 jurati
1512 1102 1695 1180 ,proventus
1722 1099 1990 1182 obedientiarum

336 1197 497 1272 alienare,
512 1199 564 1260 vel
575 1197 749 1285 infeudare
762 1215 829 1262 non
848 1201 963 1279 possit,
978 1201 1135 1277 adJieien·
1189 1217 1262 1278 quae
1279 1201 1521 1268 consueverant
1542 1199 1650 1272 teneri
1672 1213 1733 1278 per
1758 1198 1942 1278 monachos
1964 1215 1987 1264 a

334 1293 385 1356 tes
402 1296 438 1368 ut
453 1295 539 1358 idem
553 1296 621 1369 mm
636 1297 837 1382 molendina,
854 1314 929 1379 quae
953 1297 1048 1374 bonae
1063 1314 1135 1362 me-,
1187 1295 1308 1372 balivis
1328 1295 1504 1374 diligenter
1519 1296 1694 1376 recipiant,
1713 1297 1745 1358 et
1767 1295 1808 1374 de
1829 1295 1990 1374 mandato.

336 1392 453 1453 moriae
471 1391 573 1466 abbas
589 1394 758 1461 Roliridus
773 1395 807 1455 iu
823 1410 959 1472 gravem
974 1394 1134 1459 alienauit
1188 1394 1315 1466 abbatis
1328 1411 1402 1464 cum
1416 1395 1556 1474 consilio
1569 1395 1765 1468 conuentus,
1777 1392 1830 1454 vel
1846 1393 1987 1474 majoris

1189 1007 1326 1083 maioris
1350 1007 1385 1069 et
1410 1004 1553 1084 sanioris
1576 1003 1682 1084 partis
1708 1004 1810 1082 eligat
1833 1004 1916 1076 duos
1944 1005 1988 1068 de
2073 1028 2078 1042 ·

336 1490 531 1552 monasterii
556 1490 738 1567 laesionem,
765 1508 863 1572 quam
892 1491 975 1569 alia,
995 1507 1068 1570 quae
1092 1492 1134 1553 de

334 1585 441 1662 ipsius
471 1589 666 1661 monasterii
697 1589 851 1664 (lemania
883 1589 1029 1658 alienata
1057 1590 1133 1665 sunt

335 1683 463 1758 illicite,
479 1685 531 1746 vel
541 1684 716 1758 distracta,
736 1701 796 1746 seu
815 1685 903 1749 male
917 1701 1076 1748 concessa
1090 1685 1133 1749 ad

333 1795 417 1858 opus
446 1781 595 1870 ejusdem
622 1781 753 1846 studeat
781 1781 928 1858 legitime
960 1797 1130 1852 revocare.

216 1878 225 1893 ¹
333 1878 596 1956 Praepositurarn
625 1894 706 1941 uero
742 1878 960 1952 ecclesiarum
995 1894 1132 1956 suarum

337 1974 666 2038 conieretmonacluis
681 1973 907 2052 prudentibus,
925 1977 959 2037 et
970 1975 1133 2048 honestis,

333 2087 416 2149 quos
451 2071 552 2134 saciat
573 2073 763 2152 juramento
788 2072 933 2144 firmare,
959 2073 1045 2152 quod
1064 2089 1132 2152 non

333 2167 526 2240 alienabunt
549 2169 696 2247 ipsorum
718 2170 959 2246 possessiones,
982 2172 1016 2232 et
1034 2171 1129 2248 jura3

335 2267 422 2344 quod
439 2267 468 2327 si
481 2265 568 2328 torte
581 2267 853 2346 praesurnpseriut
866 2267 957 2344 ipsos
971 2268 1130 2346 perpetue

336 2380 353 2424 a
371 2364 558 2426 ministerio
583 2365 656 2431 sine
678 2363 969 2440 spe'restitutionis
985 2364 1133 2428 decerni,
1163 2366 1166 2397 ²

334 2477 409 2522 mus
423 2461 636 2533 amovendos,
658 2461 743 2524 alias
768 2461 917 2538 graviter
933 2461 1129 2552 puniendos.

374 2559 459 2621 Dictu'
477 2560 588 2621 autem
601 2559 783 2636 praepositi,
795 2559 919 2636 singuli
932 2559 1052 2632 certos,
1065 2575 1131 2622 mo·

336 2658 456 2730 destos,
481 2659 514 2720 et
534 2659 711 2732 consuetos
734 2657 882 2728 redditus
901 2656 1042 2718 reddant
1059 2673 1132 2733 mo-

336 2755 485 2817 nasterio
499 2754 670 2816 annuatim
691 2755 871 2816 secundum
900 2754 1129 2828 ecclesiarum,

336 2851 456 2929 quibus
483 2849 894 2930 praemonstracensis,
919 2851 952 2914 et
973 2851 1020 2923 ut,
1046 2851 1132 2914 sicut

334 2949 415 3010 mali
425 2948 465 3010 de
476 2947 605 3020 malitia
619 2962 762 3024 poenam,
779 2947 825 3009 ita
838 2945 917 3018 boni
932 2947 972 3008 de
984 2947 1112 3023 bonitat

334 3046 473 3124 praemia
511 3046 774 3120 consequentum
805 3042 907 3106 abbas
936 3043 1130 3122 praepositos

334 3143 425 3220 ipsos
451 3157 470 3204 a
497 3141 738 3222 praeposituris
766 3139 943 3218 inquibus
967 3155 1025 3204 eos
1048 3139 1131 3204 bene

334 3239 587 3301 administrasse
603 3237 789 3306 constiterit
812 3252 878 3299 non
894 3237 1046 3298 amoveat
1059 3231 1132 3300 abs·

335 3353 399 3418 que
436 3335 647 3418 necessitate,
676 3334 730 3396 rel
759 3333 903 3410 utilitati
936 3334 1131 3398 monasterii

334 3435 522 3497 manifesta.

374 3530 556 3594 blenacbos
580 3545 659 3597 vero
686 3527 727 3592 de
753 3529 884 3606 castris,
912 3529 945 3593 et
970 3529 1059 3592 villis
1089 3529 1131 3591 ad

334 3629 518 3700 claustrum,
535 3627 745 3704 praecipimus
770 3627 934 3702 revocari,
957 3626 1023 3690 nisi
1047 3626 1132 3695 torta

335 3728 376 3788 ad
406 3725 590 3797 custodiam
619 3724 754 3794 illarum
789 3724 1028 3798 munitionum,
1059 3740 1132 3802 quae

333 3824 460 3892 tuerint
471 3823 507 3884 in
519 3821 642 3896 tinibus
657 3819 882 3896 abbatiae·sint
896 3820 1001 3898 aliqui
1016 3837 1133 3896 neces.

335 3923 429 3995 sarii,
446 3936 527 4000 quos
545 3919 592 3981 ibi
611 3933 671 3996 pro
685 3919 834 3996 tempore
848 3921 1040 3992 toleramus
1062 3919 1133 3998 qui-

335 4019 399 4082 bus
416 4019 519 4082 abbas
538 4016 692 4097 injungat
715 4016 750 4078 in
777 4016 899 4078 virtute
923 4015 1130 4089 obedientiae,

335 4119 372 4180 ut
386 4119 545 4196 quantum
561 4115 716 4194 poterunt
730 4112 887 4194 religiose
899 4113 1048 4177 viventes
1061 4130 1133 4192 per·

335 4231 451 4280 sonam
470 4213 651 4292 injudicio
672 4227 739 4286 nen
761 4211 937 4288 acqipiant
954 4211 1012 4287 sed
1025 4227 1132 4290 aequa·

335 4313 413 4376 liter
427 4311 595 4398 justitiam
609 4307 735 4372 iaciant
749 4309 888 4386 pauperi
903 4325 943 4371 ac
957 4309 1062 4384 diviti,
1079 4311 1133 4372 de·

335 4409 395 4472 bili
417 4425 456 4474 ac
480 4405 700 4486 potentillae
722 4421 818 4478 vero,
842 4407 899 4483 qui
919 4407 1133 4478 declinabunt

336 4506 379 4576 ad
389 4505 570 4580 dexteram,
582 4501 635 4564 vel
650 4501 819 4576 sinistram
833 4501 944 4566 debita
954 4503 1132 4570 severitate

335 4602 453 4683 puniat
464 4602 535 4679 ipse
545 4599 661 4672 abbas,
671 4599 705 4660 in
717 4615 857 4676 quorum
871 4615 981 4681 poena,
991 4599 1020 4662 si
1030 4601 1134 4676 negli-

335 4717 418 4778 gens
442 4699 554 4773 fuerlt,
577 4701 634 4760 aut
657 4697 817 4760 remissus
835 4697 1033 4774 Apostolicae
1057 4713 1133 4762 cor-

335 4797 494 4864 rectionis
508 4796 702 4876 experiatur
718 4795 916 4856 sententiam
935 4795 970 4856 in
990 4811 1027 4857 se
1047 4795 1130 4874 ipso.

336 4901 410 4974 ipse„
433 4911 513 4970 tero
528 4893 656 4967 nullum
673 4893 814 4968 invitum
834 4907 946 4979 agere,
961 4891 1016 4966 uel
1039 4908 1133 4957 accu-

336 5009 412 5056 sare
432 4992 617 5071 compellat,
632 5007 694 5054 nec
715 4991 888 5068 praeponat
902 4988 1039 5068 juditiis
1054 5005 1132 5066 Vin.-

336 5093 460 5161 ditores
480 5091 632 5170 justitiae,
655 5087 713 5149 sed
733 5086 823 5150 viros
843 5087 998 5153 timentes
1015 5089 1130 5164 Deum,

335 5192 368 5254 et
382 5189 508 5268 peritos
530 5186 660 5264 inJure,
680 5183 737 5262 qui
757 5183 829 5244 sine
852 5185 1045 5262 acceptione
1061 5199 1133 5264 per·

334 5305 492 5354 sonarum
510 5281 691 5356 exhibeant
700 5280 867 5360 justitiam
887 5284 1133 5360 conquaerenti-

333 5381 605 5464 bus31nterdicto
623 5378 755 5458 penitus
777 5394 819 5440 ne
835 5377 968 5458 aliquod
988 5379 1046 5444 fiat
1057 5396 1133 5461 pac·

333 5488 414 5558 turn,
430 5485 466 5552 ut
489 5479 614 5560 aliquid
636 5476 738 5540 curiae
757 5477 952 5548 monasterii
967 5477 1132 5544 serviatur

334 5600 394 5662 pro
413 5579 544 5658 justitia
563 5574 727 5638 iacienda.
745 5575 890 5638 elericos
906 5578 1018 5646 autem
1033 5575 1131 5640 abba·

1187 1491 1292 1583 partis
1319 1493 1425 1570 ipsius
1446 1507 1504 1559 eos
1536 1491 1572 1570 in
1604 1491 1791 1555 debitorum
1818 1488 1989 1570 solutione.

1187 1589 1382 1668 convertant
1398 1587 1561 1668 reddituri
1578 1605 1690 1664 coram
1704 1587 1834 1665 abbate,
1849 1603 1889 1661 ac
1904 1603 1988 1664 con-,

1186 1686 1288 1756 uentu
1310 1685 1429 1758 balivis
1453 1685 1675 1774 praesentibus
1698 1686 1741 1760 de
1765 1686 1927 1764 receptis,
1952 1687 1986 1748 at

1163 1783 1342 1862 esnensis
1366 1783 1507 1862 singulis
1537 1783 1706 1858 mensibus
1738 1783 1915 1860 rationem.
1945 1784 1987 1844 nt

1186 1881 1253 1955 tam
1272 1880 1427 1958 monachi
1448 1879 1567 1966 quihus
1586 1881 1706 1956 castra,
1723 1895 1821 1959 qnam
1843 1879 1893 1942 illi
1909 1880 1991 1961 qui·.

1186 1975 1247 2050 lpus
1262 1977 1412 2056 ecelesia
1427 1978 1686 2054 committuntur,
1704 1977 1927 2054 personaliter
1937 1977 1981 2040 ad

1163 2109 1166 2147 r
1186 2076 1367 2146 claustrum
1386 2075 1422 2150 ip
1437 2073 1538 2152 Feldo
1553 2074 1777 2148 dedicationis,
1787 2075 1983 2152 monasterii

1164 2159 1357 2251 {annuatim
1387 2173 1547 2244 accedant
1580 2172 1743 2250 rationem
1769 2171 1990 2244 villicationis¹

1163 2267 1166 2359 ξ
1186 2285 1255 2346 quae
1265 2285 1381 2346 coram
1389 2269 1518 2348 abbate,
1531 2270 1668 2344 decano,
1676 2272 1709 2338 et
1720 2269 1797 2348 aliis
1806 2268 1988 2346 reddituri,

1226 2367 1317 2442 Quod
1333 2367 1575 2446 obseruandum
1588 2367 1764 2443 statuimus
1777 2367 1876 2444 etiam
1892 2365 1983 2428 circe

1185 2463 1292 2540 ipsius
1326 2463 1522 2544 monasterii
1555 2463 1812 2542 thesaurarium,
1849 2461 1986 2524 cellera-

1185 2561 1283 2634 rium,
1298 2561 1530 2638 infirmarium,
1545 2560 1810 2642 bospitalarium,
1823 2560 1988 2638 etraacris-¹

1184 2658 1276 2730 bam,
1291 2659 1328 2721 ut
1341 2659 1396 2734 qui
1412 2657 1624 2734 laudabiliter
1643 2657 1774 2736 egerint
1790 2656 1899 2735 debita
1915 2656 1988 2734 ira-¹

1185 2759 1273 2817 trum
1282 2753 1990 2834 commendationelaetentuuquitersunula

1185 2851 1390 2922 confusione,
1407 2868 1447 2914 ac
1462 2852 1645 2930 ignominia
1668 2851 1923 2931 perfundantur..
1935 2852 1990 2928 Ad

1185 2949 1276 3022 haec,
1311 2949 1559 3026 thesaurarius,
1595 2949 1801 3022 cellerarius,
1838 2949 1872 3010 et
1893 2948 1988 3013 intir-

1185 3047 1311 3108 marius
1325 3047 1466 3124 singulis
1488 3047 1604 3124 diebus
1621 3045 1772 3124 sabbathi
1789 3043 1830 3106 ad
1847 3061 1987 3109 manase

1184 3144 1307 3214 terium
1319 3144 1500 3222 secundum
1511 3133 1787 3221 e‚ons'uetudinem
1796 3144 1988 3225 antiquam,

1186 3245 1219 3309 et
1239 3241 1459 3329 approbatam,
1476 3241 1635 3320 accedant
1662 3240 1698 3302 in
1726 3239 1871 3305 claustro
1906 3255 1988 3316 cuna

1187 3337 1346 3414 fratribus
1369 3353 1473 3416 usque
1488 3337 1529 3410 ad
1543 3337 1722 3414 secundam
1742 3337 1859 3400 feriam
1874 3351 1988 3413 mora.

1185 3434 1264 3508 turi,
1287 3434 1374 3514 quod
1392 3437 1426 3500 et
1445 3433 1547 3508 abbas
1562 3433 1672 3498 lacere
1688 3434 1819 3498 studeat
1832 3449 1907 3495 cum
1929 3449 1989 3510 pe·.

1185 3532 1265 3596 terit
1279 3533 1513 3610 competenter.
1531 3531 1727 3610 supradicta
1742 3546 1822 3608 ergo
1837 3529 1989 3610 capitula¹

1186 3630 1397 3708 praecipimus
1421 3629 1662 3696 inviolabiliter
1684 3628 1868 3702 observari,
1892 3628 1925 3691 et
1941 3643 1991 3702 ne,

1187 3727 1260 3806 quis
1282 3743 1319 3800 se
1349 3743 1410 3804 per
1433 3725 1657 3810 ignorantiam
1681 3727 1792 3791 valeat
1817 3740 1981 3804 excusare

1186 3824 1338 3899 uolumus
1353 3827 1386 3888 et
1398 3824 1604 3900 mandamus,
1632 3825 1669 3886 ut
1685 3839 1725 3896 ea
1740 3823 1881 3902 singulis
1896 3837 1987 3902 men·

1187 3922 1278 3984 sibus
1292 3921 1328 3982 in
1340 3921 1479 3994 abbatis,
1492 3924 1530 3994 et,
1539 3921 1679 3983 fratrum
1693 3920 1873 4000 praesentia
1890 3920 1989 4004 reci·.

1186 4020 1308 4081 tentur.
1331 4019 1423 4091 Quod
1448 4018 1476 4080 si
1495 4017 1531 4080 in
1561 4017 1784 4087 observantia,
1806 4017 1987 4097 praedicto-

1186 4133 1261 4180 rum
1278 4117 1407 4182 inrenti
1435 4115 1565 4186 fueritis
1589 4114 1711 4194 tepidi,
1739 4116 1793 4177 vel
1816 4115 1984 4187 renuisse,

1187 4230 1262 4281 curn
1283 4213 1426 4290 fructum
1450 4229 1494 4276 ex
1514 4213 1613 4286 uinea
1631 4212 1724 4290 uobis
1740 4213 1916 4286 commissa
1931 4211 1986 4288 iae

1187 4312 1312 4374 ciamus
1326 4311 1453 4390 requiri
1469 4311 1609 4390 perditis
1622 4311 1709 4388 male
1723 4311 1829 4377 malis.
1843 4308 1986 4370 Vineam

1187 4409 1295 4488 ipsam
1317 4408 1394 4480 aliis
1420 4408 1578 4486 agricolis
1604 4405 1752 4484 proiecto
1779 4403 1982 4480 locabimus,

1187 4507 1244 4584 qui
1257 4505 1399 4569 reddant
1413 4507 1552 4573 Domino
1574 4503 1776 4582 temporibus
1798 4503 1869 4566 suis
1892 4503 1987 4564 sruc-

1186 4589 1266 4676 tum,
1283 4605 1435 4694 cumjam
1452 4600 1848 4680 nearestetaliudqineae
1858 4598 1985 4680 lacien-

1187 4701 1276 4776 dum.

1226 4797 1318 4860 Nulli
1339 4813 1418 4874 ergo,
1442 4797 1577 4864 omnino
1596 4796 1768 4870 bominum
1781 4795 1883 4858 liceat
1897 4795 1987 4858 banc

1186 4895 1343 4974 paginam
1363 4897 1485 4970 nestrae
1512 4892 1757 4968 constitutionis
1781 4891 1984 4978 infringere,

1187 5092 1298 5158 autem
1322 5089 1387 5152 hoc
1417 5090 1580 5157 attentare.
1605 5086 1874 5165 presumpserit,
1897 5087 1988 5150 indi-

1185 5187 1379 5262 gnationem
1395 5185 1631 5264 omnipotentis
1650 5184 1721 5257 Dei,
1750 5184 1785 5247 et
1813 5183 1988 5258 beatorum

1186 5283 1277 5359 Petri
1300 5284 1333 5360 et
1346 5283 1444 5360 Pauli
1461 5281 1687 5362 apostolor-um
1705 5283 1782 5359 ejus,
1799 5296 1837 5342 se
1851 5281 1986 5346 nouerit

1185 5382 1409 5456 incursurum.

1225 5481 1344 5542 Datum
1368 5478 1535 5550 Laterani.
1552 5476 1696 5546 secundo
1715 5492 1825 5556 nonas
1851 5475 1981 5554 aprilis,

1186 5577 1398 5654 pontificatus
1413 5577 1519 5644 nostri
1539 5590 1627 5649 anno
1645 5575 1753 5649 tertie.

1187 4993 1239 5066 vel
1262 4993 1296 5070 ei
1324 5009 1409 5068 ausu
1436 4991 1616 5068 temerario
1649 4990 1827 5068 contraire.
1854 4989 1888 5051 Si
1911 4991 1991 5068 quis.
