4250 6404
807 307 1037 368 EPISTOLAE.
1060 307 1138 370 ule.
1162 310 1217 378 lli.
1782 314 1821 380 54

511 491 635 580 XLVI
985 483 989 492 '
1024 467 1210 546 impotem,
1238 469 1292 533 vei
1308 469 1344 536 iu
1364 469 1540 548 posterum
1556 468 1654 536 istius
1678 488 1820 542 conoes-

1023 566 1128 628 sionie
1149 567 1318 634 mentione
1332 582 1400 632 non
1420 566 1533 637 babila
1551 569 1730 645 contigerit
1744 571 1820 633 im-

1023 664 1159 739 petrari,
1185 663 1323 726 nullum
1335 665 1417 736 tibi,
1435 665 1542 729 tuisve
1559 665 1817 739 successoribus,

421 747 455 806 il
479 747 613 807 110V2111b·
640 747 719 806 1218.
808 823 810 828 ,
1017 759 1076 820 vei
1091 759 1156 836 ipsi
1171 776 1273 835 ragno
1288 760 1822 838 mcanujuspraeroguuvaecon-
1875 781 1877 786 ’

242 849 634 916 [Βιιιιιιιιιιιιοωιιιιιιω-όᾱὶι.
647 855 735 912 rtur,
748 855 897 922 cutem]
1024 858 1208 928 cessionem
1215 859 1445 939 praejudicium
1453 860 1641 935 generetur.
1654 861 1820 925 Praeteoea

173 958 397 1024 chscotorum
412 957 530 1032 domm
538 960 782 1023 manutenerent
790 964 968 1034 *protectione
1021 955 1193 1018 libertates
1220 957 1253 1018 et
1279 956 1504 1024 immunitates
1529 958 1597 1022 tam
1617 956 1689 1030 tibi,
1720 974 1819 1036 quam

209 1046 291 1104 sedis
311 1049 483 1119 Aposloiice
502 1049 691 1122 recoluntur,
706 1050 968 1124 continenturque
1022 1067 1125 1128 reguo
1139 1053 1208 1126 tuo,
1225 1053 1258 1117 et
1271 1053 1422 1116 ecclesiis
1436 1053 1473 1116 in
1485 1054 1820 1130 eodemregnocons-

208 1136 601 1203 veuraeccicsiaesooriapae
614 1139 776 1216 privilegia.
1022 1150 1140 1222 timus,
1171 1150 1212 1214 ab
1240 1147 1389 1212 Ecclesia
1415 1154 1566 1217 Romana
1589 1167 1765 1216 concessas
1787 1153 1820 1214 et

213 1245 381 1318 Honorius
414 1245 605 1324 epiecopus,
643 1263 776 1310 servus.
796 1263 967 1312 servorum
1025 1248 1183 1310 tractemus
1197 1247 1401 1320 observatas,
1417 1251 1507 1310 ratas
1527 1248 1686 1316 babemus
1700 1251 1737 1312 et
1758 1265 1818 1312 eas

172 1343 245 1414 Dei,
266 1342 440 1407 carissimo
461 1343 503 1404 in.
524 1344 655 1409 ffluristo
682 1345 751 1408 tilio
777 1346 967 1413 menandro
1023 1344 1144 1408 suturis
1156 1345 1359 1422 temporibus
1373 1345 1521 1411 illibatus
1541 1359 1677 1415 manere
1702 1347 1818 1412 sauci-

172 1440 296 1502 illustri
310 1441 483 1507 Scotorum
502 1441 574 1518 regi
593 1444 734 1519 ejusque
758 1446 967 1508 successori-
1023 1457 1107 1514 mus,
1121 1442 1341 1507 salvatamen
1357 1442 1819 1519 SedisApostolicoeaactom-

171 1537 234 1598 bus
249 1538 283 1603 in
299 1539 504 1614 perpetuum,
527 1539 670 1608 salutem
694 1541 727 1608 et
750 1541 967 1618 apostolicam
1022 1541 1100 1605 tato.
1130 1539 1222 1602 Nulli
1249 1555 1331 1616 ergo
1357 1541 1493 1606 omnino
1518 1541 1691 1605 bominum
1718 1541 1817 1604 liccat

171 1633 448 1699 benedictionem.
1023 1638 1110 1698 banc
1124 1638 1280 1714 paginam
1295 1639 1422 1702 nostrae
1447 1639 1684 1710 concessionis,
1698 1638 1818 1716 probi-

233 625 286 686 Ad
308 625 547 688 alemanorum
570 641 689 702 repam
715 626 907 692 Scotorum.

212 1734 292 1797 Cum
309 1732 456 1802 universi
467 1727 581 1796 lideies
596 1735 683 1810 apud
695 1735 812 1796 sedern
827 1737 969 1813 Aposto-
1022 1733 1159 1798 hittonis
1174 1735 1208 1796 et
1221 1735 1484 1797 confirmationis
1498 1735 1695 1817 intringere,
1712 1736 1765 1796 vel
1787 1736 1819 1798 ei

171 1830 504 1906 licampatrooinium
515 1831 671 1895 invenire
681 1831 822 1896 debeam
830 1835 865 1898 et
874 1833 969 1896 iavo-
1022 1845 1106 1892 ausu
1118 1831 1298 1897 temerario
1313 1831 1618 1908 concanonicum
1628 1833 1740 1896 autem
1755 1832 1819 1894 boc

171 1943 253 1994 rem,
276 1927 352 1991 iilos
376 1928 487 1996 muron
511 1929 691 2005 specialius
715 1931 873 1998 convenit
894 1935 967 2008 ejus
998 2003 999 2006 Ἴ
1020 1929 1186 1993 attentare
1197 1929 1457 2004 presumpserit,
1469 1927 1732 2004 indignationem
1746 1945 1818 1998 om-

171 2025 387 2101 protectionis
411 2026 595 2090 munimine
618 2026 804 2100 confoveri,
828 2043 967 2104 quorum
1022 2025 1201 2100 uipotcntis
1217 2025 1287 2095 Dei,
1303 2040 1344 2084 ac
1363 2024 1645 2088 beatorumPetri
1664 2028 1699 2089 et
1720 2026 1817 2088 Pauli

171 2122 271 2183 tidem
285 2137 324 2182 ao
335 2121 544 2184 devotionem
553 2123 588 2186 in
597 2123 746 2198 pluribus
755 2126 806 2187 est
815 2127 965 2201 experta,
1017 2121 1248 2197 apostolorum
1261 2123 1334 2198 eJus
1354 2137 1390 2182 se
1406 2123 1537 2187 novuti
1550 2123 1774 2185 incursurum.

171 2221 207 2280 ut
222 2219 381 2295 adipsius
396 2218 583 2283 dilectionis
598 2220 762 2288 servorem
783 2221 874 2286 tauto
893 2238 968 2285 am·
1063 2218 1182 2280 narum
1216 2218 1374 2282 Laterani
1404 2235 1464 2296 per
1490 2234 1627 2286 manum
1660 2221 1819 2297 Ballioni

170 2316 260 2392 plius
275 2318 506 2392 provocentur,
523 2318 556 2378 ct
570 2319 643 2394 ejus
655 2319 851 2382 reverentie
865 2320 969 2382 devo-
1023 2316 1147 2378 sanctae
1171 2318 1330 2378 Romanae
1354 2316 1513 2384 molesia
1538 2317 1816 2389 vicecancellarii,

170 2412 249 2474 tiori
266 2411 442 2474 affectione
463 2412 656 2486 subdantur,
672 2417 794 2492 quanto
817 2416 966 2477 benevo-
1014 2413 1197 2476 undecimo
1225 2412 1387 2477 kalendas
1416 2413 1611 2487 decembris,
1637 2415 1818 2476 indictione

172 2509 418 2598 lentico-ipsine,
435 2511 468 2572 et
481 2511 598 2586 gratiae
611 2511 732 2592 pignus
754 2529 790 2574 se
814 2515 968 2576 noverint
1022 2511 1173 2588 septima,
1188 2511 1432 2574 incarnationis
1447 2511 1627 2574 Dominicae
1642 2527 1730 2574 anno
1741 2513 1819 2574 mii-

170 2606 295 2668 certius
313 2607 494 2670 assecutos.
1022 2607 1138 2668 iesimo
1154 2609 1380 2669 ducentesimo
1395 2608 1522 2670 decimo
1539 2609 1667 2680 octavo,
1685 2610 1819 2685 pontiti-

213 2706 258 2765 Ea
274 2705 408 2781 propter
422 2705 596 2767 carissime
605 2706 640 2766 in
656 2705 786 2768 Christo
799 2707 857 2779 iili,
870 2724 967 2770 reve-
1022 2707 1114 2766 catus
1127 2721 1206 2767 vero
1218 2705 1343 2766 domini
1359 2705 1499 2768 Honorii
1513 2721 1607 2782 papae
1621 2706 1713 2768 tertii
1729 2721 1817 2770 anuo

171 2800 313 2862 rentiam
329 2817 368 2862 ac
381 2801 600 2876 devotionem,
615 2819 713 2880 quam
726 2805 767 2864 ad
783 2807 966 2867 Romanam
1021 2803 1130 2864 tertio.

169 2897 353 2960 Ecclesiam
375 2899 519 2976 alongis
534 2900 625 2961 retro
646 2901 850 2978 temporibus
873 2903 906 2964 te
927 2918 967 2964 ac
1348 2917 1492 3004 XLVII

169 2995 432 3072 praedecessores
459 2997 535 3061 tuos
560 2996 718 3062 habuisse
751 3001 965 3075 cognovimus

169 3091 388 3165 attendentes,
417 3092 592 3169 praesentis
618 3093 734 3170 scripti
759 3095 892 3174 pagina,
906 3155 907 3158 ,
923 3097 965 3157 ad
1180 3061 1233 3124 Ad
1246 3060 1400 3122 abbatem
1413 3063 1447 3121 S·
1463 3062 1654 3136 Gssllffllsssoe·

169 3190 341 3266 exemplar
361 3189 468 3251 felicis
484 3190 724 3254 recordationis
744 3191 913 3256 Coeiestini
934 3195 967 3255 et
1315 3183 1427 3240 ²2⁰⁰v·
1444 3182 1522 3240 1²¹8·

170 3286 355 3349 innocentii
375 3285 658 3366 praedecessorum
680 3291 880 3362 nostrorum,
898 3293 967 3353 Ro·
1185 3295 1584 3360 [occluseritxnoitsitil‚n‚
1598 3297 1653 3348 ill.

168 3399 351 3460 manorum
379 3385 588 3466 Pontificum,
623 3386 806 3448 districtius
834 3388 966 3450 inhibe·
1020 3403 1136 3463 liandal
1165 3411 1197 3462 ul
1218 3404 1389 3478 ‘magistrun
1414 3405 1444 3461 in
1470 3403 1627 3464 decanatus
1652 3404 1818 3465 Ambicnsis

168 3497 253 3552 mus,
269 3481 307 3544 ut
327 3497 400 3544 oum
414 3483 571 3546 Sootlana
590 3484 732 3550 ecclesia
748 3485 842 3549 Sedis
859 3491 966 3563 bpos-
1056 3493 1248 3567 possessione,
1289 3495 1316 3551 in
1344 3509 1430 3566 quam
1466 3495 1633 3554 enormitate
1673 3496 1819 3567 pontilicis

168 3577 380 3640 toltcecsicut
404 3578 472 3640 tilia
497 3579 652 3656 specialis
678 3579 770 3642 nullo
789 3581 897 3644 medio
922 3583 966 3644 sit
1055 3582 1173 3640 maximi
1202 3583 1334 3642 inductus
1366 3582 1454 3642 inisse
1485 3583 1685 3656 dignoscatur,
1705 3585 1817 3644 subiato

168 3674 328 3751 subjecta,
349 3675 385 3735 in
400 3691 464 3752 qua
481 3676 532 3736 hae
552 3677 648 3738 sedes
670 3678 877 3756 episcopales
892 3696 965 3741 esse
1055 3670 1207 3744 cuiuslibet
1230 3671 1464 3732 contradictionis
1489 3671 1647 3742 obstaculo,
1662 3668 1818 3731 defendant

167 3773 963 3849 noscuntur,ccclesiavidelicetsancunndrcae,
1055 3765 1085 3818 ³¹
1106 3759 1212 3818 iaciant
1226 3759 1361 3820 eumdem
1376 3759 1497 3836 liciflssfl
1519 3761 1610 3834 ipsius
1635 3761 1818 3834 i⁰⁸⁸0³⁸i⁰⁰0

167 3869 400 3943 onmbiancn„
430 3871 573 3934 ecclesia
601 3873 788 3942 Glascuen„
812 3875 964 3938 Dunkel-
1056 3847 1196 3922 8³¹¹defe·

166 3966 257 4038 deu,
270 3967 491 4041 Brochinom.,
504 3969 647 4034 ecclesie
663 3969 840 4045 nbcrden,
856 3973 965 4036 eccie-
1061 3968 1240 4038 Honorius,
1256 3969 1333 4041 etc„
1344 3968 1475 4030 dilectis
1490 3967 1570 4028 filiis
1582 3967 1693 4030 abbati
1707 3971 1739 4029 S·
1752 3971 1818 4030 Ge·

167 4063 218 4125 sia
239 4065 420 4137 Mureren„
435 4066 580 4132 ecclesia
610 4069 745 4136 Rosea„
762 4069 795 4130 et
822 4069 964 4134 ecclesia
1020 4065 1147 4127 noveiae
1172 4066 1206 4126 et
1227 4066 1349 4143 majori
1376 4064 1614 4127 archidiacono
1632 4065 1817 4126 parisiensi

168 4163 298 4234 Baton„
315 4163 441 4224 uanini
451 4163 624 4226 liceatnisi
637 4167 786 4232 Romano
797 4167 962 4241 Pontifici,
1019 4163 1051 4224 et
1065 4162 1224 4238 magistro
1240 4165 1338 4222 Petro
1350 4161 1390 4221 de
1405 4163 1529 4237 Capua,
1545 4161 1671 4222 doctori
1685 4160 1817 4222 theolo-

166 4258 220 4320 vel
243 4259 352 4334 iegato
384 4259 427 4324 ab
457 4261 563 4337 ipsius
591 4261 696 4324 latere
724 4263 900 4336 destinato,
928 4265 964 4326 in
1018 4259 1094 4336 giae‚
1107 4259 1247 4320 Parisiis
1263 4259 1492 4329 commoranti,
1507 4257 1660 4320 salutem.

167 4371 307 4432 regnum
337 4356 456 4420 scotiae
487 4357 655 4420 interdicti
687 4359 739 4424 vei
772 4375 965 4424 excommu-
1059 4358 1140 4416 Cum
1161 4371 1205 4416 ex
1226 4357 1321 4432 parte
1347 4354 1517 4433 praepositi
1539 4356 1572 4417 et
1597 4357 1815 4433 quorumdum

167 4452 346 4516 nicationis
379 4453 578 4516 sententiam
604 4455 833 4532 promulgare,
868 4459 901 4520 et
934 4459 963 4518 si
1018 4453 1186 4517 sociorum
1201 4467 1336 4516 suorum
1353 4453 1590 4514 canonicorum
1610 4453 1815 4516 Ambianen-

166 4550 376 4628 promulgata
390 4551 502 4624 luerit,
514 4552 725 4614 decernimus
746 4569 813 4616 non
835 4555 960 4618 valore.
1017 4552 1104 4612 sium
1117 4551 1269 4628 quaedam
1282 4567 1302 4612 a
1315 4551 1411 4613 nobis
1424 4567 1530 4627 nuper
1542 4551 1682 4612 luissent
1692 4552 1814 4614 litterae

164 4647 350 4724 adjicimus
378 4649 490 4722 edam,
517 4649 553 4712 ui
579 4649 665 4712 nulii
693 4650 963 4730 doceremque
1017 4650 1202 4726 impetratae
1215 4665 1316 4726 super
1333 4649 1467 4726 negotio
1481 4649 1662 4712 decanatus
1673 4649 1814 4711 Ambia-

165 4745 205 4806 de
243 4744 363 4808 Scotiae
388 4761 507 4822 regno·
526 4763 594 4810 non
621 4747 737 4821 tuerit,
766 4749 832 4812 nisi
865 4767 961 4828 quem
1017 4747 1143 4820 nensis,
1161 4749 1194 4810 et
1212 4747 1422 4809 absolutione
1445 4745 1593 4824 ipsorum
1615 4745 1658 4806 ab
1679 4761 1816 4810 excom-

163 4842 354 4918 Apostoiica
382 4844 485 4906 Sedes
510 4845 646 4922 propter
672 4845 735 4910 boc
756 4846 798 4909 de
824 4863 962 4924 corpore
1015 4846 1361 4922 manicationc,quam
1375 4843 1687 4906 dicebanturineos
1701 4845 1814 4909 dilecti

165 4955 225 5000 suo
242 4940 432 5016 specialiter
455 4940 683 5014 destinaverit,
706 4943 833 5006 licitum
858 4945 902 5007 sit
925 4947 962 5009 in
1017 4943 1078 5006 iiiii
1106 4943 1208 5005 abbas
1230 4946 1264 5006 S.
1293 4941 1436 5006 Victoris
1460 4942 1663 5006 Parisiensie
1684 4944 1718 5006 el
1738 4944 1813 5007 coi-

163 5052 204 5098 eo
226 5036 403 5113 legationis
427 5038 573 5103 officium
600 5055 770 5103 exercere.
798 5043 963 5106 Prohibe-
1016 5042 1099 5118 lagae
1123 5041 1186 5113 sui,
1203 5042 1260 5118 qui
1275 5041 1396 5102 dilecto
1420 5039 1489 5103 tilio
1513 5039 1673 5116 magistro
1696 5044 1727 5109 i.
1749 5041 1811 5104 de-

163 5149 237 5196 mus
252 5137 375 5204 autem,
392 5134 688 5210 utcontroversiae,
704 5153 780 5215 quae
792 5139 916 5202 suerint
926 5142 961 5204 in
1016 5155 1099 5201 cano
1108 5139 1321 5201 ambianensi
1330 5153 1431 5214 super
1439 5138 1601 5200 decanatu
1612 5139 1813 5216 ipsoanobis

164 5247 268 5308 regno
283 5231 356 5310 ipso
372 5231 412 5292 de
432 5233 699 5308 possessionibus
721 5239 793 5313 ejus
822 5239 959 5312 exortae,
1016 5236 1212 5298 executores
1234 5235 1366 5298 inerant
1385 5235 1542 5312 deputati,
1566 5237 1641 5313 posi
1659 5235 1811 5313 appella-

163 5327 206 5390 ad
221 5344 362 5390 examen
384 5331 480 5394 extra
503 5343 640 5406 regnum
665 5335 848 5410 positorum
868 5335 962 5412 jndi-
1015 5335 1139 5398 tionem
1152 5335 1195 5396 ad
1211 5350 1271 5396 nos
1285 5333 1516 5410 interpositam
1531 5333 1721 5412 protulisse,
1736 5333 1813 5394 tan-

163 5443 240 5488 cum
253 5442 321 5488 non
333 5427 522 5500 trabuntur,
535 5427 601 5488 nisi
609 5429 655 5492 ad
665 5432 848 5494 Romanam
861 5431 961 5496 inerit
1015 5433 1088 5494 dem
1101 5432 1189 5496 inira
1205 5447 1327 5509 paucos
1343 5432 1414 5492 dies
1436 5432 1477 5494 ad
1492 5431 1705 5509 presentiam
1729 5447 1811 5492 nos-

164 5522 349 5585 Ecclesiam
372 5524 585 5602 appellatum.
602 5525 637 5586 Si
653 5541 726 5603 quae
741 5543 820 5590 vero
836 5531 959 5606 scripta
1013 5531 1099 5592 tram
1139 5531 1300 5594 accedens
1340 5530 1498 5608 praetatus
1530 5528 1676 5591 decanus
1717 5527 1812 5589 nobis

163 5621 279 5682 contra
293 5619 393 5698 hujus
406 5615 981 5708 libertatisstatutumapparuerint³
1014 5629 1185 5692 humiliter
1223 5627 1432 5708 supplicavit,
1460 5621 1495 5690 ut
1527 5625 1580 5690 vcl
1613 5625 1811 5690 decanatum
