4300 6392
161 263 227 331 113
782 223 1192 330 331333133313.
1548 230 1558 242 ''
1609 217 1614 224 ⁸
1752 271 1811 332 113
1855 293 1864 302 ,

162 423 961 502 13133133133331111131333331333313131
1013 429 1090 506 jure
1125 427 1291 500 virorum,
1321 425 1498 490 mulierum
1527 428 1561 490 et
1594 428 1812 501 ecclesiarum

165 523 312 599 gloriam
326 523 360 584 31
379 522 551 596 honorem,
569 523 756 596 attendens,
772 524 859 601 quod
872 522 913 584 ad
926 524 960 584 11
1016 525 1129 586 comiti
1165 526 1363 598 memorato,
1390 527 1427 586 ut
1453 524 1496 588 31
1523 525 1592 586 11113
1618 527 1761 599 1333331,
1791 544 1811 590 3

159 619 269 682 etiam
283 619 411 697 dejure
427 620 565 690 teneris,
582 635 656 682 cum
674 624 828 697 princeps
846 621 963 682 tenea·
1017 620 1136 700 quibus
1171 622 1222 684 est
1255 621 1295 684 13
1328 624 1404 699 jure
1437 623 1590 684 1333313.
1631 623 1711 696 Ν33,
1744 624 1812 685 1313

165 719 224 778 tur
236 733 380 800 purgare
395 717 492 778 313113
512 718 701 780 hominihus
717 720 840 780 terram
853 733 960 789 33313,
1012 719 1114 795 justis
1140 718 1480 795 33331133133113311,
1504 721 1612 782 terras
1638 736 1720 799 quas
1746 721 1812 798 ipsi

162 815 353 876 secundum
372 816 552 876 canonicas
576 815 609 877 et
630 815 796 891 legitimas
814 815 963 876 sanctio·
1016 815 1104 890 33131
1132 817 1188 877 133
1214 817 1248 896 31
1273 817 1460 878 haeredibus
1490 820 1562 894 ejus
1587 818 1811 894 113133333-

168 911 964 991 333.Ι)31313113133331,11’3333313311333·
1018 911 1173 974 decessor
1207 915 1320 976 noster
1353 915 1503 977 noscitur
1529 913 1745 976 confirmasse
1769 914 1812 976 ad

167 1009 315 1071 tilicalus
330 1009 436 1072 nostri
450 1024 539 1071 anno
554 1011 683 1086 quarto.
1018 1011 1091 1086 ejus
1105 1011 1277 1087 exemplar
1294 1011 1356 1072 tihi
1380 1027 1419 1072 ac
1440 1011 1629 1074 haeredibus
1643 1012 1711 1075 tuis
1732 1027 1815 1074 auo·

1018 1105 1151 1169 toritate
1181 1108 1372 1184 Apostolica
1399 1109 1635 1172 confirmamus
1660 1111 1692 1171 ei
1720 1125 1813 1186 prae-

471 1214 666 1302 CXLVIII
1019 1204 1122 1266 333113
1133 1204 1247 1282 3331311
1259 1206 1444 1282 patrocinio
1459 1207 1711 1268 communimus.
1720 1205 1813 1279 Quod

187 1357 244 1416 Aa
257 1355 470 1418 mmm
484 1357 526 1418 de
543 1355 756 1432 monteforti,
771 1355 933 1419 comitem
1019 1315 1100 1362 vero
1125 1301 1166 1364 de
1193 1302 1270 1364 aliis
1298 1302 1520 1365 concedendis
1550 1303 1585 1367 et
1611 1301 1816 1366 dimittendis

461 1455 676 1516 Tolosanum.
1020 1398 1127 1460 eidem
1146 1400 1234 1476 patri
1257 1401 1315 1462 tuo
1342 1400 1512 1464 ordinarit
1529 1399 1564 1462 13
1588 1395 1735 1463 (13331113
1760 1415 1816 1476 ge·

506 1574 512 1585 .
556 1575 572 1587 ..
953 1527 959 1538 ·
1020 1493 1137 1568 norell,
1152 1497 1288 1560 circata
1304 1513 1343 1560 ac
1357 1497 1509 1559 haeredes
1527 1500 1603 1562 1333
1623 1496 1748 1558 hahere
1762 1496 1816 1558 de·

433 1615 435 1620 ·
473 1575 574 1648 31¹¹ssss
590 1575 668 1632 ¹²²⁰·
1021 1593 1187 1656 cernimus
1210 1594 1313 1658 robur
1334 1597 1504 1672 perpetuae
1527 1595 1706 1658 1331113113.
1722 1594 1816 1658 Nulli

266 1688 872 1754 [333333113313111313331111113111]
1020 1705 1101 1767 ergo
1119 1693 1254 1754 omnino
1277 1693 1449 1754 hominum
1482 1692 1583 1756 liceat
1607 1691 1695 1754 11333
1718 1691 1816 1770 pagi-

170 1791 297 1854 331333
317 1795 514 1855 1331113313
538 1794 710 1866 llontelorti,
726 1795 870 1854 Honorius
895 1809 964 1852 con·
1021 1801 1109 1859 nam,
1126 1790 1323 1851 etc.1)atum
1337 1789 1504 1862 Laterani,
1516 1792 1563 1851 Ill
1584 1803 1691 1852 nonas
1709 1787 1813 1867 junii,

208 1883 406 1942 firmateidem
418 1889 509 1942 terras
523 1897 625 1942 omnes
646 1883 682 1942 de
706 1882 849 1942 haereticis
870 1883 967 1956 acqui-
1021 1885 1600 1964 333111331333331313333333313.

206 1973 323 2045 3113331
345 1971 543 2046 acquirendas,
573 1987 645 2044 quas
670 1973 744 2046 patri
769 1971 832 2045 eius
858 1971 967 2030 Simoni

210 2068 394 2120 concesserat
421 2061 607 2120 Innocentius
635 2061 663 2118 in
675 2061 805 2136 generali
842 2060 967 2120 Concilio
1196 2115 1205 2142 ‚
1340 2071 1494 2158 CXLIX

210 2151 407 2208 mmm·
1021 2201 1074 2263 Ad
1084 2201 1280 2264 3131313333
1289 2205 1535 2265 satbdtoconum
1548 2204 1583 2264 et
1600 2205 1815 2278 capellanum

214 2276 380 2340 Honorius
395 2277 607 2354 episcopus...
621 2275 743 2338 dilecto
770 2275 840 2338 illio
863 2275 967 2337 nobili
1367 2315 1481 2362 suum·

167 2373 247 2436 'viro
280 2373 469 2445 amalrico,
505 2373 619 2436 cornill
657 2374 838 2446 Tolosam,
877 2373 969 2434 salu·
1314 2419 1433 2494 liiunii
1447 2418 1517 2480 1220

172 2473 242 2533 tem
274 2471 337 2533 etc.
1519 2463 1525 2476 '

214 2516 320 2632 Ι1113113
337 2567 532 2644 petitionum
558 2567 734 2629 desideriis
762 2567 899 2644 dignum
918 2568 970 2628 ast
1085 2533 1189 2600 [Bm
1202 2535 1390 2594 R⁰m⁸¹¹''⁹di‘'
1410 2536 1583 2600 T⁸¹¹‘''¹¹¹’¹’'
1596 2532 1652 2596 ³⁷¹³
1667 2533 1757 2601 Μ’]

173 2679 240 2726 ,nos
266 2663 397 2726 facilem
421 2663 571 2742 ppaehere
595 2680 805 2738 consensum,
828 2665 861 2726 et
878 2665 966 2735 vota,
1022 2651 1231 2710 Elmandatut
1250 2651 1288 2710 ἆθ
1304 2651 1438 2710 manibus
1461 2650 1596 2710 Friderici
1623 2653 1817 2710 110111111οΜ

171 2777 251 2838 quae
286 2777 307 2824 a
338 2761 479 2824 rationis
501 2761 636 2824 tramite
665 2775 732 2824 non
766 2761 967 2830 discordant,
1085 2741 1163 2814 regis
1181 2747 1286 2798 terram
1301 2740 1455 2798 comitissa
1467 2739 1612 2799 diethildis
1625 2740 1754 2812 recipiat.

170 2859 296 2921 effectu
318 2859 538 2936 prosequente
550 2860 727 2936 complere.
750 2861 837 2920 Sane
856 2859 890 2920 in
910 2874 967 2920 33-
1062 2859 1230 2919 Honorius
1266 2858 1454 2934 episcopus,
1484 2871 1602 2918 servus
1644 2869 1816 2918 servorum

170 2957 278 3032 ,333113
306 2954 401 3018 bonae
441 2957 609 3018 memoriae
643 2957 828 3019 1333333111
862 2972 966 3034 papae,
1023 2954 1094 3028 Del,
1118 2955 1237 3017 dilecto
1265 2955 1335 3017 illio
1363 2954 1515 3016 31313133
1543 2953 1758 3026 3311133333,
1783 2951 1818 3015 et

173 3052 431 3130 praedecessoris
452 3055 570 3126 nostri,
595 3053 825 3132 perspeximus
857 3054 969 3116 33311-
1024 3053 1197 3130 333311333
1225 3055 1351 3125 333133,
1376 3052 1517 3114 33131313
1541 3051 1575 3112 31
1601 3049 1819 3129 apostolicam

169 3151 260 3222 meri,
275 3149 361 3228 quod
377 3149 449 3228 ipse
466 3151 702 3224 Biterrensem,
720 3153 969 3214 carcassonen·
1023 3148 1300 3212 benedictionem.

168 3261 246 3308 sem
260 3248 294 3309 et
303 3247 493 3308 albiensem
515 3247 679 3320 civitates,
698 3264 738 3311 ac
758 3248 843 3310 31133
861 3247 972 3309 haere-
1064 3249 1129 3308 Per
1142 3247 1217 3309 1333
1230 3245 1327 3308 33113
1341 3245 1471 3308 11113133
1492 3245 1652 3307 intimasti
1681 3245 1821 3307 carissi-

174 3345 317 3406 ticorum
331 3345 450 3417 terras,
476 3360 559 3422 quas
588 3345 747 3407 Dominus
775 3344 914 3407 tradidit
934 3345 970 3405 in
1025 3359 1114 3404 mum
1126 3345 1162 3406 13
1174 3343 1306 3406 Christo
1321 3343 1426 3404 illium
1449 3344 1598 3404 nostrum
1614 3341 1819 3403 Fridericum

172 3441 330 3501 manibus
344 3441 477 3518 inclytae
493 3441 735 3503 recordationis
750 3441 855 3519 patris
868 3441 915 3501 131
931 3455 970 3502 33
1028 3441 1192 3502 illustrem
1219 3456 1331 3516 regem
1368 3440 1505 3512 Sicihae,
1530 3438 1565 3500 in
1594 3441 1819 3501 Romanorum

170 3538 345 3599 3113131133
371 3537 563 3609 Christiani,
580 3538 688 3599 eidem
709 3538 797 3616 patri
818 3539 891 3611 tuo,
916 3537 970 3600 cui
1024 3539 1258 3615 imperatorem
1273 3535 1728 3609 31331331,3333331111133111
1741 3552 1823 3598 nos-

173 3635 346 3712 ‚principos
365 3635 513 3712 ejusdem
539 3636 707 3699 exercitus
732 3652 806 3697 cum
831 3634 970 3698 consilio
1024 3637 1077 3698 tro
1086 3637 1207 3698 Meton.
1219 3635 1385 3714 episcopo,
1394 3634 1579 3712 imperialis
1592 3633 1678 3696 aulae
1689 3633 1823 3694 cancel-

172 3732 362 3807 legatorum
376 3732 576 3810 apostolicae
590 3729 687 3794 Sedis
707 3733 784 3794 11133
808 3733 971 3810 regendas
1025 3729 1121 3807 lario,
1139 3733 1339 3810 injunxisse,
1359 3731 1468 3794 311111
1488 3734 1612 3794 terram
1629 3731 1730 3792 clarae
1755 3745 1824 3790 me-

171 3827 423 3902 commiserant,
448 3827 588 3891 necdum
612 3829 801 3892 haeredibus
834 3833 906 3909 ejus
935 3829 971 3891 in
1026 3831 1140 3891 moriae
1154 3830 1330 3891 comitissae
1343 3829 1514 3890 Mathildis
1529 3827 1631 3889 iaciat
1641 3827 1819 3904 resignari.

178 3925 244 3988 ilde
266 3925 431 3988 catholica
453 3929 487 3989 31
508 3926 683 3990 devotione
714 3928 808 3990 Sedis
831 3928 974 4005 Aposto-
1027 3930 1132 3999 Quum
1158 3927 1260 4003 igitur
1283 3942 1358 3988 cum
1377 3925 1450 4002 ipso
1470 3924 1671 3986 cancellario
1690 3923 1819 3996 venias,

177 4024 253 4086 licae
266 4021 535 4101 permanentibus
555 4023 774 4098 confirmavit,
798 4025 972 4104 principa·
1027 4023 1113 4085 sicut
1127 4023 1251 4084 eisdem
1277 4022 1373 4084 33113
1395 4021 1517 4083 litteris
1542 4019 1716 4092 intimasti,
1733 4034 1822 4096 prae·

174 4119 480 4182 liumdominorum
495 4121 695 4196 meliorum,
712 4122 872 4201 siquibus
890 4121 973 4184 forte
1027 4120 1169 4182 33311331
1184 4119 1244 4182 libi
1259 4119 1456 4181 auctoritate
1475 4117 1681 4188 mandamus,
1698 4115 1822 4193 quate·
1907 4131 1912 4145 ¹

179 4217 343 4294 competit,
368 4221 446 4294 jure
474 4218 578 4290 salvo,
608 4220 756 4298 exceptis
788 4217 970 4294 haereticis,
1028 4217 1236 4278 nusnomine
1251 4217 1365 4277 nostro
1385 4214 1527 4291 recipias
1548 4215 1672 4276 terram
1701 4211 1819 4289 ipsam,

173 4313 420 4385 etiautoribus,
437 4313 660 4388 credentibus,
687 4314 918 4378 defensoribus
939 4317 973 4380 31
1029 4329 1167 4391 eamque
1193 4311 1346 4391 personis
1372 4310 1609 4374 ecclesiasticis
1635 4308 1822 4371 committas

176 4410 441 4490 receptatoribus
453 4411 655 4487 eorumdem,
668 4413 783 4475 eodem
798 4414 892 4492 patre
916 4415 973 4476 tuo
1028 4411 1185 4474 Ecclesiae
1226 4411 1384 4473 Romanae
1424 4407 1577 4470 fidelibus
1615 4405 1648 4471 et
1680 4405 1820 4479 devotis,

178 4511 249 4572 tres
261 4509 417 4571 denarios
430 4525 490 4587 per
505 4509 657 4586 singulas
685 4509 800 4572 domos
827 4512 976 4587 ejusdem
1029 4507 1186 4572 Romanae
1201 4504 1358 4570 Ecclesiae
1384 4505 1518 4568 nomine
1543 4503 1819 4576 conservandam,

178 4607 277 4669 133333
290 4607 481 4669 annualiter
490 4609 649 4670 Romanae
664 4607 820 4670 Ecclesiae
835 4609 976 4686 promit·
1029 4607 1133 4668 denec
1147 4620 1247 4684 super
1261 4603 1480 4683 dispositione
1497 4602 1602 4680 ipsius
1629 4599 1821 4663 mandatum

179 4705 284 4776 13313,
315 4703 357 4765 31
385 4703 546 4765 indicium
573 4705 659 4782 quod
686 4704 795 4766 terras
820 4706 911 4782 13333
939 4705 975 4767 13
1030 4705 1179 4766 nostrum
1192 4701 1382 4781 receperint
1400 4699 1556 4778 speciale,
1573 4715 1612 4760 ac
1633 4697 1753 4760 deinde
1781 4693 1823 4758 ad

180 4800 355 4862 devotione
368 4799 567 4878 apostolicae
586 4795 681 4863 Sedis
702 4803 869 4865 31333313
895 4802 976 4864 reli·
1029 4799 1243 4879 praesentiam
1271 4799 1430 4870 33313313,
1447 4789 1607 4859 dilation'e
1628 4794 1822 4875 postposita,
1856 4787 1858 4792 ’

181 4897 280 4972 gione
303 4913 502 4960 conservare
530 4899 716 4962 decaetero
744 4896 973 4977 disponebat:
1030 4897 1220 4960 revertaris.
1250 4895 1342 4972 Quod
1376 4894 1405 4956 si
1437 4893 1522 4956 forte
1555 4893 1763 4970 contingeret
1790 4892 1824 4954 te

181 4994 269 5056 idem
286 4995 512 5071 praedecessor
523 4997 637 5058 noster
650 4995 767 5059 statuit
780 4996 816 5058 13
829 4996 975 5060 Concilio
1030 4993 1219 5073 huJusmcdi
1232 4992 1407 5055 occasione
1420 5006 1546 5053 moram
1555 4991 1689 5053 trahere
1698 4989 1825 5066 longio-

181 5091 345 5168 generali,
360 5091 397 5153 31
410 5091 501 5154 terra
519 5099 616 5169 quarn
641 5075 864 5169 crucesighati
889 5089 977 5156 obli·
1030 5108 1112 5165 rem,
1129 5108 1169 5153 aa
1184 5107 1257 5169 quae
1273 5092 1350 5152 ante
1364 5090 1455 5166 regis
1470 5088 1648 5151 adventum
1669 5087 1711 5148 ad
1730 5085 1823 5148 noti·

181 5191 327 5251 nuerunt
363 5189 523 5250 adversus
561 5189 751 5262 haereticos,
790 5192 974 5264 credentes,
1030 5189 1111 5252 tiam
1154 5187 1302 5250 nostram
1334 5186 1469 5265 expedit
1500 5187 1691 5264 pervenire,
1728 5180 1824 5244 nobis

181 5285 330 5348 fautores
345 5287 378 5348 et
390 5287 614 5362 receptatores
633 5298 759 5359 eorum,
777 5304 851 5349 cum
875 5289 975 5351 Mon·
1031 5287 1159 5348 secreto
1180 5283 1348 5362 significes
1368 5299 1428 5362 per
1444 5282 1658 5361 praesentium
1683 5277 1826 5358 portito-

183 5381 339 5444 tealbeno
363 5384 463 5460 atque
487 5381 617 5454 Tolosa,
633 5377 855 5447 dimitteretur
877 5387 977 5462 atque
1031 5385 1246 5446 namnetum
1261 5382 1347 5460 apud
1364 5381 1486 5444 Urbem
1498 5382 1664 5449 Veterem,
1679 5375 1825 5438 secundo

183 5479 431 5554 concederetur,
443 5478 541 5562 salvo
549 5479 789 5542 catholicorum
798 5483 976 5559 peromnia
1032 5481 1106 5542 1133
1117 5479 1216 5558 iunii,
1234 5479 1446 5557 pontificatus
1462 5477 1565 5540 nostri
1591 5491 1680 5536 anno
1695 5475 1824 5550 333313.
