4248 6410
133 274 193 334 6ῗ3

133 431 233 508 regls,
251 441 350 508 quam
364 424 431 491 tuis
445 425 599 506 precibus
620 427 816 498 annuentes,
833 440 926 488 com-

133 528 331 606 positionem
357 527 464 604 ipsam
493 523 629 602 provide
655 523 794 598 iactam,
825 526 858 586 et
886 523 926 584 ab

133 627 275 702 utraque
303 624 419 701 sponte
445 624 538 700 parte
568 623 745 698 receptam,
777 621 863 683 sicut
892 619 927 682 in

135 722 284 800 ejusdem
304 723 394 798 regis
417 721 607 784 authentico
629 720 826 792 continetur,
848 733 929 778 auc-

132 819 269 882 toritate
279 818 467 896 Apostolica
480 817 723 888 confirmamus,
741 817 774 879 et
787 831 930 894 praesen·

136 917 180 979 iis
195 916 312 993 scripti
327 916 511 994 patrocinio
524 915 775 976 communimus.
789 913 837 974 Ad
853 928 927 974 ma·

134 1017 242 1090 jerem
258 1015 368 1075 autem
386 1011 596 1083 evidentiam,
619 1013 767 1073 tenorem
782 1009 929 1088 ejusdem

133 1111 176 1172 de
189 1110 291 1172 verbo
315 1105 356 1171 ad
381 1109 517 1172 verbum
544 1108 623 1170 huic
651 1108 772 1170 nostrae
799 1107 929 1183 paginae

135 1208 293 1269 duximus
307 1207 520 1268 inserendum
538 1227 546 1266 r

174 1307 215 1366 H.
232 1305 291 1366 Dei
305 1305 414 1382 gratia
433 1319 495 1364 ren
511 1302 651 1380 Angliae,
666 1302 818 1364 dominus
836 1303 931 1363 Hen-

135 1403 226 1464 ricus
244 1402 312 1463 dux
328 1400 555 1472 Normanniae,
570 1399 757 1477 Aquitaniae
773 1400 805 1461 et
822 1414 932 1461 comes

135 1499 351 1576 Andegaviae,
362 1497 514 1559 omnibus
524 1497 566 1558 ad
580 1512 662 1575 quos
672 1512 818 1573 praesens
832 1495 934 1572 scrip·

139 1598 209 1660 tum
221 1595 418 1672 pervenerit,
429 1594 580 1655 salutem.
589 1593 805 1656 Universitati
813 1595 932 1654 vestrae

138 1695 253 1755 notum
271 1691 421 1762 iacimus,
437 1691 522 1768 quod
538 1707 613 1751 cum
629 1691 724 1768 pater
745 1691 858 1753 noster
870 1693 888 1752 J
891 1706 933 1750 o·

141 1791 280 1862 bannes‚
295 1805 355 1850 rex
370 1789 497 1865 angliae
512 1788 607 1850 bonae
620 1789 799 1860 memoriae,
817 1803 934 1865 quam-

139 1888 213 1948 dam
227 1886 497 1963 compositionem
511 1885 628 1947 iecerit
638 1901 713 1948 cum
728 1885 861 1946 domina
870 1887 934 1946 Be-

139 1984 307 2060 rengaria,
331 1983 495 2061 quondam
514 1983 637 2044 illustri
655 1983 784 2059 Angliae
804 1983 931 2058 regina,

138 2082 255 2144 relicta
278 2079 403 2162 [vidua]
426 2080 515 2156 regis
538 2080 685 2152 Ricardi,
701 2080 810 2156 patrui
828 2079 933 2140 nostri

140 2180 240 2242 clarae
252 2179 431 2250 memoriae,
449 2193 550 2255 super
561 2180 633 2255 ejus
645 2177 797 2239 dotalitio
812 2178 846 2237 in
862 2181 933 2238 An·

138 2277 218 2354 glia,
230 2276 315 2354 quod
328 2274 369 2336 ab
380 2276 452 2352 ipso
466 2275 581 2336 eadem
594 2273 773 2352 repetebat,
787 2275 833 2336 ita
848 2273 933 2351 quod

139 2374 318 2436 secundum
337 2373 485 2434 tenorem
503 2372 652 2450 eiusdem
673 2371 932 2449 compositionis,

139 2485 237 2548 quam
258 2485 318 2532 nos
340 2469 447 2530 ratam
467 2469 644 2530 habuimus
663 2471 696 2531 et
721 2469 892 2538 babemus,
914 2484 934 2529 a

139 2569 226 2629 dicto
244 2569 337 2644 patre
353 2567 466 2628 nostro
479 2583 539 2644 pro
559 2583 594 2628 se
613 2566 647 2628 et
658 2565 846 2628 haeredibus
865 2567 935 2626 suis

140 2660 933 2742 iactae,etinanimamsuamjnrare[nonrenuit],

139 2762 226 2830 dicta
244 2761 379 2824 demina
393 2761 596 2836 Berengaria
615 2761 657 2821 ab
676 2760 803 2832 eodem,
819 2761 852 2822 et
866 2761 935 2820 suis

139 2858 338 2930 haeredibus
355 2859 390 2919 in
414 2858 511 2920 domo
531 2859 609 2919 novi
629 2858 756 2934 Templi
774 2857 936 2919 Londonii

139 2957 232 3017 mille
251 2955 355 3016 libras
370 2955 531 3017 bonorum
546 2958 580 3016 et
593 2955 750 3031 legalium
765 2955 937 3032 sterlingo-

141 3068 214 3114 rum
235 3053 370 3114 deberet
391 3052 541 3129 recipere
561 3052 746 3121 annuatim,
763 3055 859 3130 prout
874 3052 936 3114 boc

141 3166 215 3212 cum
236 3149 431 3227 quibusdam
450 3149 526 3209 aliis
545 3149 696 3210 articulis
716 3149 751 3210 in
770 3151 862 3212 carta
877 3166 938 3227 pa·

140 3249 202 3313 tris
213 3248 319 3309 nostri
332 3247 461 3326 plenius
477 3245 675 3338 continetur,
688 3249 722 3308 et
735 3247 808 3324 ipsa
820 3247 937 3322 regina

142 3345 413 3423 compositionem
428 3344 577 3407 eamdem
597 3343 660 3406 sibi
675 3345 803 3420 peteret
817 3344 936 3406 obser-

142 3443 227 3514 vari,
240 3445 272 3503 et
287 3443 428 3518 quatuor
442 3441 547 3502 millia
565 3443 598 3502 et
618 3441 814 3518 quingentas
835 3441 937 3503 libras

144 3540 378 3614 sterlingorum
394 3553 453 3615 pro
464 3538 646 3614 arreragiis
661 3538 741 3610 suis,
758 3554 799 3599 ea
811 3539 938 3602 scilicet

140 3637 287 3708 ratione,
304 3635 383 3713 quia
395 3650 455 3712 per
468 3636 596 3696 tantum
606 3636 764 3712 temporis
773 3638 937 3698 cessatum

142 3732 406 3795 iuitasolutione
416 3732 649 3809 praedictarum
660 3734 752 3794 mille
764 3733 935 3806 librarum,

141 3845 242 3908 super
256 3831 437 3908 praemissis
450 3830 573 3903 taliter,
584 3831 750 3907 pronubis
765 3833 798 3894 et
809 3848 938 3894 succes·

141 3928 272 3990 soribus
293 3929 430 4000 nostris,
453 3929 670 3990 convenimus
698 3945 773 3990 cum
808 3931 935 4002 eadem,

145 4025 285 4096 scilicet,
301 4025 388 4102 quod
409 4025 450 4086 de
471 4025 628 4102 praedicta
650 4041 778 4088 summa
799 4043 936 4089 arrera-

141 4122 273 4198 giorum
289 4121 379 4182 mille
394 4137 524 4182 marcas
539 4122 571 4184 ei
586 4121 788 4184 reddidimus
803 4125 838 4186 in
851 4141 938 4202 prae-

142 4219 239 4290 senti,
264 4219 297 4280 et
311 4218 384 4296 ipsa
405 4219 522 4294 regina
545 4219 587 4281 de
612 4221 787 4296 praemissa
808 4238 937 4284 summa

143 4315 240 4378 nobis
255 4315 385 4378 remisit
406 4315 602 4392 quingentas
618 4316 733 4389 libras,
749 4319 783 4380 et
797 4319 837 4380 de
851 4320 938 4382 resi-

142 4411 207 4478 duo
239 4413 489 4490 arreragiorum
522 4413 698 4476 reddemus
729 4416 764 4481 ei
791 4417 938 4503 quolibet

142 4527 229 4572 anno
243 4511 440 4588 quingentas
455 4525 597 4584 marcas,
611 4511 716 4575 donec
729 4514 796 4575 tota
809 4528 936 4576 summa

143 4608 333 4670 eorumdem
348 4609 594 4684 arreragiorum
610 4610 759 4686 plenarie
765 4611 809 4673 sit
816 4611 935 4674 soluta.

143 4705 367 4767 Nihilominus
398 4706 573 4768 reddemus
605 4706 637 4768 ei
665 4709 763 4768 annis
796 4709 936 4784 singulis

142 4802 233 4862 mille
245 4802 348 4863 libras
363 4802 524 4864 bonorum
540 4806 573 4866 et
589 4803 746 4880 legalium
759 4805 937 4882 sterlingo-

141 4912 216 4959 rum
231 4898 293 4958 sibi
309 4899 440 4960 debitas
448 4916 492 4960 ex
502 4901 935 4980 compositionapraemissa,

142 4997 176 5056 et
190 4995 236 5056 ita
252 4995 398 5072 quolibet
409 5011 496 5058 anno
510 4999 649 5075 recipiet
658 4999 723 5060 duo
731 5000 836 5062 millia
847 5016 938 5062 mar-

143 5107 258 5154 carum
273 5107 332 5168 pro
343 5094 581 5169 compositione
592 5097 625 5156 et
633 5096 827 5172 arreragiis,
842 5113 938 5174 prop·

142 5192 195 5251 ter
228 5205 302 5268 quae
336 5190 580 5266 assignavimus
615 5193 722 5254 eidem
750 5194 937 5270 stagnarias

143 5287 274 5350 nostras
287 5287 327 5350 de
337 5285 514 5358 cornubia,
529 5289 562 5352 et
575 5290 722 5352 Devenia
737 5305 812 5352 cum
825 5293 936 5352 omni-

144 5383 206 5446 bus
219 5384 375 5457 exitibus,
390 5383 446 5461 qui
455 5385 554 5448 exeis
567 5387 773 5462 provenient,
786 5390 818 5448 et
828 5388 938 5450 exitus

144 5481 265 5542 cambii
279 5483 420 5544 monetae
435 5484 569 5556 nostrae,
583 5484 617 5545 et
631 5499 704 5546 eam
719 5485 893 5560 posuimus
904 5487 938 5546 in

144 5579 348 5653 corporalem
384 5579 626 5656 possessionem
660 5581 862 5654 earumdem,
896 5598 939 5643 ex

289 5713 403 5767 rande.
423 5723 497 5766 roua
515 5712 564 5768 lll.

757 267 988 352 ¹rrrrsronm.
1012 267 1089 326 nra.
1113 267 1150 325 v.

1664 241 1773 338 '674

981 441 1120 503 quarum
1134 421 1346 502 proventibus
1362 423 1543 486 solutiones
1553 438 1631 484 suas
1642 421 1773 498 recipit,

982 523 1068 585 sicut
1079 522 1231 600 superius
1243 523 1520 598 estpraemissum.
1532 521 1567 582 Si
1577 521 1688 582 autem
1699 535 1775 581 con·

981 619 1104 696 tigerit,
1121 619 1206 696 quod
1222 618 1347 696 aliquid
1363 619 1450 681 ultra
1471 619 1536 680 duo
1551 617 1657 679 millia
1680 633 1773 678 mar-

982 732 1096 778 carum
1111 733 1154 778 ex
1169 717 1335 794 praedictis
1351 716 1551 794 provenerit,
1565 714 1659 776 nobis
1672 729 1779 776 rema·

982 815 1082 886 nebit,
1099 816 1142 886 et,
1157 814 1186 875 si
1196 879 1198 884 ,
1209 813 1250 874 ad
1266 813 1464 882 solutionem
1480 813 1684 890 praemissam
1709 827 1777 874 non

983 911 1192 983 sufficerent,
1220 911 1456 998 supplebimus·
1471 911 1502 970 ei
1529 908 1569 972 de
1592 909 1775 972 redditibus

984 1010 1105 1070 nostris
1121 1008 1377 1078 Londoniarum,
1390 1009 1433 1075 et,
1451 1008 1479 1070 si
1494 1007 1576 1068 illud
1589 1007 1690 1070 etiam
1709 1023 1777 1068 non

985 1106 1162 1176 sufficeret,
1178 1105 1352 1166 reddemus
1365 1107 1396 1167 ei
1405 1105 1574 1166 residuum
1586 1105 1627 1166 ad
1639 1105 1779 1167 schaea-

984 1203 1071 1264 rium
1087 1204 1235 1264 nostrum
1249 1201 1506 1278 Londoniarum.
1519 1202 1699 1266 Praedictos
1714 1219 1778 1264 au-

987 1299 1051 1362 tem
1080 1299 1227 1360 redditus
1256 1299 1416 1376 percipiet
1443 1300 1476 1362 et
1500 1299 1626 1361 tenebit
1653 1298 1779 1376 absque

987 1398 1110 1468 nostra,
1137 1398 1189 1458 vel
1219 1399 1406 1459 nostrorum
1436 1397 1697 1460 contradictione
1725 1397 1779 1458 vel

986 1494 1232 1572 impedimento,
1247 1494 1333 1556 sicut
1347 1495 1541 1571 praedictum
1561 1497 1621 1566 est,
1647 1494 1703 1555 sed
1717 1509 1779 1556 nos

987 1591 1230 1666 assignabimus
1250 1592 1383 1652 nomine
1395 1592 1521 1667 reginae
1543 1592 1584 1652 ad
1604 1591 1780 1668 praedictos

987 1689 1134 1750 redditus
1161 1688 1364 1764 colligendos
1393 1690 1427 1751 et
1454 1689 1639 1751 reddendos
1672 1689 1782 1752 eidem

987 1787 1112 1862 reginae
1131 1787 1221 1847 viros
1246 1785 1358 1848 fideles
1374 1787 1406 1848 et
1420 1786 1592 1858 discretos,
1610 1787 1666 1864 qui
1683 1789 1783 1864 jura-

987 1882 1078 1956 bunt,
1092 1883 1178 1960 quod
1191 1883 1332 1945 fideliter
1342 1884 1382 1943 de
1397 1883 1548 1945 omnibus
1561 1883 1707 1946 exitibus
1720 1884 1781 1946 do-

988 1980 1086 2042 minae
1101 1981 1237 2056 reginae,
1254 1980 1306 2041 vel
1319 1980 1495 2042 attornatis
1510 1981 1580 2042 suis
1595 1981 1782 2058 responde·

987 2077 1069 2138 bunt
1098 2078 1132 2137 ln
1157 2077 1253 2138 domo
1278 2078 1356 2138 novi
1381 2078 1510 2154 Templi
1533 2077 1782 2140 Londoniarum

988 2191 1092 2252 usque
1126 2174 1166 2235 ad
1200 2175 1418 2252 praetaxatam
1450 2191 1611 2236 summam
1642 2176 1785 2240 duorum

989 2272 1130 2333 millium
1145 2287 1343 2343 marcarum,
1356 2273 1484 2335 scilicet
1495 2273 1586 2334 mille
1602 2275 1783 2336 marcasio

989 2369 1071 2432 sesto
1091 2371 1243 2430 Omnium
1261 2372 1467 2438 Sanctorum,
1489 2372 1522 2432 et
1540 2371 1630 2432 mille
1653 2387 1784 2432 marcas

989 2469 1024 2528 in
1039 2466 1121 2530 sesto
1135 2467 1349 2528 ascensionis
1369 2467 1511 2529 Domini.
1538 2468 1648 2530 Finita
1672 2469 1785 2532 autem

990 2565 1153 2626 solutione
1179 2565 1425 2639 arreragiorum
1450 2565 1583 2625 domina
1611 2566 1726 2642 regina
1747 2567 1784 2627 in

991 2661 1156 2738 praedictis
1171 2660 1366 2734 redditibus,
1383 2664 1416 2724 et
1431 2663 1588 2738 praedicto
1603 2662 1676 2724 loco
1696 2665 1787 2726 reci-

989 2760 1068 2837 piet,
1086 2761 1125 2821 ut
1143 2759 1296 2837 superius
1314 2759 1512 2831 dictumest,
1528 2760 1670 2835 singulis
1685 2761 1783 2824 annis

990 2856 1081 2918 mille
1110 2855 1212 2919 libras
1231 2856 1359 2918 tantum
1382 2856 1543 2918 bonorum
1570 2859 1603 2920 et
1628 2858 1787 2934 legalium

990 2954 1226 3030 sterlingorum
1250 2969 1293 3016 ex
1315 2955 1554 3030 compositione
1580 2955 1644 3016 sibi
1673 2956 1785 3019 debita

991 3052 1159 3129 praedicta.
1176 3052 1302 3114 Poterit
1318 3054 1428 3114 aulem
1443 3053 1516 3128 ipsa
1536 3053 1653 3128 regina
1668 3053 1785 3130 dispo·

991 3164 1071 3210 nere
1086 3149 1127 3210 de
1141 3149 1308 3225 praedictis
1322 3150 1504 3225 arreragiis
1518 3149 1561 3211 ad
1580 3150 1786 3212 voluntatem

992 3262 1084 3308 suam
1101 3246 1374 3323 quandocumque
1388 3246 1452 3308 sibi
1472 3247 1636 3323 placuerit
1656 3249 1728 3310 sive
1750 3249 1786 3310 in

991 3343 1070 3415 vita,
1088 3344 1158 3404 sive
1173 3344 1208 3404 in
1221 3344 1336 3416 morte,
1351 3345 1385 3408 et
1396 3359 1457 3404 nos
1470 3344 1513 3417 ei,
1528 3345 1580 3407 vel
1593 3345 1653 3417 eis,
1666 3343 1786 3423 quibus

991 3442 1064 3519 ipse
1089 3442 1300 3513 concesserit,
1323 3443 1439 3504 eodem
1475 3443 1570 3505 modo
1601 3443 1787 3505 tenebimus

992 3539 1078 3602 sicut
1092 3540 1125 3602 et
1138 3539 1214 3615 ipsi.
1235 3539 1270 3601 Si
1296 3540 1405 3602 autem
1435 3541 1646 3617 contingeret
1669 3540 1784 3619 aliquo

991 3636 1099 3708 modo,
1116 3635 1202 3713 quod
1218 3636 1352 3698 domina
1365 3637 1480 3714 regina
1494 3638 1686 3715 praedictam
1698 3639 1786 3700 solu·

991 3735 1125 3807 tionem,
1135 3735 1524 3811 sicutsupradictumest,
1534 3738 1783 3814 nonreciperet,

991 3832 1077 3910 quod
1099 3832 1192 3894 salvo
1214 3837 1422 3895 sacramento
1451 3835 1564 3895 nostro
1591 3850 1657 3896 non
1682 3836 1787 3912 possit

991 3929 1075 4000 lieri,
1091 3928 1135 3992 sit
1148 3930 1253 3996 totum
1267 3930 1435 4006 negotium
1448 3931 1483 3990 in
1499 3947 1538 3992 eo
1551 3931 1650 4003 statu,
1667 3932 1703 3992 in
1720 3948 1786 4009 quo

991 4027 1064 4089 erat
1078 4025 1211 4104 quando
1221 4015 1373 4103 'praesens
1392 4028 1484 4088 carta
1497 4027 1561 4089 luit
1579 4027 1738 4100 contecta,
1754 4034 1787 4090 et

992 4125 1181 4201 quingentae
1196 4122 1290 4184 librae
1312 4140 1394 4200 quas
1418 4124 1516 4187 nobis
1539 4125 1678 4198 remisit,
1700 4128 1787 4189 sicut

991 4237 1051 4298 pro
1061 4237 1128 4282 non
1143 4221 1304 4292 remissie,
1320 4222 1558 4299 compositione
1579 4224 1750 4300 praemissa
1766 4242 1787 4286 a

992 4322 1086 4396 patre
1106 4319 1220 4380 nostro
1249 4334 1325 4380 cum
1347 4319 1462 4380 eadem
1486 4321 1602 4396 regina
1626 4320 1725 4394 tacta,
1753 4325 1786 4384 et

991 4416 1144 4478 omnibus
1164 4415 1241 4478 aliis
1266 4417 1437 4493 rescriptis
1461 4418 1651 4494 apostolicis
1674 4419 1709 4479 in
1725 4436 1785 4481 sno

991 4512 1109 4576 robore
1119 4512 1398 4590 permanentibus,
1408 4514 1441 4575 et
1450 4514 1637 4576 tenebimur
1646 4515 1786 4577 reddere

991 4610 1097 4672 eidem
1119 4610 1244 4687 reginae
1259 4626 1373 4672 omnes
1390 4627 1554 4689 expensas
1568 4613 1784 4675 rationabiles

992 4709 1025 4771 et
1037 4707 1222 4770 moderatas
1235 4709 1268 4770 et
1282 4708 1453 4780 honestas,
1470 4725 1552 4786 quas
1568 4709 1602 4772 in
1626 4726 1787 4787 prosecu-

990 4805 1081 4868 tione
1095 4805 1191 4866 istius
1204 4806 1329 4881 negotii
1344 4805 1460 4868 iecerit
1479 4823 1539 4882 pro
1554 4807 1684 4875 deiectu
1699 4823 1783 4869 nos-

990 4903 1053 4964 tro.
1071 4904 1140 4964 Nos
1154 4905 1265 4965 autem
1280 4902 1321 4963 de
1336 4902 1476 4965 consilio
1491 4903 1616 4966 domini
1631 4906 1783 4967 Pandulll

991 4999 1117 5063 domiui
1142 5015 1235 5077 papae
1261 5001 1450 5072 camerarii,
1465 5003 1656 5064 Norwicen.
1674 5003 1782 5074 electi,

990 5097 1188 5174 apostolicae
1211 5097 1304 5160 sedis
1324 5098 1436 5174 legati,
1459 5101 1492 5161 et
1515 5100 1786 5177 archiepiscopo·

992 5187 1080 5266 rum,
1106 5194 1335 5272 episcoporum
1359 5198 1392 5257 et
1413 5193 1576 5258 baronum
1595 5198 1786 5260 nostrorum

992 5291 1211 5355 asserentium
1221 5291 1316 5354 nobis
1333 5295 1604 5372 eitterraenostrae
1615 5294 1678 5356 boc
1688 5309 1786 5372 expe

992 5389 1075 5458 dire,
1109 5390 1321 5465 promisimus
1347 5391 1443 5453 dictae
1470 5391 1612 5453 dominae
1646 5392 1783 5467 reginae,

993 5488 1025 5551 et
1039 5487 1073 5548 in
1084 5487 1229 5548 animam
1244 5489 1392 5550 nostram
1402 5489 1587 5550 Johannem
1598 5489 1786 5550 Rossellum

993 5584 1218 5647 senescalcum
1233 5584 1380 5646 nostrum
1392 5588 1509 5661 jurare
1524 5584 1675 5657 lecimus,
1701 5587 1787 5664 quod
