4300 6392
281 293 341 352 407
424 311 426 316 ’
905 289 1080 350 HONORII
1103 289 1147 348 111
1169 289 1317 351 orent.

1866 291 1936 350 loa..

283 449 400 513 laetitia
415 464 519 526 aquas
533 449 574 509 de
592 445 736 508 fontibus
752 446 946 520 Salvatoris,
964 448 999 508 ui
1018 455 1075 508 eas
1129 447 1219 509 tione
1231 447 1386 519 tractatu,
1399 447 1445 508 ita
1462 445 1547 524 quod
1560 447 1671 524 partes
1682 447 1798 524 ipsaea
1818 439 1931 510 forma

283 546 434 608 dividant
447 546 483 606 in
496 544 616 622 plateis
631 559 697 606 non
710 544 815 614 solum
829 543 871 604 ad
890 545 1074 606 satietatem
1131 544 1195 604 sibi
1214 545 1356 606 tractata
1379 545 1414 605 in
1437 545 1551 620 paucis
1573 545 1726 606 articulis
1750 544 1924 605 discorda-

284 644 471 704 animarum
491 658 564 719 quae
589 642 678 702 sitim
693 640 826 710 babent,
843 640 901 701 sed
919 641 1017 701 etiam
1040 641 1075 701 in
1129 639 1222 703 bant.

283 739 429 801 salutare
444 739 625 800 remedium
641 739 673 800 et
684 737 882 798 medicinam
893 738 1007 798 contra
1021 753 1077 798 re·
1172 741 1255 800 llcce
1277 738 1399 799 nobilis
1420 737 1473 799 vir
1486 738 1632 799 Dalcbor
1651 740 1760 814 major
1776 737 1927 815 justitia-

283 853 406 898 nenum
421 836 651 912 aegrotantium
673 835 871 896 animarum.
891 837 931 896 bt
950 835 986 895 ut
1000 835 1075 910 ple·
1131 837 1211 908 rins,
1229 838 1262 898 et
1276 837 1438 896 Martinus
1459 836 1633 896 Pincernae
1648 835 1753 911 ipsius
1767 835 1870 910 regis,
1887 849 1926 896 ac

283 935 360 996 nius
375 934 584 1008 cognoscatis
609 933 776 994 sincerum
795 931 962 1004 affectum,
979 947 1075 1008 quern
1132 934 1392 998 Marcbucardue
1418 932 1459 992 de
1486 933 1612 994 Decbin
1628 933 1661 994 et
1682 932 1862 1008 Dionysius
1886 932 1926 992 de

284 1047 364 1108 erga
394 1030 568 1106 praedictos
594 1028 714 1091 iratres
737 1029 893 1104 gerimus,
921 1043 1076 1105 rogamus
1132 1031 1283 1092 Praclien
1320 1029 1492 1092 castellani
1528 1029 1734 1090 advenerunt
1765 1043 1807 1088 ex
1833 1029 1927 1104 parte

283 1127 422 1205 proinde
433 1127 641 1188 devotionern
654 1127 799 1188 vestram
812 1127 845 1188 ct
862 1126 1078 1188 exhortamur
1131 1128 1210 1189 dicti
1224 1128 1325 1202 regis,
1343 1128 1375 1188 et
1388 1141 1460 1197 sua,
1483 1141 1557 1187 oum
1580 1126 1738 1187 instantia
1762 1126 1928 1203 postulan-

283 1225 407 1286 attente
428 1240 489 1301 per
513 1223 702 1300 apostolica
722 1223 844 1299 scripta
870 1223 1075 1293 mandantes,
1130 1227 1191 1298 tce,
1215 1227 1253 1285 ut
1272 1223 1445 1300 praelatum
1467 1224 1658 1300 episcopum
1681 1221 1722 1283 ad
1747 1223 1924 1294 Viennam,

284 1320 321 1382 ut
335 1320 421 1380 sicut
436 1319 648 1380 laudabiliter
671 1318 831 1395 coepistis,
851 1319 896 1380 ita
917 1335 976 1395 pro
998 1334 1078 1379 nos·
1132 1322 1299 1384 civitatem
1320 1320 1441 1381 nobilis
1455 1321 1521 1381 viri
1536 1321 1630 1382 ducis
1644 1321 1799 1391 Austriae,
1815 1317 1930 1380 mitte-

282 1416 346 1487 ira,
363 1418 396 1476 et
409 1415 607 1492 Apostolicae
624 1414 718 1476 Sedis
732 1416 931 1486 reverentia,
944 1430 1002 1475 eos
1016 1413 1079 1474 ba·
1132 1433 1256 1486 remus,
1283 1418 1487 1479 affirmantes
1517 1417 1601 1494 quod
1624 1431 1696 1489 rex,
1725 1417 1758 1477 et
1782 1415 1927 1477 Maenas

282 1511 388 1574 beatis
424 1511 637 1572 affectuosius
671 1512 932 1583 commendatos,
968 1514 1000 1572 et
1039 1511 1074 1570 in
1132 1513 1293 1591 praedicti,
1324 1529 1405 1588 quos
1440 1512 1520 1574 illuc
1547 1513 1705 1573 venturos
1735 1509 1926 1574 nrmnsime

283 1607 353 1668 suis
369 1609 418 1668 eis
439 1606 703 1678 necessitatibus,
720 1599 904 1678 beneficiis,
927 1608 960 1667 et
982 1607 1076 1666 elea·
1132 1609 1365 1686 promittebant
1379 1610 1540 1686 praesente
1561 1609 1683 1670 dilecto
1702 1610 1858 1685 episcopo
1873 1609 1928 1668 in-

284 1705 431 1781 mosynis
445 1705 566 1766 restris
586 1704 752 1766 assistatis
772 1705 895 1776 taliter,
922 1706 959 1765 ut
973 1706 1075 1764 Deum
1132 1709 1333 1770 ducerentur
1346 1707 1445 1768 t'acile
1456 1706 1498 1770 ad
1508 1705 1718 1768 concordiam
1736 1723 1743 1762 :
1760 1708 1791 1768 et
1805 1706 1870 1782 ipsi
1884 1707 1926 1768 ad

283 1800 377 1861 vobis
399 1801 577 1876 propitium
601 1800 758 1872 reddatis,
787 1801 820 1862 et
840 1815 901 1861 nos
924 1799 1077 1876 obligetis
1133 1805 1195 1866 boc
1219 1805 1448 1882 impenderent
1468 1803 1609 1879 diligens
1631 1803 1776 1866 studium
1796 1803 1830 1865 et
1848 1819 1929 1880 ope-

282 1897 377 1963 vobis
397 1913 471 1959 esse
493 1896 599 1974 magis
625 1897 827 1958 favorabiles
844 1901 878 1959 et
900 1897 1074 1972 benignos.
1132 1918 1203 1963 ram
1232 1903 1398 1963 efficacem
1425 1918 1432 1956 :
1463 1900 1549 1978 quod
1587 1901 1687 1961 etiam
1712 1901 1929 1962 firmaverunt

283 1995 401 2056 Datum
413 1993 565 2064 viterbii,
582 1995 659 2054 Xlll
674 1993 835 2055 kalendas
849 1993 977 2084 aprilis,
994 2008 1078 2070 pon·
1132 1999 1289 2076 praedicto
1307 1999 1497 2076 juramento
1523 1997 1609 2075 quod
1633 1997 1697 2074 ipsi
1722 1996 1763 2057 ad
1786 1998 1849 2058 boc
1871 1997 1927 2057 di-

284 2091 428 2154 tiiicatus
441 2091 546 2152 nostri
561 2105 649 2152 anno
664 2091 793 2168 quarto.
1131 2097 1225 2166 recti,
1255 2095 1318 2157 boc
1339 2095 1379 2155 de
1403 2095 1562 2173 ipsorum,
1589 2095 1690 2170 regie,
1710 2095 1743 2155 et
1765 2094 1927 2156 baronum

1132 2193 1286 2255 mandato
1307 2192 1443 2271 speciali
1460 2191 1691 2269 procurabant,
1717 2193 1751 2252 et
1772 2191 1858 2268 quod
1882 2191 1926 2252 ad

1132 2307 1257 2367 pacem,
1274 2292 1307 2352 et
1326 2290 1537 2352 concordiam
1556 2289 1698 2350 fideliter
1717 2288 1926 2364 laborarent3

1133 2388 1283 2466 quodque
1297 2385 1502 2449 custodirent
1516 2403 1691 2462 personam
1707 2385 1864 2462 episcopi,
1880 2387 1923 2445 si·

1132 2487 1187 2547 cut
1202 2501 1279 2546 suas
1302 2485 1370 2546 tarn
1390 2484 1580 2544 deducendo
1601 2499 1677 2544 euru
1697 2484 1738 2544 ad
1758 2483 1926 2544 civitatem

1132 2583 1334 2660 praedictam,
1359 2597 1457 2658 quam
1482 2581 1522 2641 ad
1547 2583 1695 2642 nostram
1715 2581 1926 2657 praesentiam

1132 2679 1331 2751 reducendo,
1358 2679 1385 2739 si
1415 2678 1499 2740 sorte
1524 2693 1591 2739 ncn
1615 2679 1727 2756 posset
1749 2678 1927 2739 concordia

323 2227 366 2284 In
381 2228 538 2285 conadam
553 2227 693 2285 enodem
706 2225 864 2300 scriptum
878 2226 946 2286 est:

324 2324 375 2382 Ad
400 2323 605 2381 oraloersona
632 2325 797 2394 poparum
824 2321 1074 2398 segoviensem.

284 2419 403 2479 Datum
417 2419 447 2477 X
461 2417 623 2478 kalendas
638 2417 766 2494 aprilis
783 2432 870 2477 anno
886 2419 1016 2493 quarto.

328 2502 379 2577 Ad
403 2517 602 2577 Willatmuan
626 2518 667 2575 de
687 2515 843 2576 Pasieria
862 2516 895 2575 et
913 2519 1076 2588 populien

284 2615 549 2674 Bononiensem.
572 2613 690 2674 Datum
710 2614 754 2672 IX
771 2611 933 2673 kalendas
948 2611 1075 2688 aprilis,

287 2723 375 2784 anno
391 2709 519 2786 quarto.
1261 2777 1268 2790 ‚

1132 2791 1319 2855 provenire.

619 2833 746 2926 C-Vffl
1172 2876 1240 2935 Nos
1253 2874 1356 2949 igitur
1372 2873 1620 2949 acquiescentes
1636 2872 1799 2948 precibus,
1815 2871 1848 2934 et
1861 2871 1928 2932 ins·

284 2969 337 3029 Ad
363 2967 602 3027 Eberhardum
633 2969 937 3042 salzeburgensem
963 2968 1079 3026 crebi-
1132 2973 1245 3032 tantiae
1275 2969 1433 3032 nobilium
1457 2969 1709 3048 praedictorum,
1736 2969 1926 3045 episcopum
1954 3041 1963 3062 ι

324 3066 530 3138 episcopum,
547 3065 592 3124 od
613 3065 807 3136 episcopum
824 3063 1078 3136 semetsemet
1134 3069 1241 3145 ipsum
1271 3067 1310 3128 ad
1343 3067 1509 3129 civitatem
1531 3069 1601 3144 jam
1634 3065 1754 3126 dictam
1770 3064 1926 3125 duximus

324 3161 478 3220 abbatem
510 3161 646 3221 Sdlwlw
679 3161 809 3230 cruos,
841 3160 1079 3222 Cistelvt'eosir
1132 3163 1436 3234 transmittendum,
1450 3164 1486 3224 ut
1496 3161 1683 3239 hujusmodi
1702 3161 1928 3222 controversia

324 3259 467 3329 ordinis,
484 3257 707 3318 Potocicosis
721 3259 885 3318 dtoecests.
1134 3262 1244 3333 tinem,
1262 3261 1405 3322 donante
1427 3259 1576 3330 Domino,
1598 3259 1767 3330 sortiatur,
1789 3257 1928 3334 ideoque

560 3369 596 3426 io
610 3375 693 3426 mart.
717 3369 795 3427 itio.
1134 3373 1192 3435 per
1214 3357 1436 3434 Apostolicam
1459 3355 1555 3417 vobis
1577 3355 1694 3417 sedem
1718 3355 1924 3426 mandamus,

408 3474 556 3539 [Manriquffi
569 3473 636 3525 Αῃῃ,
651 3473 817 3536 ΟἰςῑςηίθῃςἿ
833 3474 875 3528 Νο
889 3473 954 3540 lm]
1134 3456 1296 3531 quatenus
1317 3453 1357 3513 ad
1379 3454 1487 3514 lOCUm
1508 3451 1627 3528 ipsum,
1655 3451 1707 3512 vel
1730 3451 1876 3528 propius,
1897 3450 1927 3511 Si

289 3571 404 3630 Mandat
419 3573 461 3629 eis
481 3579 511 3628 ui
527 3587 592 3629 sese
605 3573 786 3644 interponant
802 3571 836 3628 ad
855 3571 1079 3644 compescendas
1134 3565 1270 3611 Πθθθῦἓθ
1285 3549 1395 3621 fuerit,
1417 3548 1457 3608 ad
1477 3549 1572 3624 regui
1597 3549 1786 3619 ⁰011fl11¹¹¹m2
1814 3563 1943 3624 PONO·-

319 3659 476 3717 discordias
491 3659 565 3716 inter
582 3673 684 3731 regem
701 3666 729 3715 et
748 3658 869 3717 natones
888 3659 1031 3716 nollemus
1044 3674 1079 3716 ex
1133 3647 1255 3708 naliter
1267 3647 1473 3716 accedentes,
1491 3647 1523 3705 et
1538 3643 1783 3706 commonentes
1805 3645 1929 3706 uictum

320 3763 375 3806 uua
389 3755 479 3820 parte,
501 3754 528 3804 et
551 3747 694 3805 Andrean
714 3749 891 3820 pragensem
913 3748 1077 3820 episcopum
1133 3759 1256 3820 regem,
1275 3743 1327 3804 cui
1347 3757 1447 3818 super
1465 3742 1528 3803 boc
1543 3740 1730 3813 scribimus,
1754 3743 1790 3802 ut
1804 3743 1836 3803 et
1852 3743 1924 3817 ipse

320 3851 355 3892 en
375 3838 472 3907 eliera,
486 3851 572 3909 super
586 3834 706 3895 decimis
726 3843 754 3894 et
768 3835 966 3909 jurisdictione
985 3836 1077 3893 ecclc·
1129 3843 1227 3918 juxta
1260 3839 1515 3916 promissionem
1550 3837 1710 3900 nobilium
1746 3839 1925 3908 dictorum,

236 3953 238 3961 ¹
320 3924 445 3982 similei-
1135 3953 1209 3999 cum
1228 3935 1354 4012 aliquot
1375 3936 1415 3996 de
1438 3933 1630 4008 baronibus,
1648 3951 1667 3996 a
1688 3937 1834 4008 caeteris,
1858 3936 1929 3996 tam

324 4035 405 4098 Post
422 4032 583 4098 diutinam
606 4049 743 4106 moram,
761 4047 859 4110 quam
876 4031 1077 4096 venerabilis
1132 4033 1324 4103 baronibus,
1339 4048 1436 4110 quam
1457 4031 1626 4093 nobilibus
1645 4033 1811 4094 Bobernlae
1827 4046 1927 4092 man·
2041 4086 2047 4092 .

283 4129 388 4194 frater
410 4131 590 4206 Pragansis
609 4131 783 4208 episcopus
807 4131 892 4208 apud
912 4129 1080 4207 Apostoli·
1133 4129 1470 4202 datum'babentibns,
1486 4128 1527 4190 ad
1550 4130 1658 4191 locum
1673 4130 1810 4192 accedat
1829 4145 1926 4190 euru-

283 4243 355 4289 cam
371 4227 487 4288 Sedem
501 4227 614 4298 traxit,
632 4243 691 4304 pro
712 4228 896 4304 quaestione
919 4227 1006 4288 inter
1026 4226 1080 4302 ip·
1133 4229 1223 4302 dem3
1258 4227 1476 4304 interponatis
1511 4226 1761 4304 prudentenet
1785 4225 1927 4288 sollicite

284 4341 356 4388 sum
368 4341 427 4401 pro
450 4325 543 4400 parm
559 4339 635 4396 una,
660 4326 692 4386 et
715 4325 878 4387 illustrem
900 4339 1029 4400 regem,
1045 4324 1079 4384 et
1133 4325 1244 4402 partes
1256 4325 1385 4385 vestras
1400 4324 1440 4385 ad
1454 4322 1699 4386 reformandam
1715 4324 1928 4384 concordiam

284 4421 428 4486 barones
441 4419 607 4484 Bobemiae
623 4435 666 4480 ex
680 4420 798 4490 altera,
816 4435 914 4496 super
928 4420 1076 4492 decimis,
1134 4422 1221 4484 inter
1235 4436 1309 4495 eos;
1331 4437 1415 4497 quae,
1444 4421 1472 4480 si
1499 4419 1607 4480 studio
1630 4421 1740 4482 restro
1762 4419 1943 4482 mediante

211 4569 214 4574 .
279 4517 513 4595 jurisdictione
528 4516 767 4587 ecclesiastica,
782 4517 1000 4579 ecclesiarum
1014 4517 1080 4578 im·
1133 4517 1337 4595 provenerit,
1371 4516 1486 4578 eadem
1521 4515 1711 4584 sufficienti,
1740 4517 1772 4576 et
1807 4517 1927 4577 idonea

284 4615 457 4686 munitate,
479 4629 518 4682 ac
532 4613 701 4674 nonnullis
716 4613 792 4674 aliis
814 4613 855 4674 ad
874 4613 1080 4676 ecclesiasti·
1134 4615 1438 4686 cautioneiirmata,
1450 4613 1928 4690 praelatasexcommunicatio·

199 4718 201 4725 '
284 4728 357 4773 cam
380 4710 621 4788 pertinentibus
641 4709 839 4781 libertatem,
853 4709 1000 4782 suborta,
1019 4726 1078 4788 pro
1133 4713 1197 4785 nis,
1214 4715 1247 4773 et
1260 4711 1427 4773 interdicti
1445 4711 1626 4772 sententias
1644 4711 1818 4784 relaxetis3
1842 4710 1929 4772 alio-

283 4825 348 4887 qua
367 4809 467 4870 etiam
482 4807 552 4884 ipse
567 4823 629 4870 rex
641 4809 674 4870 et
688 4805 830 4870 barones
850 4809 1080 4870 excommuni-

281 4905 421 4976 cationi,
452 4905 485 4966 et
510 4920 648 4980 regnum
674 4907 746 4981 ejus
773 4904 946 4982 subjacent
968 4906 1078 4976 inter-

283 5003 370 5066 dicto
386 5019 393 5061 :
411 5001 543 5066 modern
559 5002 829 5079 procuratoribus
853 5003 958 5079 ipsius
978 5003 1078 5079 regis,

283 5102 317 5162 et
329 5100 492 5164 baronum
509 5100 542 5161 in
557 5101 671 5162 nostra
687 5100 865 5176 praesentia
878 5099 1077 5172 constituite,

284 5201 424 5276 utraque
438 5213 515 5274 pars
530 5196 669 5259 arbitrio
685 5200 799 5261 nostro
814 5197 919 5258 libere
935 5212 970 5258 se
990 5211 1081 5258 corn-

283 5295 384 5368 misit,
406 5293 520 5356 babilo
540 5295 644 5370 igitur
664 5309 738 5356 cum
765 5294 924 5356 iratribus
944 5295 1078 5367 nostris,

285 5394 319 5454 et
346 5408 420 5456 cum
445 5391 527 5470 ipsis
553 5391 702 5469 partibus
727 5378 827 5468 lo'ngo
851 5391 891 5453 de
917 5391 1082 5468 composi-

1134 4811 1213 4887 quin
1228 4809 1418 4886 episcopum
1434 4807 1542 4885 ipsum
1556 4808 1597 4869 ad
1616 4825 1678 4870 nos
1692 4808 1820 4878 reduci,
1832 4808 1928 4885 juxta

1134 4908 1333 4983 promissum
1349 4904 1509 4966 nobilium
1521 4905 1765 4981 praedictorum,
1779 4906 1816 4965 in
1832 4905 1930 4966 Colo·

1135 5004 1224 5070 niam
1245 5003 1416 5074 iacientes,
1438 5003 1572 5066 easdem
1599 5003 1782 5066 sententias
1804 5003 1928 5078 praecl-

1135 5101 1236 5178 piatis
1256 5115 1362 5177 usque
1382 5100 1422 5162 ad
1447 5099 1708 5184 eadsiaciionem
1732 5099 1940 5176 condignam.

1134 5197 1376 5260 inviolabiliter
1388 5197 1573 5259 observari.

1176 5297 1295 5358 Datum
1320 5293 1478 5365 viterbii,
1505 5296 1581 5358 Vlli
1607 5293 1768 5356 kalendas
1800 5294 1929 5371 aprilis,

1136 5392 1346 5470 pontificatus
1363 5391 1468 5454 nostri
1480 5407 1568 5454 anuo
1583 5392 1712 5477 quomo.
