4248 6410
306 200 366 262 om

621 383 795 472 CLXVII

330 517 383 581 Ad
401 517 611 589 conradum,
628 519 859 580 Portnenscm
877 519 1084 593 episcopum,

575 619 615 676 Α.
626 615 661 676 S.
677 613 839 692 wantum.

520 735 658 799 [bouquet.
675 735 723 784 loc.
733 733 777 793 m't,
788 749 814 800 p.
826 734 895 798 cen]

313 840 457 902 Honorius
470 840 632 898 facultatem
644 840 740 898 tribuit
749 839 889 908 Conrado,
905 839 941 896 Α.
954 840 983 898 S.
995 839 1103 912 legato,

349 929 514 986 instituendi
528 927 657 986 ordinem
669 929 790 986 militum
802 928 861 999 qui,
875 926 911 986 ad
922 928 1011 984 instar
1022 929 1104 984 Tem·

349 1017 501 1090 plariorum
516 1025 615 1074 contra
639 1018 811 1074 Sarracenos
832 1016 1032 1088 pugnantium,
1054 1013 1102 1072 ad·

350 1119 449 1162 versus
463 1102 621 1176 perduelles
629 1103 798 1177 albigenses
812 1103 999 1160 decertarent.

356 1220 523 1282 Honorius
533 1220 720 1298 episcopus,
729 1219 1105 1287 serrasservorumbei,

316 1315 500 1379 venerabili
511 1317 605 1378 tratri
614 1319 648 1378 G.
661 1317 835 1380 Portueusi
845 1317 1011 1393 episcopo,
1022 1319 1061 1376 A.
1074 1319 1106 1377 S.

316 1413 438 1490 legato,
453 1414 605 1486 salutem,
622 1415 683 1476 etc.

357 1511 437 1571 Cum
463 1511 597 1588 quidam
622 1509 819 1572 Christianae
843 1509 920 1572 ndei
945 1509 1107 1570 zelatores

318 1605 469 1668 ordinem
480 1608 622 1670 militum
636 1608 764 1670 institui
774 1607 963 1669 desiderent
977 1605 1013 1667 in
1025 1620 1107 1682 pro-

317 1701 439 1775 vincIa,
456 1704 524 1781 qui,
544 1705 631 1766 sicut
653 1703 831 1780 Templarii
851 1705 967 1764 contra
990 1705 1109 1763 Sarra-

319 1814 418 1860 cenos
439 1801 587 1878 pugnant
606 1800 805 1877 inpartibus
825 1800 980 1872 Orientis,
1003 1800 1050 1860 ita
1074 1798 1109 1858 in

319 1895 468 1971 partibus
494 1897 563 1957 illis
585 1897 754 1959 decertent
776 1897 893 1958 oonua
916 1896 1109 1958 haereticam

319 1991 531 2068 pravitatem3
548 2009 619 2066 nus,
642 2009 757 2054 eurum
771 1991 931 2053 laudabili
945 1991 1110 2053 desiderio

319 2087 467 2149 favorem
481 2089 704 2166 apostolicum
725 2089 963 2166 impendentes,
982 2089 1109 2150 consti-

319 2184 435 2245 tuendi
453 2185 642 2262 hujusmodl
656 2186 816 2256 ordinem,
837 2185 1018 2248 secundum
1042 2185 1110 2246 ali-

320 2297 419 2358 quam
438 2281 479 2342 de
498 2282 716 2358 religionibus
740 2282 942 2359 approbatis,
971 2281 1110 2343 liberam

319 2373 379 2439 tihi
396 2379 605 2440 concedimus
620 2380 849 2441 auctoritatem
866 2379 1109 2456 proiacultat03

320 2474 399 2547 illis,
407 2477 505 2552 juxta
515 2492 640 2539 morem
650 2492 747 2554 quem
758 2477 919 2552 elegerint
930 2477 1044 2538 vivere
1056 2476 1113 2536 mi·

321 2572 397 2634 lites
410 2573 593 2642 memorati,
608 2574 798 2636 nullatenus
811 2589 870 2650 per
883 2573 1113 2648 hocjurisdio-

320 2670 444 2732 tionem
466 2670 630 2732 habituris
644 2671 680 2731 in
694 2671 795 2747 ipsus,
812 2670 876 2731 nisi
889 2669 973 2732 forte
996 2684 1032 2732 se
1044 2669 1112 2730 illis

321 2766 485 2843 subjicere
517 2766 685 2829 voluerint
716 2767 898 2843 spontanea
929 2766 1111 2829 voluntate.

322 2860 472 2942 (Cretera
485 2861 637 2941 meunt.)

323 3173 375 3236 Ad
388 3174 557 3234 meantem
571 3173 605 3234 ci
624 3174 810 3248 capitulum
830 3171 1112 3233 commoreretur.

581 3293 613 3351 ul
630 3291 759 3350 decemb.
777 3293 855 3350 ΜΟ.

358 3405 478 3473 [Munus.
491 3405 628 3471 Dlplomat.
641 3405 707 3470 Itelg.
724 3419 792 3456 nors
807 3403 932 3468 collectio,
944 3409 964 3456 t.
977 3403 1020 3464 IV,
1032 3402 1085 3470 ³8]

282 3592 285 3598 Ι
340 3511 522 3572 Confirmatio
534 3513 767 3570 constitutionum
779 3519 809 3570 et
818 3511 1033 3586 privilegiorum
1047 3525 1099 3584 pro

543 3599 663 3660 ecclesia
678 3599 898 3658 audomarensi.

364 3710 541 3782 Honorius,
564 3725 680 3771 servus
703 3723 874 3770 servorum
896 3707 967 3779 Dei,
987 3707 1117 3769 dilectis

325 3807 442 3870 tiliis...
472 3805 597 3870 decano
630 3805 663 3870 et
686 3805 832 3884 capitulo
863 3805 976 3868 Sancti
1003 3804 1118 3868 nudo-

325 3921 449 3968 marr...

364 4003 531 4064 Praeterea
554 3997 774 4080 privilegiaa
803 3998 910 4062 felicis
936 3999 1116 4072 memoriae,

325 4099 517 4162 Innocentio
533 4101 562 4160 11
581 4099 615 4160 et
627 4099 774 4160 Adriano
796 4097 954 4159 Romanis
974 4095 1117 4157 Pontifi-

325 4195 430 4267 cibus,
442 4194 741 4272 predecessoribus
762 4193 897 4265 nostris,
913 4194 947 4255 et
960 4191 1119 4270 praedicto

324 4293 514 4355 Alexandro
533 4291 626 4353 vobis
644 4305 812 4362 concessa,
830 4289 924 4351 firma
946 4291 979 4352 et
992 4288 1120 4350 illibata

326 4390 508 4450 consistere
538 4387 771 4458 decernentes,
805 4387 988 4449 districtius
1028 4385 1121 4447 inbi-

325 4487 452 4558 bemus,
465 4485 590 4562 nequis
605 4499 704 4560 super
718 4483 808 4545 villis
819 4481 859 4545 de
872 4485 996 4545 Esica...
1011 4483 1122 4545 Oden-

325 4583 444 4645 liieslxe
464 4584 496 4645 et
517 4580 763 4658 Annrlngehem
782 4597 856 4642 cum
876 4581 1028 4643 omnibus
1044 4595 1121 4657 per-

326 4679 475 4741 tinentiis
490 4675 680 4740 earumdem
697 4677 738 4738 ad
756 4679 813 4756 jus
833 4679 866 4740 et
885 4675 1121 4755 proprietatem

326 4778 472 4838 vestram
509 4773 744 4852 spectantibus,
770 4775 869 4853 prout
901 4773 1122 4834 instrumenta

325 4872 446 4936 exinde
461 4871 611 4935 conlecta
625 4873 800 4934 manifeste
815 4871 988 4942 testantur,
1001 4869 1041 4930 de
1052 4885 1122 4931 cae-

326 4973 399 5033 tero
410 4972 534 5033 temere
549 4986 607 5032 vos
620 4969 741 5032 audeat
753 4969 967 5030 molestare...
984 4967 1034 5028 Ne
1049 4966 1123 5044 quis

326 5069 363 5131 in
401 5067 507 5144 burgo
541 5068 654 5130 Sancti
689 5065 868 5128 audomari
903 5063 1123 5142 particulares

327 5165 459 5228 scholas
494 5179 611 5242 regere
642 5163 773 5235 audeat,
804 5160 870 5224 alsi
899 5159 940 5222 de
973 5159 1124 5236 magistri

325 5297 487 5357 executioni
520 5296 602 5353 datar
626 5293 716 5352 lutsse
742 5291 921 5350 arbitramur.
950 5290 1021 5348 Cum
1047 5290 1124 5346 enim

326 5370 472 5428 ilonorius
504 5368 532 5424 in
558 5365 624 5423 fidei
648 5365 764 5436 negotio
793 5361 931 5419 adversus
955 5359 1126 5442 albigenses

283 5436 286 5447 '
327 5439 504 5498 moderatius
524 5441 635 5509 ageret,
655 5434 723 5490 dum
745 5432 900 5491 acerbitate
921 5431 1025 5503 majori
1043 5445 1077 5488 ec
1097 5431 1126 5486 vi

327 5519 454 5570 uteretur
475 5506 632 5574 (inermus,
655 5503 816 5578 poutitlcom
832 5503 937 5576 legato,
951 5509 981 5559 ut
1000 5502 1081 5559 aliter
1095 5513 1126 5558 se

921 200 1097 260 llONORll
1118 200 1164 259 111
1187 197 1335 258 orient.

1894 195 1976 254 628

1156 355 1345 417 scholarum
1369 352 1516 432 eiusdem
1542 353 1693 416 eccleslm
1714 352 1850 415 licentia
1875 367 1975 430 spe-

1157 453 1248 514 ciali.

1197 548 1445 610 ordinationem
1477 561 1609 624 quoque
1631 561 1732 624 snper
1752 545 1967 624 quibusdam

1158 645 1288 717 ciliciis,
1330 645 1561 722 subpraepositi
1595 644 1761 714 videlicet,
1797 643 1969 720 magistri

1158 743 1358 813 scholarum,
1379 741 1462 810 coci,
1482 740 1623 808 cellarii,
1649 742 1683 802 et
1702 741 1838 817 pistoris
1863 741 1971 802 inter

1158 855 1218 900 ros
1232 839 1264 900 et
1283 838 1495 915 praepositum
1516 841 1664 898 vestrum
1678 837 1837 908 habitam,
1852 840 1971 914 prout

1159 935 1200 996 ad
1220 935 1395 997 utilitatem
1415 935 1520 1010 ipsius
1538 935 1690 996 ecclesiae
1711 934 1848 1011 provido
1866 934 1970 996 iacta

1159 1033 1219 1104 est,
1240 1035 1273 1093 et
1294 1032 1330 1092 in
1350 1031 1551 1092 authenticis
1570 1030 1703 1107 scriptis
1722 1031 1845 1092 exinde
1867 1046 1967 1092 con·-

1160 1129 1254 1190 iectis
1269 1128 1400 1206 plonius
1415 1127 1612 1199 continetur,
1634 1128 1833 1189 auctoritate
1847 1131 1970 1204 apos-

1160 1225 1261 1286 tolica
1299 1223 1544 1295 confirmamus,
1570 1224 1604 1284 et
1635 1222 1808 1299 presentis
1838 1223 1970 1298 scripti

1161 1319 1606 1397 patrociniocommunimus.
1615 1319 1664 1379 Ad
1675 1321 1834 1394 majorem
1843 1322 1968 1380 autem
2082 1303 2083 1322 ¹

1161 1417 1373 1488 evidentiam,
1389 1419 1539 1478 tenorem
1553 1415 1847 1477 instrumentorum
1861 1415 1969 1492 ipso-

1162 1530 1235 1574 rum
1258 1513 1298 1575 de
1321 1513 1422 1574 verbo
1446 1511 1639 1574 adverbum
1658 1511 1872 1574 huicnoslrae
1892 1527 1968 1589 pa-

1163 1610 1250 1686 ginae
1265 1609 1419 1670 duximus
1434 1609 1682 1670 inserendum...
1821 1601 1825 1608 '

1202 1723 1221 1766 ι
1245 1707 1431 1778 Gualterus,
1456 1707 1516 1767 Dei
1539 1706 1648 1782 gratia
1669 1704 1819 1768 ecclesie
1843 1704 1967 1766 Sancti

1163 1803 1343 1865 Andomari
1362 1803 1569 1880 praepositus,
1588 1802 1740 1865 omnibus
1760 1805 1966 1878 praesentem
2082 1873 2083 1882 ἵ

1164 1901 1319 1976 paginam
1345 1899 1557 1977 inspecturis,
1576 1899 1612 1960 in
1636 1899 1786 1970 Domino,
1803 1897 1964 1958 salutem.

1165 1997 1383 2060 Universitati
1404 1997 1523 2058 nestrae
1538 1997 1652 2058 notum
1671 1995 1770 2062 facio.
1790 1994 1876 2072 quod
1897 2010 1964 2055 or·
2082 1995 2083 2012 ¹

1165 2094 1369 2156 dicationem
1392 2093 1480 2154 inter
1502 2109 1554 2154 me
1576 2109 1619 2154 ex
1641 2109 1708 2154 una
1727 2093 1832 2168 parte,
1857 2091 1965 2152 deca-
2082 2157 2083 2172 χ

1165 2207 1245 2252 num
1259 2191 1293 2252 et
1305 2190 1485 2266 capitulum
1499 2191 1612 2252 Sancti
1626 2188 1806 2251 audomari
1820 2187 1960 2260 exalia,

1166 2287 1407 2350 communicato
1431 2301 1605 2358 consensu,
1631 2287 1696 2348 tlde
1721 2285 1876 2362 utrInqne
1905 2285 1965 2344 in·
2082 2335 2083 2354 ,

1165 2385 1343 2462 terposita,
1360 2383 1400 2445 de
1419 2385 1567 2462 quinque
1581 2383 1700 2444 ciliciis
1715 2381 1847 2454 iactam,
1863 2381 1964 2442 vide-
2082 2367 2083 2440 Ῠ

1165 2481 1244 2545 licet
1274 2481 1574 2558 subpraepositum,
1599 2479 1792 2556 magisterio
1822 2477 1963 2540 schola·
2082 2465 2083 2468 ’

1166 2595 1253 2652 rum,
1275 2578 1425 2656 pistoria,
1440 2577 1615 2638 celleraria
1634 2577 1667 2638 et
1686 2575 1837 2648 cbocbia,
1860 2589 1966 2651 super

1167 2691 1233 2754 qua
1253 2675 1461 2737 ordinatione
1473 2675 1686 2752 jurisperitos
1702 2672 1853 2734 Parisios
1873 2671 1965 2733 resi·

1167 2773 1283 2834 dentes
1298 2772 1452 2832 duximus
1467 2769 1697 2841 consulendos,
1712 2770 1799 2830 sicut
1809 2769 1873 2844 ipsi
1886 2783 1964 2828 eam
2082 2825 2083 2858 3

1168 2869 1446 2946 approbaverunt,
1467 2865 1515 2930 ita
1536 2867 1570 2928 et
1593 2881 1657 2928 nos
1680 2865 1832 2927 eamdem
1853 2865 1963 2926 ratam
2082 2919 2083 2924 ,

1169 2967 1329 3028 babemus
1344 2967 1377 3028 et
1390 2966 1530 3041 gratam.

1209 3065 1293 3126 «Est
1301 3063 1413 3124 aulem
1421 3062 1526 3123 torma
1538 3058 1757 3122 ordinationis
1769 3058 1957 3130 illiustalis‚

1170 3159 1255 3236 quod
1268 3159 1419 3236 pistoria,
1433 3157 1608 3219 celleraria
1620 3157 1653 3218 ot
1664 3155 1805 3218 cbocbic
1817 3155 1859 3216 ad
1874 3169 1960 3216 oom-
2082 3205 2083 3214 .

1170 3253 1682 3317 munesususecclesiaenostree
1697 3251 1960 3314 cedantadser-

1170 3353 1287 3414 vitium
1297 3350 1673 3429 ejusaugmentandum,
1683 3348 1863 3410 secundum
1877 3347 1960 3425 quod

1171 3448 1330 3511 decedent
1349 3447 1399 3509 illi
1422 3448 1575 3524 quisunt
1596 3446 1632 3506 in
1653 3445 1821 3523 predictis
1845 3443 1961 3505 ciliciis

1172 3545 1357 3620 constituti;
1376 3559 1450 3606 curn
1467 3544 1594 3604 nullum
1605 3545 1675 3620 jam
1694 3541 1874 3604 exerceant
1896 3539 1964 3601 offi-
2082 3607 2083 3628 χ

1171 3641 1271 3713 cium,
1288 3641 1401 3702 necin
1419 3641 1531 3717 aliquo
1546 3639 1696 3701 ecclesiae
1714 3639 1838 3700 nostrae
1849 3637 1963 3698 desor-

1171 3739 1274 3810 nient,
1291 3737 1422 3799 eumad
1441 3737 1504 3798 lroc
1517 3739 1629 3800 tamen
1641 3735 1720 3797 olim
1735 3735 1857 3796 tuerint
1869 3734 1963 3796 insti·
2082 3727 2083 3764 ³

1171 3835 1234 3897 tuti
1251 3836 1288 3897 ut
1304 3835 1340 3896 in
1359 3835 1428 3895 suis
1443 3833 1562 3911 piliolis
1577 3833 1800 3906 deservirent;
1815 3831 1900 3908 quod
1915 3834 1962 3891 est
2082 3833 2083 3848 ³

1169 3935 1240 4010 jam
1253 3933 1289 4002 in
1301 3931 1460 4009 predicta
1474 3929 1615 4002 ecclesia
1631 3929 1765 4005 propter
1779 3928 1884 4003 ipsius
1898 3926 1962 3986 un.

1173 4029 1300 4092 litatem
1315 4029 1448 4106 penitus
1462 4027 1656 4088 dissuetum.
1673 4026 1834 4097 ebatum,
1851 4025 1912 4086 etc.

1491 4175 1644 4263 CLXIX

1175 4306 1226 4366 Ad
1244 4301 1397 4364 abbatem
1416 4303 1457 4361 dc
1476 4303 1637 4396 Cumae
1652 4297 1858 4372 praepositos
1875 4295 1963 4358 Sirt-

1321 4399 1520 4474 ponienscm
1538 4395 1572 4458 ct
1586 4397 1823 4458 eremeticam.

1452 4499 1595 4572 tiaran.
1612 4498 1692 4556 tarr.

1330 4596 1453 4661 [Nonum
1467 4595 1548 4658 liung.
1563 4593 1694 4652 bisterton,
1706 4591 1747 4650 ill,
1764 4590 1816 4656 ln]

1176 4694 1293 4756 llundat
1310 4701 1339 4753 ut
1353 4692 1390 4750 ad
1410 4693 1563 4752 terminum
1580 4690 1706 4748 debitum
1725 4689 1882 4762 perducant
1899 4701 1962 4744 cau·

1212 4798 1274 4842 sam
1299 4788 1458 4840 verentem
1486 4781 1561 4838 inter
1591 4778 1778 4836 abbatemet
1799 4781 1963 4838 conventum

1213 4871 1308 4930 &uati
1318 4869 1431 4928 Martini
1441 4867 1476 4926 do
1487 4867 1633 4926 Pannonia
1646 4881 1681 4923 ex
1691 4873 1847 4938 partsuna,
1858 4862 1961 4936 etepia·

1213 4974 1316 5032 oopum
1327 4957 1538 5028 canonicosque
1546 4954 1753 5028 Zagrabienses
1764 4967 1799 5010 ex
1812 4952 1911 5022 altera,
1919 4965 1966 5008 sut·

1213 5062 1263 5120 per
1273 5044 1412 5119 quasdam
1424 5043 1564 5102 decimas.

1217 5155 1385 5218 Honorius
1395 5153 1581 5230 episcopus,
1593 5163 1710 5213 servus
1719 5163 1890 5210 servornm
1900 5146 1965 5216 bei,

1200 5293 1301 5352 areret,
1317 5285 1453 5353 suasisse,
1470 5281 1568 5340 lrabita
1591 5281 1718 5339 locorum
1731 5285 1760 5336 et
1773 5278 1910 5350 temporis
1922 5289 1962 5332 ra-

1179 5367 1266 5427 tione,
1275 5357 1504 5428 intelligimusex
1513 5353 1629 5412 lionorii
1642 5351 1752 5420 litteris,
1764 5347 1969 5422 ilseptembrir

1180 5429 1265 5501 liuius
1279 5428 1358 5496 anni,
1374 5427 1428 5484 col.
1442 5425 1505 5482 538.
1893 5427 1895 5434 ·
