4280 6404
297 347 357 408 315
908 331 1083 394 HONORII
1106 331 1149 390 111
1171 330 1320 391 orent.
1886 331 1947 392 sle

298 507 375 570 dum
390 503 539 566 ordinem
555 497 719 562 laborare.
745 495 780 556 si
800 493 875 570 quis
890 489 1094 568 temporibus
1149 489 1240 550 sacto
1254 487 1392 548 dimidie
1405 502 1505 560 anne,
1519 486 1682 564 dealiqua
1698 490 1790 548 certa
1803 503 1947 564 persona

299 604 379 674 illis,
396 599 546 666 etheris,
562 596 713 674 quibusa
730 592 843 653 labere
863 587 1045 650 cessaverit
1058 587 1093 647 in
1148 601 1208 662 pre
1235 584 1349 661 aliqua
1371 585 1516 645 evidenti
1543 585 1697 656 utilitate,
1714 585 1823 646 usum
1847 583 1948 647 fuerit

300 699 395 770 lecis,
409 699 444 758 in
460 695 578 774 quibus
592 691 681 769 loqui
697 690 785 760 licet,
803 686 936 758 fabulis,
950 685 1093 762 puerili·
1149 683 1252 758 priori
1268 684 1301 743 et
1314 681 1460 758 capitulo
1475 681 1748 757 dispensandum.

300 796 436 866 talibus,
456 793 509 854 vel
527 791 643 852 otiosis
654 784 863 848 sermonibus
877 797 998 845 vacare
1013 797 1095 858 prae·
1189 779 1307 839 Nullus
1321 779 1432 840 tamen
1445 779 1537 855 prius
1551 779 1732 855 recipiatur
1742 795 1853 856 quam,
1866 793 1947 855 per-

299 891 487 969 sumpserit,
515 887 627 951 taliter
651 884 829 961 puniatur3
854 883 889 944 ut
913 881 1028 942 caeteri
1050 879 1095 940 ti·
1149 876 1234 937 lecta
1245 877 1275 936 ei
1286 877 1414 952 regula,
1427 877 1654 951 interrogetur
1664 875 1845 937 secundum
1856 875 1949 937 ordi-

300 1005 424 1054 morem
440 981 594 1055 babeant,
612 984 644 1046 et
659 983 730 1059 lpse
744 979 924 1042 salubriter
938 976 1096 1038 emende-
1151 989 1225 1034 nem
1248 973 1484 1050 supradictum.
1508 974 1543 1034 Si
1570 987 1635 1050 qua
1663 974 1773 1034 tamen
1802 989 1946 1050 persona

300 1091 366 1150 tur.
393 1083 584 1160 iincipimus
609 1081 719 1141 autem
743 1077 784 1138 ab
804 1077 867 1138 hae
886 1075 959 1150 lege
972 1073 1095 1134 laboris
1150 1071 1259 1131 minus
1273 1086 1402 1142 secura,
1419 1071 1452 1131 et
1466 1069 1586 1132 idonea
1600 1069 1742 1145 collegio
1763 1070 1944 1142 videretur,

301 1180 483 1244 seeundum
503 1177 678 1256 judicium,
701 1177 734 1235 et
755 1172 959 1235 veluntatem
975 1169 1096 1246 prioris
1151 1169 1184 1229 et
1205 1167 1366 1243 completo
1391 1183 1479 1228 anne
1501 1165 1707 1243 probationis
1729 1167 1834 1243 ipsius
1857 1169 1949 1243 prior

301 1279 389 1346 illes,
400 1277 458 1355 qui
474 1291 534 1352 pro
558 1273 702 1335 utilitate
720 1268 907 1346 temporali,
927 1267 979 1329 vel
996 1266 1098 1342 spiri·
1152 1280 1227 1325 eum
1242 1263 1481 1325 deliberatione
1495 1263 1631 1339 capituli
1647 1267 1719 1340 ejus
1737 1262 1948 1324 emendatio-

301 1376 401 1447 mali,
427 1373 482 1436 vel
511 1371 578 1434 alia
602 1371 695 1447 Justa
722 1366 921 1428 necessitate
949 1362 1096 1440 impediti
1152 1377 1227 1422 nem
1254 1361 1514 1422 misericorditer
1541 1360 1649 1422 adhue
1677 1363 1854 1438 expectare
1885 1377 1949 1422 ve-

300 1470 513 1550 nequiverint
527 1468 701 1530 interesse.
720 1463 912 1540 Excipimus
925 1463 1026 1522 etiam
1040 1463 1097 1522 te·
1153 1459 1267 1530 luerit,
1301 1458 1436 1518 minime
1475 1457 1700 1534 probibemus.
1744 1461 1815 1518 Hoc
1849 1459 1951 1520 etiam

301 1565 595 1635 tumoenrentum,
619 1564 647 1624 si
670 1560 856 1636 legitimum
878 1557 1099 1634 impedimen·
1153 1556 1193 1617 de
1217 1569 1359 1632 persona
1386 1555 1505 1615 idonea
1532 1554 1606 1614 fleri
1632 1555 1855 1627 concedimur,
1882 1571 1949 1616 nen

304 1668 372 1730 tum
386 1664 528 1734 adesset,
550 1659 604 1722 vel
618 1660 647 1720 si
659 1658 789 1720 deesset
800 1669 948 1732 congrua
958 1653 1098 1716 materia
1154 1654 1264 1714 tamen
1283 1651 1325 1712 ad
1349 1652 1455 1728 ipsius
1479 1651 1693 1724 veluntatem,
1719 1653 1787 1713 nisi
1814 1651 1951 1714 evidens

305 1757 474 1840 operandi,
1153 1749 1345 1820 necessitas,
1375 1752 1409 1810 et
1431 1749 1558 1810 utilitas
1586 1763 1767 1825 exposcere
1783 1749 1948 1811 videatur.

344 1858 464 1922 Nullus
477 1852 722 1924 usurarius,vel
734 1851 906 1928 suspectus
915 1847 954 1910 de
965 1847 1098 1918 haeresi,
1158 1847 1274 1908 Nullus
1300 1847 1468 1908 masculus
1498 1846 1585 1906 infra
1622 1847 1752 1907 sextum
1782 1847 1950 1908 decimum

304 1957 357 2020 vel
385 1954 536 2016 detenter
564 1951 750 2012 alienarum
782 1963 893 2009 rerum
919 1946 1101 2022 recipiatur
1154 1959 1291 2013 annum,
1308 1943 1359 2004 vel
1374 1941 1497 2004 femina
1512 1941 1602 2002 intra
1617 1943 1947 2020 quartumdecimum

305 2052 348 2114 nd
364 2047 653 2127 probationemvel
666 2043 915 2122 professionem,
930 2055 990 2102 nec
1000 2041 1100 2102 etiam
1155 2040 1196 2102 ad
1234 2039 1462 2117 probationem
1501 2040 1712 2117 aliquatenus
1746 2043 1947 2111 assumatur,

306 2149 347 2210 ed
363 2145 583 2223 sepulturam,
622 2141 687 2203 nisi
714 2156 860 2216 congrue
899 2135 1101 2199 satisfecerit
1155 2137 1221 2198 uisi
1248 2136 1342 2213 prius
1369 2136 1560 2213 specialiter
1585 2137 1625 2197 de
1651 2137 1787 2198 lieentia
1811 2137 1952 2198 duorum

302 2245 400 2322 juxta
414 2255 521 2320 pesse,
535 2239 588 2302 vel
604 2240 735 2316 plenam
755 2236 967 2299 securitatem
996 2235 1100 2295 satis-
1157 2234 1304 2311 priorum
1317 2234 1423 2294 nestri
1449 2233 1577 2294 ordinis
1604 2233 1704 2295 fuerit
1727 2234 1792 2295 hec
1811 2249 1951 2296 concas-

306 2339 450 2406 faeiendi
472 2337 661 2400 exhibuerit
682 2334 773 2396 omni
793 2333 999 2394 dubitatione
1025 2347 1100 2392 ces-
1156 2347 1240 2392 sum.
1254 2331 1426 2398 vassalos,
1440 2330 1493 2391 vel
1516 2330 1706 2402 advocatos,
1730 2333 1789 2393 aut
1811 2331 1951 2393 vicedo-

307 2439 412 2502 sante.
430 2439 499 2500 Hoe
518 2436 628 2496 autem
657 2433 698 2494 de
723 2432 791 2493 illis
816 2430 1033 2506 intelligetur,
1061 2427 1101 2490 de
1156 2428 1274 2500 mines,
1304 2428 1357 2489 vel
1385 2428 1541 2503 patrones
1577 2439 1648 2514 ¹non
1679 2427 1835 2500 babeant,
1872 2430 1951 2506 quia

309 2535 428 2612 quibus
441 2535 481 2595 ad
495 2531 646 2593 notitiam
661 2529 800 2590 fratrum
817 2526 1016 2604 pervenerit,
1034 2524 1103 2586 sel·
1156 2525 1290 2602 plurimi
1320 2525 1484 2586 violenter
1506 2523 1593 2586 bena
1613 2525 1834 2586 ecclesarium
1865 2525 1952 2586 diri-

308 2631 402 2693 licita
417 2632 509 2707 prius
526 2626 711 2702 diligentia,
728 2626 761 2686 et
782 2623 996 2700 inquisitione
1012 2637 1101 2697 prse-
1157 2623 1264 2700 piunt,
1276 2623 1309 2684 et
1317 2621 1498 2683 moliuntur
1509 2636 1583 2682 eum
1590 2623 1769 2699 tyrannide
1778 2637 1952 2699 usurpare.

306 2730 420 2794 missa.
438 2728 554 2790 Frater
566 2726 623 2786 aut
637 2737 733 2783 seror
749 2721 883 2783 noviter
897 2719 938 2780 ad
960 2718 1101 2793 religio·-
1158 2721 1256 2780 Prler
1266 2720 1320 2781 rel
1330 2719 1497 2790 sacerdes,
1512 2721 1566 2780 eui
1577 2719 1744 2782 licentiam
1762 2719 1834 2796 ipse
1849 2733 1956 2796 praes·

311 2841 387 2890 nem
403 2823 540 2886 veniens
553 2822 597 2882 sit
611 2823 753 2896 quatuor
769 2819 826 2879 aut
853 2816 958 2877 tribus
987 2815 1103 2876 diebus
1156 2816 1272 2888 titerit,
1303 2817 1419 2908 audiat
1455 2816 1682 2878 confessiones
1721 2833 1874 2878 sororum
1912 2815 1954 2876 ad

309 2927 346 2986 ut
357 2924 490 2998 hospes,
501 2919 536 2982 et
549 2916 734 2994 exponatur
748 2915 780 2976 ei
795 2913 938 2990 qualitas
958 2927 1102 2974 cenver-
1158 2913 1338 2975 fenestram
1355 2913 1509 2986 ferream,
1525 2915 1560 2975 et
1579 2929 1646 2975 nen
1671 2913 1751 2975 alibi
1777 2914 1844 2974 nisi
1867 2912 1956 2976 esset

308 3019 467 3090 satienls;
499 3013 720 3092 praedicentur
752 3011 783 3071 ei
819 3011 918 3072 etiam
947 3008 1042 3079 dura,
1072 3009 1105 3069 et
1158 3025 1305 3086 praesens
1331 3012 1513 3072 cenventus
1529 3025 1691 3082 sororum,
1706 3011 1759 3074 sel
1779 3011 1843 3072 nisi
1859 3025 1956 3072 seror

310 3123 441 3193 aspere,
454 3127 514 3190 per
524 3127 599 3188 quae
614 3110 682 3172 itur
696 3108 737 3169 ad
751 3110 872 3182 Deum;
888 3108 921 3167 et
936 3105 965 3165 si
981 3105 1105 3166 dixerit
1159 3107 1320 3168 confitens
1336 3107 1521 3182 aegretaret.
1541 3107 1576 3168 Si
1591 3107 1684 3184 prior
1704 3107 1758 3170 vel
1777 3109 1955 3185 praedictus

310 3229 347 3276 se
361 3213 448 3274 velle
462 3211 551 3271 stare
562 3207 697 3276 ibidem,
709 3206 850 3266 ducatur
862 3203 897 3265 in
910 3203 1102 3279 capitulum,
1159 3204 1314 3266 sacerdes
1340 3219 1399 3280 pre
1427 3204 1574 3280 qualibet
1598 3205 1740 3266 utilitate
1773 3205 1826 3266 vel
1856 3221 1955 3266 ocea-

310 3311 346 3371 ut
358 3307 571 3384 suscipiatur,
584 3303 716 3366 veniam
733 3302 858 3378 petens,
870 3300 1106 3362 etmiserieer-
1160 3303 1255 3363 siene
1267 3301 1398 3363 debebit
1410 3303 1539 3376 ingredi
1555 3303 1683 3378 portam
1702 3317 1865 3383 sererurp,
1889 3304 1956 3364 sint

308 3407 397 3468 diam
412 3403 594 3482 postulans.
613 3403 758 3476 surgens
771 3401 893 3471 eutem,
909 3397 988 3458 siad
1000 3398 1105 3458 inter-
1160 3399 1202 3460 ad
1219 3399 1329 3459 minus
1344 3401 1413 3459 tres
1426 3413 1558 3460 sereres
1573 3399 1667 3460 bonae
1682 3399 1861 3476 opinionis,
1880 3415 1955 3476 quae

310 3503 516 3579 rogationem
530 3499 650 3576 prieris
666 3496 789 3558 dixerit
803 3512 839 3556 se
857 3496 943 3556 velle
965 3494 1105 3571 probare
1159 3512 1234 3557 eum
1256 3496 1507 3572 ingredientem,
1531 3497 1684 3567 stantem,
1701 3497 1735 3557 et
1762 3499 1953 3568 exeuntem,

311 3600 473 3669 ordinem,
489 3598 522 3658 et
534 3610 639 3672 usque
653 3594 693 3656 ad
710 3593 809 3654 finem
824 3593 901 3654 vitae
922 3607 991 3652 suae
1016 3593 1105 3654 stare
1160 3608 1290 3670 semper
1307 3594 1340 3654 et
1355 3593 1475 3670 ubique
1496 3593 1610 3654 videre
1631 3593 1767 3669 possint,
1785 3594 1850 3654 nisi
1872 3593 1957 3655 ferte

311 3697 445 3766 ibidem,
458 3692 640 3769 recipiatur
654 3691 689 3751 in
705 3689 973 3766 congregatione,
988 3689 1022 3750 et
1032 3704 1106 3765 pro-
1160 3691 1192 3752 et
1210 3691 1269 3752 alii
1282 3691 1447 3751 intrarent
1467 3689 1508 3751 de
1523 3689 1658 3752 lieentia
1671 3691 1793 3766 pneris
1808 3707 1867 3768 pre
1884 3691 1954 3751 ali-

312 3794 408 3856 betur
421 3792 458 3852 in
472 3788 562 3852 omni
577 3787 749 3866 patientia,
766 3788 799 3848 et
820 3785 983 3847 doctrina.
1008 3787 1106 3846 Gem—
1161 3803 1225 3865 quo
1239 3789 1429 3849 necessarie
1445 3787 1570 3856 labore,
1589 3787 1642 3849 vel
1666 3801 1765 3864 opere
1792 3789 1954 3860 faciende,

312 3890 400 3968 plete
414 3889 523 3950 autem
536 3901 624 3946 anne
635 3883 841 3962 probationis
856 3882 958 3954 illius,
971 3882 1000 3942 si
1018 3882 1106 3942 velle
1160 3885 1211 3946 vel
1235 3885 1301 3946 nlsi
1322 3884 1502 3952 latronum,
1530 3885 1589 3946 aut
1617 3884 1762 3946 incendii
1785 3885 1956 3947 videretur

313 3989 403 4050 stare
418 3985 550 4055 dixerit,
566 3982 720 4058 legantur
740 3981 772 4042 ei
797 3979 942 4058 capitula
967 3979 1104 4055 regulae,
1160 3981 1344 4059 pericnlum
1362 3981 1548 4052 imminere,
1565 3981 1619 4042 vel
1634 3981 1702 4041 nisi
1728 3981 1827 4043 etiam
1852 3981 1973 4058 prior,·

312 4099 386 4162 qum
410 4093 545 4144 servare
566 4078 673 4140 debet
697 4077 824 4151 Quibus
840 4076 995 4153 perlectis
1008 4076 1105 4136 diea-
1160 4080 1213 4140 nel
1228 4078 1419 4154 hujusmodi
1429 4079 1584 4139 sacerdes
1596 4079 1739 4140 intraret
1757 4079 1956 4140 locutorium

311 4187 366 4246 tur
380 4180 412 4242 ei
429 4201 436 4240 ε
453 4181 571 4238 «Eece
595 4175 725 4252 regula,
748 4189 848 4251 quam
869 4175 984 4234 tenere
1006 4172 1107 4234 debe·
1161 4191 1236 4237 eum
1251 4175 1363 4252 aliqua
1378 4191 1530 4252 persona,
1548 4191 1622 4253 quae
1641 4175 1742 4237 vellet
1755 4177 1901 4252 aliquam
1916 4177 1958 4238 de

255 4333 260 4342 .
311 4281 371 4352 tis,
387 4279 418 4338 si
433 4276 483 4337 vis
506 4289 580 4336 eam
599 4287 747 4342 serrare,
771 4271 964 4347 ingredere3
982 4270 1011 4330 si
1039 4285 1106 4330 nen
1162 4272 1332 4334 sororibus
1344 4272 1493 4334 visitare.
1511 4273 1558 4344 Si,
1575 4273 1661 4350 qued
1679 4271 1775 4344 absit,
1787 4273 1892 4334 frater
1905 4273 1958 4334 vel

312 4377 375 4446 vis,
389 4373 473 4434 liber
488 4370 655 4432 diseede».
668 4371 772 4438 Quam
783 4369 812 4427 si
824 4383 861 4428 se
875 4367 961 4428 velle
971 4380 1107 4428 servare
1162 4383 1256 4430 seror
1267 4370 1303 4429 in
1315 4368 1527 4430 manifestum
1540 4369 1651 4430 earnis
1666 4369 1856 4444 contagium
1879 4370 1957 4446 lap-

313 4470 447 4536 dixerit‚
467 4466 579 4528 veniat
606 4467 642 4526 in
667 4463 823 4540 capitulo,
846 4465 880 4524 et
904 4463 990 4523 sicut
1015 4462 1107 4540 prius
1162 4479 1219 4526 sus
1233 4465 1474 4540 fuerit3etiam,
1487 4465 1573 4542 qued
1586 4468 1673 4527 Deus
1685 4466 1825 4538 avertat,
1838 4467 1867 4526 si
1882 4467 1958 4543 quis

313 4563 577 4629 misericordiam
606 4560 759 4638 postulet,
795 4561 828 4620 et
864 4573 975 4619 ceram
1008 4558 1106 4620 altari
1162 4563 1254 4638 prior
1275 4561 1425 4634 fueritne
1450 4563 1548 4624 deme
1573 4562 1647 4625 sine
1675 4577 1733 4639 spe
1754 4563 1958 4624 reversionis

313 4663 415 4726 faciat
442 4659 682 4738 professionem
711 4657 746 4718 in
784 4655 937 4717 manibus
972 4656 1106 4733 prieris,
1163 4658 1440 4720 sententialitera
1466 4661 1631 4720 conventu
1646 4660 1870 4731 removeatur,
1897 4675 1959 4722 nee

314 4759 509 4839 premittens
531 4747 756 4826 stabilitatem,
781 4755 815 4814 et
844 4753 1041 4828 castitatem,
1076 4756 1110 4816 et
1162 4755 1294 4816 ultraei
1316 4754 1499 4826 obediatur,
1525 4771 1586 4818 nee
1610 4755 1652 4816 ab
1678 4757 1790 4833 alique
1817 4771 1890 4816 eum
1918 4771 1958 4818 eo

313 4859 426 4920 vivere
440 4855 513 4916 sine
527 4853 673 4930 proprie,
689 4852 722 4913 et
743 4850 964 4914 obedientiam
988 4867 1109 4913 seeun-
1163 4851 1397 4928 participetur,
1438 4850 1542 4912 denec
1578 4853 1738 4914 manserit
1771 4851 1807 4912 in
1842 4851 1958 4913 eadem

314 4956 391 5018 dum
404 4955 517 5023 Deum,
532 4952 566 5012 et
579 4950 729 5024 regulam
742 4949 858 5025 priori,
875 4949 932 5025 qui
947 4963 1006 5025 pre
1019 4955 1107 5010 tem·
1163 4949 1271 5010 dome.
1286 4947 1387 5009 Nulla
1402 4945 1535 5008 faemine
1550 4964 1739 5025 praegnans,
1755 4949 1808 5010 vel
1820 4949 1863 5010 de
1877 4965 1959 5010 cen-

184 5084 187 5094 ·
315 5067 394 5131 pere
424 5048 535 5119 fuerit,
559 5047 701 5108 fideliter
736 5045 947 5108 servandum.
985 5048 1108 5106 Verum
1164 5047 1261 5121 eeptu
1284 5045 1437 5120 suspecta
1462 5060 1614 5105 sororum
1636 5046 1777 5122 collegio
1799 5047 1957 5118 societur,

313 5152 425 5214 tamen
441 5145 558 5222 siquis
581 5143 681 5204 babet
701 5158 755 5204 res
778 5141 988 5218 temporales,
1015 5142 1109 5218 prius
1164 5145 1197 5204 et
1208 5142 1240 5202 si
1254 5141 1380 5202 sociata
1395 5139 1508 5208 fuerit,
1524 5141 1730 5203 excludatur.
1748 5141 1869 5202 Nullus
1884 5141 1958 5206 fra-

314 5249 354 5310 de
366 5246 434 5307 illis
446 5241 595 5313 testetur,
612 5240 665 5302 vel
681 5239 811 5302 ordinet
833 5239 919 5316 quod
944 5238 1008 5300 sibi
1030 5239 1108 5314 pla·
1163 5241 1262 5309 trum,
1290 5238 1344 5298 vel
1373 5251 1524 5298 sororum
1558 5237 1676 5299 deceat
1701 5239 1847 5314 aliquam
1882 5255 1961 5316 per-

314 5343 430 5414 cuerit,
445 5353 543 5417 quam
565 5337 804 5414 professionem
829 5336 966 5397 emittat.
989 5336 1109 5396 Nullus
1164 5350 1280 5396 sonam
1305 5335 1340 5394 in
1366 5334 1514 5411 qualibet
1537 5337 1609 5397 arte
1634 5335 1688 5394 vel
1716 5335 1870 5408 antitiste,
1900 5350 1960 5396 seu

314 5445 423 5505 autem
438 5437 479 5498 ad
496 5434 736 5514 professionem
751 5432 933 5508 recipiatur
950 5433 1015 5493 nisi
1036 5433 1110 5494 fue·
1165 5433 1265 5494 etiarn
1295 5432 1330 5492 in
1358 5432 1510 5504 seientia,
1534 5431 1600 5492 nisi
1623 5431 1667 5492 sit
1690 5445 1833 5508 persona
1861 5449 1959 5510 quarn

313 5541 358 5601 rit
384 5536 476 5613 prius
496 5547 605 5594 annus
629 5529 835 5608 probationis
857 5529 1024 5606 impletus,
1050 5533 1110 5592 aut
1165 5529 1283 5590 dooere
1302 5528 1409 5599 debet,
1437 5529 1490 5590 vel
1519 5529 1584 5588 nisi
1606 5528 1650 5590 sit
1672 5527 1713 5588 de
1733 5529 1874 5606 eellegie
1900 5543 1960 5591 seu

313 5631 401 5693 esset
427 5627 609 5690 canonieus
638 5622 893 5698 regularique
922 5623 988 5684 nisi
1014 5625 1109 5685 tran·
1165 5626 1281 5686 ordine
1292 5627 1418 5688 nostre.
1430 5623 1748 5697 Diebusdominieis,
1759 5629 1792 5687 et
1802 5628 1960 5701 congruis
